3346 5498
617 382 688 444 ΑΗΒ
716 383 941 443 tue—tvl
1360 381 1423 446 463

161 507 182 546 p.
196 493 254 532 area.
268 492 293 533 oe
307 491 331 531 r.
1243 504 1263 544 p.
1279 493 1322 532 rra.
1336 493 1361 531 ro
1374 490 1397 531 r„

136 576 165 633 in
200 575 229 632 io
268 572 397 641 desinat,
437 581 499 632 turn
538 570 809 631 considerabimus:
858 577 887 630 et
924 571 1071 649 siquidem
1109 590 1214 631 nomen
1246 574 1274 631 ei
1306 574 1422 650 apposi-

138 681 199 735 tum
223 673 331 734 habeat
353 674 428 733 ultra
452 673 525 732 duas
547 673 674 751 syllabas
697 679 727 732 et
748 673 958 751 paenultimam
982 675 1013 733 in
1036 675 1046 733 i
1070 674 1255 733 desinentem
1280 681 1421 752 sequente

134 777 241 845 vocali,
269 776 432 836 secundum
455 775 537 835 datas
560 777 590 834 in
614 783 681 835 ante
705 775 793 840 dictis
815 774 1037 835 observationes
1058 777 1172 853 primae
1202 777 1260 834 erit
1282 777 1421 851 coniuga-

134 881 240 947 tionis;
272 879 327 939 lroc
355 885 452 937 autem
475 896 534 937 non
557 885 716 938 consecuto
738 875 860 937 verbum
884 879 915 936 in
938 878 967 935 io
989 876 1128 936 desinens
1156 896 1172 936 a
1201 878 1319 937 nomine
1343 877 1421 937 deri-

108 988 248 1049 svatum,
283 1000 299 1040 a
332 999 516 1059 quacumque
549 981 664 1039 venerit
696 978 909 1046 declinatione,
941 980 1044 1057 paucis
1074 977 1132 1037 illis
1166 981 1312 1057 exceptis,
1346 998 1420 1058 quae

133 1085 273 1161 superius
294 1082 330 1142 ad
354 1084 471 1142 tertiam
487 1083 669 1161 pertinentia
692 1082 874 1148 notavimus,
898 1087 1021 1158 quartae
1044 1081 1103 1140 erit
1126 1081 1190 1140 sine
1206 1080 1296 1140 dubio
1319 1083 1420 1140 conin-

133 1186 276 1261 gationis,
306 1185 391 1243 euius
418 1185 507 1243 etiarn
531 1185 681 1262 primitiva
706 1189 775 1242 sunt
802 1185 832 1241 in
855 1184 884 1241 io
907 1181 1084 1241 desinentia.
1129 1180 1217 1261 idque
1245 1182 1292 1242 bis
1314 1184 1421 1242 contir-

133 1293 231 1346 matnr
253 1284 411 1362 exemplis:
436 1304 451 1345 a
474 1287 569 1364 prima
584 1285 704 1364 quidem
720 1283 917 1344 declinatione
940 1281 1021 1343 bulla
1044 1283 1170 1351 ebullio,
1194 1303 1288 1362 poena
1312 1287 1419 1362 punio;

133 1407 148 1447 a
171 1387 301 1446 secunda
323 1386 469 1465 superbus
495 1385 651 1465 superbio,
683 1385 808 1446 blandus
837 1384 989 1453 blandior,
1018 1385 1118 1462 largus
1146 1385 1270 1462 largior,
1300 1388 1421 1446 insanus

97 1509 120 1546 ro
134 1491 263 1569 insanio,
288 1506 391 1547 murus
413 1491 510 1548 rnurio
532 1495 562 1548 et
583 1489 685 1547 munio
708 1484 779 1564 (sire
802 1507 818 1547 a
840 1489 960 1547 nomine
988 1486 1066 1565 quod
1089 1495 1133 1546 est
1162 1489 1279 1547 moenia
1302 1490 1419 1547 moenio

132 1597 162 1648 et
185 1588 310 1667 munio),
341 1608 446 1650 saevus
468 1586 590 1668 saelvio,
619 1607 722 1650 servus
745 1591 858 1657 servio,
889 1589 1015 1649 lascivus
1044 1589 1180 1658 lascivio;
1210 1588 1315 1668 bisque
1337 1591 1419 1649 simi·

132 1691 201 1750 liter
229 1710 245 1750 a
273 1693 391 1751 nomine
422 1690 527 1752 balbus
557 1690 680 1750 verbum
708 1691 740 1750 fit
769 1690 917 1760 balbutio,
952 1691 1022 1751 licet
1050 1708 1108 1749 non
1142 1692 1270 1750 servavit
1303 1709 1419 1750 omnem

131 1791 367 1853 observationem
394 1793 561 1862 clausulae;
591 1812 606 1851 a
634 1793 722 1851 tertia
750 1811 866 1871 quoque
898 1799 961 1852 rete
990 1794 1063 1851 retis
1086 1794 1227 1861 inretior,
1256 1811 1310 1871 pes
1335 1791 1420 1870 pedis

132 1895 274 1973 impedio,
298 1895 391 1954 moles
413 1895 500 1955 molis
522 1894 644 1963 molior,
674 1892 769 1953 mollis
797 1894 913 1962 mollio,
943 1892 1060 1954 stabilis
1082 1892 1218 1963 stabilio,
1248 1894 1316 1953 linis
1337 1895 1418 1963 linio,

93 1998 227 2056 rainonis
250 1999 403 2065 exinanio,
428 1997 554 2073 insignis
577 1997 722 2072 insignio,
746 2014 851 2075 saepes
873 1997 989 2074 saepio,
1013 1996 1079 2055 sitis
1095 1996 1178 2064 sitio,
1202 1996 1294 2055 vestis
1316 1997 1417 2065 vestio,

129 2106 228 2159 custos
251 2098 399 2166 custodio,
422 2116 505 2157 mens
528 2099 670 2165 mentior,
694 2115 763 2175 pars
785 2100 912 2176 partior,
937 2115 1002 2157 sors
1024 2098 1151 2167 sortior;
1180 2116 1196 2157 a
1219 2104 1323 2175 quarta
1347 2099 1417 2157 item

129 2209 231 2277 gestus
252 2202 356 2276 gestio.
401 2207 519 2259 notatur
548 2217 620 2258 crux
644 2200 746 2258 crucio
772 2201 903 2267 eructem,
932 2217 999 2258 cunr
1024 2206 1131 2258 'carens
1160 2198 1418 2259 observationibus

123 2304 242 2380 primae
265 2301 369 2362 debuit
390 2320 456 2361 esse
478 2308 599 2380 quartae
623 2303 848 2378 coniugationis.
883 2301 975 2361 caleio
998 2303 1079 2360 enim
1102 2301 1212 2361 calcias
1234 2319 1291 2360 non
1314 2321 1329 2361 a
1352 2301 1417 2361 calx

125 2405 234 2472 rolris,
259 2403 309 2463 sed
333 2422 348 2463 a
371 2402 483 2462 ealoius
498 2402 678 2470 derivatum,
702 2404 770 2480 quia
794 2402 990 2481 paenultimae
1014 2421 1073 2462 non
1089 2405 1220 2464 insertur
1242 2422 1416 2472 consonans,

89 2509 195 2569 eoinre
229 2506 346 2566 ridetur
380 2524 444 2564 esse
477 2506 590 2583 primae
623 2506 850 2582 coniugatiouis.
901 2513 1082 2566 consonante
1116 2505 1416 2584 rero'praecedente

129 2626 246 2686 semper
268 2606 357 2666 verba
380 2605 416 2665 de
440 2606 610 2667 nominibus
633 2606 764 2666 derivata
786 2605 948 2685 praedictis
974 2603 986 2687 {l
1013 2607 1108 2667 modis
1136 2609 1249 2686 primae
1278 2616 1347 2669 sunt
1370 2627 1415 2668 so·

129 2711 186 2770 lius
219 2711 445 2786 coniugationis.
496 2708 626 2790 adeoque
660 2727 729 2768 vera
762 2706 878 2769 videtur
912 2726 977 2768 esse
1008 2708 1175 2769 observatio
1208 2708 1414 2778 clausularum,

128 2811 205 2890 quod
229 2829 264 2869 eu
288 2829 344 2869 una
372 2813 582 2871 terminatione
611 2813 740 2870 nominis
762 2810 837 2870 duae
852 2808 949 2879 ¹verbi
978 2811 1072 2870 laetae
1096 2809 1296 2870 derivationes
1317 2810 1413 2883 direr-

128 2933 189 2974 sam
220 2931 273 2992 pro
300 2913 441 2992 qualitate
472 2913 623 2974 finalitatis
651 2913 889 2990 coniugationem
917 2918 1109 2971 meruerunt:
1142 2918 1174 2971 ut
1207 2911 1243 2971 ab
1274 2931 1309 2971 eo
1337 2913 1416 2992 quod

88 3039 115 3078 as
129 3024 175 3075 est
196 3024 273 3076 meta
297 3024 392 3075 metor
414 3014 534 3093 quidem
557 3016 680 3073 metaris
701 3016 814 3093 primae
838 3019 884 3072 est
904 3014 1135 3090 coniugationis,
1164 3016 1273 3074 metior
1301 3015 1416 3073 metiris

127 3125 266 3196 quartae:
290 3136 393 3176 servus
415 3134 502 3176 servo
525 3134 625 3174 servas
648 3118 771 3193 primae,
795 3116 893 3174 servio
910 3121 1009 3174 autem
1032 3116 1135 3182 servis,
1159 3114 1236 3194 qnod
1259 3117 1290 3174 in
1312 3117 1342 3174 io
1364 3115 1413 3174 de·

128 3221 214 3288 sinit,
237 3226 359 3297 quartae
383 3226 442 3288 est.;
471 3226 500 3277 et
523 3237 538 3277 a
562 3235 650 3278 sanus
673 3234 744 3276 sano
767 3215 888 3294 quidem
910 3234 996 3276 sanas
1018 3219 1149 3295 primae,
1177 3217 1292 3276 insanio
1316 3224 1413 3277 autem

128 3321 241 3379 insanis
263 3326 386 3397 quartae
409 3319 456 3389 lrt;
486 3327 514 3379 et
542 3318 579 3379 ab
608 3337 643 3377 eo
671 3317 749 3396 quod
778 3324 824 3377 est
846 3325 932 3395 aptus
954 3326 1021 3397 apto
1044 3327 1128 3397 aptas
1151 3321 1182 3379 srt
1209 3317 1348 3388 verbum,
1377 3317 1414 3378 ab

127 3439 162 3480 eo
186 3428 282 3480 autom
306 3421 383 3498 qnod
407 3428 450 3479 est
474 3441 509 3480 ex
533 3440 567 3479 eo
590 3421 786 3498 compositum
808 3436 916 3479 nomen
940 3422 1058 3498 ineptus
1081 3421 1194 3498 ineptio
1217 3422 1326 3499 ineptis
1348 3438 1413 3479 ver-

87 3521 197 3586 eobum
222 3526 262 3582 tit.
308 3531 338 3582 ut
368 3525 447 3583 eninr
472 3525 501 3581 in
531 3524 559 3581 io
588 3522 753 3581 desinentia
778 3520 881 3590 verba,
910 3521 968 3580 nisi
996 3519 1125 3581 babeant
1147 3521 1338 3582 adhaerentia
1362 3541 1413 3582 no-

127 3627 205 3683 mina
229 3623 381 3702 trisyllaba
404 3626 413 3683 i
436 3624 647 3702 paenultimam
670 3640 774 3702 puram
796 3621 949 3693 habentia,
974 3625 1087 3702 primae
1110 3641 1175 3683 esse
1198 3626 1413 3702 coniugationis

127 3744 184 3785 non
208 3735 344 3803 possunt,
368 3726 419 3785 sed
443 3726 478 3785 ad
502 3733 637 3803 quartam
658 3726 849 3803 perveniunt,
873 3727 977 3804 paucis
1000 3725 1060 3785 illis
1083 3728 1230 3805 exeeptis,
1254 3743 1328 3804 quae
1351 3726 1412 3787 sola

126 3826 184 3886 sibi
206 3829 295 3886 tertia
318 3827 463 3895 vinrlirat;
492 3828 534 3885 sio
557 3845 742 3906 quacumque
765 3835 945 3887 consonante
969 3827 1162 3888 antecedente
1185 3846 1222 3887 ex
1244 3828 1413 3890 nominibus

126 3931 201 3988 laeta
226 3927 329 3997 verba,
358 3928 506 4007 siquidem
530 3936 648 3988 servent
670 3936 880 3990 consonantem
903 3931 1047 3998 nominis,
1075 3931 1190 4009 primae
1219 3937 1288 3990 sunt
1310 3933 1411 3990 coniu-

128 4083 427 4092 ——--——-—--.

198 4169 208 4216 l
235 4166 453 4215 considerabimus
472 4176 499 4214 ut
517 4166 538 4216 si
559 4180 649 4214 nomen
668 4167 692 4215 ei
711 4166 808 4229 (elom.
826 4165 863 4229 B)
881 4166 982 4228 quidem
1003 4165 1094 4215 lrabeat
1112 4167 1257 4232 appositum
1281 4167 1345 4217 ultra
1364 4167 1414 4217 BP

125 4238 342 4287 considerabimus
360 4245 442 4284 utrum
460 4250 549 4285 nomen
569 4236 672 4296 quidem
690 4235 781 4285 babeat
800 4238 945 4300 appositum
965 4237 1029 4287 ultra
1044 4237 1080 4298 fs
1149 4235 1165 4286 3
1185 4237 1303 4286 uocaliet
1321 4252 1411 4286 seenu-
1436 4232 1440 4239 ’

125 4309 222 4370 dumf
287 4305 427 4370 [averterit]
447 4307 557 4354 uenitP
627 4305 657 4355 ll
677 4303 776 4372 hisque]
799 4307 886 4369 sieque
906 4308 929 4355 P
946 4307 1106 4367 itemquets‘
1179 4306 1211 4356 12
1228 4302 1265 4370 dt]
1284 4308 1360 4354 estP

126 4393 174 4427 non
193 4377 336 4426 obsera-anit
357 4392 424 4428 corr.
446 4375 623 4438 nonuseruauit
639 4375 664 4423 B
684 4389 733 4424 nou
752 4377 870 4425 obserant
892 4376 915 4423 P
1001 4374 1032 4424 la
1057 4372 1177 4440 impedio]
1200 4375 1325 4439 impedior
1346 4375 1409 4428 Ρις

195 4446 226 4496 16
245 4444 315 4511 item]
334 4448 459 4495 autean
541 4447 645 4497 l‘leum
664 4453 746 4494 eareat
767 4446 790 4492 P
878 4444 909 4496 18
928 4441 1033 4510 caletus]
1052 4444 1195 4494 ealcensB
1275 4444 1310 4492 25
1330 4451 1409 4490 metor

125 4517 228 4564 metaris
245 4518 342 4578 primae
358 4528 395 4564 est
410 4513 595 4579 coniugationis
610 4516 698 4564 metior
715 4515 818 4578 quidem
832 4516 927 4564 metiris
945 4525 1049 4577 quartae
1061 4516 1085 4564 P
1098 4524 1176 4563 metor
1192 4512 1294 4577 quidem
1308 4511 1409 4560 metaris

126 4587 222 4649 primae
245 4597 282 4633 est
309 4587 397 4634 metior
419 4586 462 4633 iris
484 4595 588 4646 quartae
612 4593 650 4634 ost
675 4584 904 4651 coniugationisB
973 4584 1007 4634 28
1025 4595 1114 4646 quarta
1130 4583 1157 4633 llt
1172 4582 1196 4630 P
1212 4584 1260 4642 sit,
1278 4595 1408 4645 superarer.

125 4665 228 4715 quartae
249 4655 271 4702 B
340 4657 371 4703 ab
391 4672 420 4702 eo
436 4664 518 4703 autem
538 4654 605 4717 quod
621 4666 705 4704 estex
723 4669 752 4703 eo
768 4669 785 4710 ς
804 4654 870 4715 qood
886 4662 969 4703 autem
988 4664 1077 4703 estex
1095 4671 1125 4703 eo
1146 4653 1170 4701 P
1188 4653 1256 4714 quod
1270 4660 1309 4701 est
1326 4667 1358 4700 ex
1377 4667 1408 4700 eo

126 4725 152 4772 dt
165 4738 233 4772 corr.
249 4724 279 4772 ab
296 4740 325 4772 eo
345 4734 427 4774 antem
447 4722 514 4786 quod
533 4739 613 4774 exeo
632 4723 657 4771 B
716 4723 751 4774 30
768 4724 869 4773 nomina
886 4737 936 4773 nou
956 4725 1038 4773 nrinns
1055 4723 1185 4786 trisyllaba
1202 4736 1219 4777 ς
1238 4722 1340 4770 nomina
1359 4735 1408 4770 uon

126 4796 208 4843 miuus
227 4795 395 4857 trisyllabiss
477 4791 510 4843 33
529 4793 692 4842 antecedente
711 4800 865 4844 consonante
882 4792 908 4842 B
993 4809 1025 4842 ex
1045 4793 1189 4844 nominibus
1212 4791 1278 4840 lacta
1300 4791 1408 4849 nerba5

126 4866 229 4914 nomina
245 4880 276 4912 ex
295 4880 323 4913 se
341 4865 458 4915 facientia
475 4863 553 4913 uerba
571 4863 626 4912 BP
