3346 5498
251 339 314 405 190
823 338 976 402 ΡΟΜΡΕΙΙ

291 477 296 490 .
309 451 398 490 als-14
412 448 435 489 L.

249 462 306 590 hile
328 528 413 590 hoste
436 547 495 588 uon
518 527 615 607 perdit
637 547 668 596 e,
692 526 743 587 sed
767 525 823 587 boc
845 527 940 606 ipsum
964 544 979 585 e
1002 526 1032 584 in
1055 527 1065 584 i
1089 532 1181 585 mutat
1197 530 1226 583 et
1240 524 1346 603 accipit
1361 541 1410 583 nm
1428 529 1457 583 et
1471 523 1540 583 lacit

249 631 393 700 bostium;
423 628 580 709 aliquando
608 627 707 709 perdit
735 629 832 688 etsie
860 628 969 706 arripit
996 646 1061 695 nm,
1091 633 1124 686 ut
1150 624 1187 686 ab
1215 625 1272 686 hoc
1300 627 1411 704 pariete
1433 624 1539 685 horum

248 734 411 813 parietum:
435 750 504 792 eece
528 734 557 793 in
580 733 636 791 isto
659 731 778 791 nomine
800 731 879 808 perit
901 748 932 803 ε,
955 730 985 789 in
1009 727 1060 789 illo
1080 747 1140 789 non
1163 729 1254 808 perit,
1277 726 1328 788 sed
1353 746 1369 787 e
1391 729 1421 788 in
1444 729 1454 786 i
1477 745 1539 788 mu·

249 834 328 894 tavit
374 833 443 894 iude
471 840 517 894 est
544 832 616 894 illud
645 831 725 913 quod
752 833 917 892 invenimus
944 832 974 890 in
997 829 1365 900 auctoribus,·civnatium
1390 836 1419 888 et
1440 828 1540 891 civita·

248 943 326 1004 tum,
349 936 517 996 invenimus
539 936 625 995 etiam
648 941 677 994 ει
703 934 860 1013 parentum
884 940 913 993 et
934 932 1112 1010 parentium,
1135 932 1300 992 invenimus
1322 932 1450 1011 saepius.
1484 948 1540 1011 qua
1554 945 1587 985 v*

147 1037 149 1040 ’
248 1039 382 1098 radone?
411 1039 548 1118 quoniam
577 1036 647 1098 licet
673 1037 731 1097 iam
755 1042 784 1095 et
805 1017 988 1113 scribentum
1011 1043 1040 1095 et
1061 1033 1222 1095 dicentum.
1265 1037 1421 1108 quaeritur
1442 1040 1556 1100 utrum,

249 1138 357 1201 debeat
379 1159 395 1200 e
416 1139 495 1200 illam
524 1137 652 1199 litteram
682 1145 865 1199 commutare
893 1139 923 1199 in
946 1139 970 1207 i,
999 1156 1036 1199 an
1058 1133 1165 1197 debeat
1187 1143 1335 1216 amputata
1357 1136 1420 1216 ipsa
1443 1135 1541 1196 littera

249 1250 423 1303 convertere
444 1243 475 1302 in
499 1243 566 1302 um?
589 1249 657 1321 puta
681 1242 705 1301 si
728 1237 800 1299 velis
823 1256 839 1298 ε
861 1238 941 1299 illam
965 1237 1092 1299 litteram
1116 1246 1231 1299 mutare
1252 1239 1284 1299 in
1306 1240 1325 1307 i,
1350 1237 1458 1299 addere
1481 1256 1540 1306 um,

249 1343 319 1406 lacit
346 1345 523 1413 civitatium;
552 1345 577 1405 si
606 1343 677 1404 velis
702 1348 855 1422 amputare
884 1359 914 1408 e.
943 1338 1054 1402 addere
1083 1359 1146 1409 um,
1176 1341 1324 1400 civitatum
1347 1339 1426 1401 lacit.
1470 1357 1541 1417 orgo

249 1446 341 1525 ipsam
364 1445 498 1524 regulam
520 1447 597 1506 scire
621 1443 777 1513 debemus,
801 1443 880 1520 qnod
900 1441 1075 1522 plerumque
1097 1443 1216 1503 nomina
1239 1460 1256 1503 ε
1277 1450 1416 1522 correpto
1438 1443 1526 1503 termi
1555 1455 1580 1494 1⁰

250 1553 316 1606 nata
344 1547 374 1606 in
402 1545 536 1630 ablaltivo
565 1548 703 1608 amittunt
731 1564 747 1605 e
780 1544 906 1606 litteram
941 1552 970 1604 et
997 1545 1145 1624 accipiunt
1179 1563 1243 1614 um,
1279 1542 1455 1623 plerumque
1482 1561 1541 1604 non

250 1649 402 1717 amittunt,
433 1648 485 1709 sed
513 1649 543 1709 in
572 1650 581 1708 i
609 1656 726 1709 mumut
754 1656 782 1707 et
810 1647 853 1708 sic
880 1648 1030 1725 accipiunt
1057 1665 1106 1706 nm
1137 1655 1166 1707 et
1187 1647 1299 1706 iaciunt
1320 1648 1488 1724 genetivum
1510 1647 1541 1705 in

249 1751 326 1820 ium,
356 1750 485 1811 dativum
514 1757 543 1810 et
570 1748 728 1812 ablativum
758 1749 788 1810 in
817 1747 872 1809 bus
906 1750 1038 1818 mittunt,
1073 1753 1195 1827 excepto
1224 1766 1283 1808 uno
1312 1756 1425 1809 tantum
1453 1746 1541 1808 modo

131 1854 387 1929 434,12nomine,
415 1869 482 1912 vase
510 1869 657 1912 vasorum.
703 1869 831 1930 namque
859 1849 915 1911 hoc
943 1868 1050 1911 nornen
1072 1851 1103 1911 in
1126 1868 1251 1911 numero
1273 1848 1415 1928 singulari
1438 1850 1542 1910 tertiae

251 1953 453 2016 declinationis
482 1961 540 2024 est,
568 1955 598 2013 iu
627 1972 753 2014 numero
775 1951 883 2033 plurali
911 1951 1058 2013 secundae
1081 1951 1285 2012 declinationis
1308 1959 1365 2013 est:
1399 1958 1470 2031 puta
1493 1969 1542 2011 vas
1556 1965 1581 2005 1⁵

251 2058 327 2118 vasis
349 2058 409 2117 vasi
431 2074 481 2116 vas
503 2074 554 2116 vas
577 2074 591 2116 a
615 2075 697 2125 vase3
728 2074 797 2116 ecce
825 2054 898 2115 haec
926 2056 1022 2116 omnis
1050 2054 1207 2115 declinatio
1230 2055 1316 2114 tertia
1338 2061 1391 2114 est.
1437 2054 1542 2114 transit

252 2158 287 2221 ad
316 2176 472 2219 numerum
501 2155 644 2238 pluralem
675 2165 704 2218 et
731 2157 801 2217 lacit
828 2157 987 2219 secundam
1015 2155 1258 2225 declinationem,
1290 2174 1355 2216 vasa
1390 2174 1541 2223 vasorum;

251 2259 355 2320 debuit
381 2260 480 2320 lacere
508 2278 618 2320 vasum.
664 2278 732 2320 narn
760 2278 776 2320 a
805 2262 893 2321 tertia
920 2259 1117 2320 declinatione
1139 2260 1291 2338 genetivus
1318 2260 1350 2319 iu
1372 2277 1421 2319 uui
1444 2259 1541 2326 mittit,

252 2361 365 2423 dativus
388 2367 418 2422 ει
439 2360 582 2436 ablativus
604 2364 634 2422 in
657 2360 728 2431 bns;
752 2361 896 2437 debuerat
918 2361 1018 2422 dieere
1042 2360 1168 2422 vasibus.
1212 2379 1280 2421 narn
1304 2378 1320 2420 a
1342 2362 1428 2421 tertia
1452 2359 1542 2420 decli·

252 2465 371 2526 natione
399 2481 449 2524 vas
478 2480 544 2523 vase
566 2463 657 2524 babet
678 2463 792 2533 lacere,
821 2482 837 2524 a
860 2463 987 2525 secunda
1013 2482 1079 2524 vasa
1100 2481 1238 2524 vasorum
1262 2463 1347 2523 vasis.
1392 2480 1463 2540 ergo
1486 2460 1581 2521 bocru

253 2584 362 2627 nomeu
385 2565 518 2626 dieamus
540 2565 619 2645 quod
642 2567 672 2625 in
696 2564 838 2644 singulari
854 2583 979 2627 numero
1002 2567 1118 2626 tertiam
1141 2563 1231 2626 habet
1252 2564 1488 2633 declinationem,
1512 2565 1543 2623 in

249 2685 377 2735 numero
399 2665 508 2746 plurali
529 2667 698 2728 secundam.
743 2669 766 2727 si
790 2675 886 2729 autem
911 2686 926 2728 e
948 2667 1093 2748 producto
1116 2669 1289 2728 terminatur
1312 2666 1469 2742 ablativus,
1493 2684 1544 2745 ge·

251 2771 368 2832 netivus
390 2768 512 2848 pluralis
534 2770 564 2829 in
587 2788 653 2830 rum
670 2770 778 2839 mittit,
808 2769 920 2830 dativus
942 2778 972 2830 et
993 2768 1135 2831 ablativus
1157 2770 1187 2829 in
1210 2768 1282 2840 bus,
1306 2777 1338 2830 ut
1359 2769 1396 2831 ab
1419 2769 1474 2829 hac
1496 2768 1544 2829 die

251 2871 367 2934 dierum
397 2870 510 2932 diebus.
556 2871 616 2932 noli
644 2873 727 2951 sequi
754 2871 826 2932 illud
859 2871 937 2951 qnod
970 2870 1043 2933 dixit
1070 2872 1231 2942 Sacerdos;
1267 2872 1337 2933 dicit
1367 2871 1544 2951 plerumque

251 2975 416 3054 genetivum
445 2972 591 3053 pluralem
619 2981 678 3052 tarn
706 2976 737 3035 in
765 2992 830 3035 rum
862 2992 950 3053 quam
977 2975 1009 3034 iu
1032 2992 1082 3034 urn
1104 2975 1237 3034 mittere:
1264 2972 1267 3056 l
1292 2974 1348 3036 boc
1370 2973 1477 3036 falsum
1500 2979 1582 3035 estve,

251 3078 380 3156 penitus.
426 3075 483 3135 boc
516 3083 546 3135 tn
579 3094 719 3154 sequere,
755 3073 872 3155 quando
906 3074 1048 3137 ablativus
1079 3076 1236 3154 singularis
1270 3085 1314 3137 est
1349 3095 1365 3136 e
1397 3075 1544 3155 producto

252 3179 441 3246 terminatus,
471 3178 624 3255 genetivus
645 3178 676 3237 in
699 3196 765 3238 rum
788 3178 889 3246 mittit,
920 3178 1033 3239 dativus
1055 3187 1085 3239 et
1106 3177 1249 3240 ablativus
1271 3180 1300 3239 iu
1329 3177 1398 3246 bus,
1423 3185 1454 3239 ut
1475 3185 1545 3258 puta

253 3281 290 3341 ab
312 3280 367 3341 liae
390 3280 454 3351 die,
478 3279 593 3340 diemm
616 3286 644 3339 ει
666 3278 781 3340 diebus.
812 3285 840 3339 et
862 3277 936 3339 baec
952 3283 1070 3340 nomina
1091 3282 1209 3358 generis
1229 3287 1300 3341 sunt
1322 3287 1435 3342 tantum
1459 3280 1543 3341 lemi-

135 3384 326 3460 434‚13niui.
363 3381 464 3462 regula
488 3380 554 3443 talis
577 3389 636 3442 est:
660 3383 758 3441 omnia
781 3383 900 3442 nomina
923 3381 1048 3442 ablativo
1071 3381 1213 3461 singulari
1237 3401 1252 3442 e
1274 3382 1419 3462 producto
1443 3384 1545 3443 termi-

254 3491 320 3545 nata
342 3486 460 3563 generis
482 3491 551 3545 sunt
573 3484 716 3544 lemiuini
752 3483 822 3562 qnid
845 3485 935 3563 ergo?
958 3484 1021 3545 dies
1043 3484 1132 3546 debet
1155 3484 1318 3546 secundum
1343 3485 1543 3545 definitionem
1558 3497 1583 3536 ³0

253 3588 372 3665 generis
395 3604 459 3646 esse
481 3585 628 3654 seminini,
652 3584 704 3646 sed
727 3584 852 3664 legimus
876 3588 964 3647 etiam
988 3587 1036 3647 bic
1058 3587 1131 3648 dies.
1165 3586 1236 3668 [hoe
1258 3587 1336 3667 quod
1358 3586 1466 3648 lectum
1490 3596 1543 3656 est,

253 3687 320 3748 talis
341 3689 443 3767 regula
459 3686 516 3768 est]
540 3689 571 3747 iu
594 3686 651 3746 alio
674 3698 771 3748 avitem
794 3706 904 3766 genero
927 3697 957 3749 ut
980 3689 1095 3750 dicatur
1118 3688 1165 3749 bie
1187 3689 1263 3760 dies,
1288 3689 1420 3751 adverbii
1441 3707 1544 3750 neces·

255 3790 326 3851 sitas
348 3789 427 3849 lacit.
472 3790 502 3848 in
532 3787 671 3849 adverbio
701 3788 770 3868 quid
794 3789 938 3851 dicimus?
966 3789 1062 3851 bodie.
1094 3790 1165 3871 quid
1188 3799 1233 3852 est
1254 3791 1360 3852 bodie?
1382 3793 1465 3871 quasi
1488 3789 1545 3852 hoc

255 3890 312 3951 die.
357 3892 382 3951 si
405 3899 483 3952 esset
504 3891 637 3951 seminini
661 3890 905 3983 generis-badia
928 3892 1103 3954 diceremus.
1142 3911 1213 3972 ergo
1236 3893 1305 3955 hinc
1328 3903 1451 3974 apparet
1473 3913 1545 3974 quo·

254 4251 256 4255 ,
325 4195 342 4248 6
358 4197 488 4260 quaeritur
501 4213 546 4248 orn.
566 4196 655 4250 ABG.
674 4198 788 4260 sortasse
802 4200 880 4263 plura
896 4204 968 4250 etiam
982 4198 1133 4251 exciderunt
1185 4200 1303 4249 idebent
1318 4217 1331 4250 e
1349 4200 1417 4250 illam
1437 4199 1545 4251 litteram

256 4266 716 4319 BGadebeatelittornmillamA
770 4269 986 4319 anBCaautA
1039 4266 1325 4335 8innmliuiABO
1373 4271 1544 4324 litteramom.

254 4337 280 4389 B
350 4339 382 4388 12
400 4347 424 4387 et
443 4335 538 4386 luriunt
552 4341 698 4401 genetiuum
719 4339 743 4386 in
764 4339 815 4386 inm
833 4355 878 4389 our.
899 4341 939 4403 Α,
959 4341 1021 4391 cdd.
1040 4357 1056 4389 a
1111 4340 1142 4390 18
1159 4339 1243 4389 lacere
1267 4356 1356 4391 nusum
1374 4340 1446 4392 nea
1464 4341 1547 4390 lacere

254 4423 362 4467 uacuum
382 4407 406 4455 Α
475 4407 509 4455 ⁴24
528 4405 663 4472 Sacerdos]
681 4409 771 4459 OEurcd.
789 4407 898 4464 Sucerd.
915 4427 943 4475 p.
968 4409 1038 4460 led.
1064 4409 1172 4463 Vindod.
1240 4412 1274 4460 25
1290 4418 1340 4460 tarn
1360 4413 1424 4477 (tam
1443 4427 1489 4462 our.
1508 4410 1546 4469 Α)

255 4481 281 4529 in
299 4493 354 4528 rum
376 4492 452 4541 quam
472 4478 496 4525 in
513 4478 564 4525 ium
585 4480 623 4538 (in
640 4479 703 4527 rium
722 4494 797 4540 quum
816 4479 841 4528 in
862 4495 918 4529 rum
931 4481 972 4531 A?
990 4495 1058 4533 corr.
1078 4480 1102 4528 in
1121 4495 1176 4529 rum
1194 4494 1268 4543 qnam
1286 4480 1310 4529 in
1330 4482 1383 4530 inm
1402 4482 1430 4544 o)
1448 4481 1547 4529 mittere

255 4558 316 4618 puta
334 4549 432 4598 dierum
451 4553 475 4595 et
491 4546 582 4596 diebus
597 4548 645 4597 linc
663 4548 754 4598 laisum
775 4557 813 4598 est
824 4549 914 4603 ABG.
935 4550 1032 4598 dierum
1051 4561 1075 4600 et
1089 4551 1186 4609 diebus,
1206 4567 1271 4615 quoe
1287 4551 1319 4599 nb
1335 4552 1382 4602 boc
1394 4554 1448 4602 loco
1462 4552 1547 4601 aliena

254 4626 320 4680 aunt,
337 4624 395 4681 post
409 4617 443 4668 28
457 4617 488 4665 ab
501 4615 601 4667 hacdie
617 4620 766 4681 mansposut'
817 4620 852 4671 26
870 4619 1145 4684 qrrandqunouinm
1159 4620 1210 4670 Ao
1259 4623 1292 4671 at
1311 4620 1496 4687 genetinnt

255 4689 369 4738 datiuum
388 4696 412 4736 et
430 4686 569 4736 ablotiuum
587 4688 639 4738 BC
706 4690 740 4739 28
762 4690 793 4737 ab
814 4689 863 4740 hoc
880 4691 922 4739 die
941 4689 1038 4739 dierum
1060 4700 1084 4740 et
1102 4690 1165 4739 haec
1185 4691 1287 4739 nomina
1302 4692 1327 4740 A
1346 4692 1377 4742 ab
1398 4691 1446 4741 hnc
1460 4692 1502 4741 die
1522 4699 1547 4739 et

255 4757 318 4878 haep
334 4759 437 4879 Ἆοὲιίἑιε
453 4757 526 4810 noa
578 4758 613 4810 30
628 4759 687 4822 quid
706 4773 767 4825 ergo
786 4786 818 4795 —
837 4759 869 4811 31
891 4759 1004 4809 seminini
1022 4777 1067 4814 om.
1082 4761 1115 4822 A,
1132 4760 1193 4810 aad.
1208 4776 1224 4809 a
1277 4761 1311 4812 33
1326 4762 1352 4810 in
1366 4762 1489 4812 aduerbio
1508 4771 1548 4810 est

256 4844 298 4893 qui
