3346 5498
780 332 850 394 tus
1399 330 1460 396 381

1268 455 1288 492 p.
1303 445 1360 484 2069.
1373 444 1399 485 to
1413 443 1435 484 P.

171 532 285 592 tenent,
310 525 457 603 passivum
480 542 551 583 vero
573 531 603 582 et
625 541 781 584 commune
804 530 834 583 et
857 524 1007 603 deponens
1035 522 1157 584 similes.
1203 532 1248 584 est
1271 542 1342 602 ergo
1364 529 1461 604 prima

170 628 338 703 coniugatio
365 645 440 705 quae
469 626 630 686 indicativo
658 625 745 685 modo
767 633 899 705 tempure
922 628 1073 705 praesenti
1097 645 1222 686 numero
1245 627 1390 704 singulari
1413 649 1459 690 se·

169 729 279 798 cunda,
309 730 385 788 sicut
412 727 524 788 dictum
552 734 611 796 est,
639 746 767 806 persona
794 726 886 787 verbo
914 729 1009 787 activo
1038 735 1068 786 et
1090 728 1217 789 neutrali
1242 749 1258 790 a
1280 729 1370 790 habet
1392 739 1459 792 ante

168 833 357 891 novissimam
381 830 525 900 litteram,
549 831 667 908 passivo
689 832 838 890 communi
861 836 892 888 et
913 829 1072 908 deponenti
1097 839 1164 890 ante
1188 834 1379 894 novissimam
1401 834 1458 913 syl·

141 933 279 999 slabarn,
304 940 337 991 ut
358 951 431 991 voco
445 950 547 1000 vocas,
572 950 659 991 vocor
675 934 805 1002 vocavis;
828 942 858 992 ct
880 932 953 992 haec
975 950 1094 1010 semper
1116 933 1233 1003 littera,
1257 953 1332 1013 quac
1355 938 1457 996 eoniu-

167 1037 317 1113 gationeuv
340 1037 425 1094 istam
448 1036 575 1113 primam
590 1034 735 1103 ostendit,
758 1036 845 1112 longa
862 1041 923 1103 est;
947 1035 1141 1114 futurumque
1165 1042 1281 1115 tempus
1305 1037 1457 1099 indicativi

167 1137 244 1197 modi
268 1136 346 1216 quod
374 1136 410 1196 ad
439 1138 567 1196 activum
595 1144 625 1196 et
653 1136 785 1197 neutrale
808 1138 940 1215 pertinet
961 1139 993 1197 in
1015 1135 1068 1205 bo,
1095 1137 1174 1216 quod
1198 1138 1233 1198 ad
1256 1141 1405 1217 passivum
1428 1148 1459 1200 et

166 1257 321 1300 commune
351 1244 381 1298 et
409 1238 574 1316 deponens,
604 1240 634 1298 in
665 1238 720 1298 bor
747 1241 848 1299 mittit.
893 1258 962 1299 nam
990 1256 1061 1298 voco
1085 1238 1195 1299 vocabo
1218 1240 1292 1301 lacit
1312 1241 1455 1313 futurum,

167 1349 197 1400 et
219 1359 307 1401 vocor
329 1342 460 1400 loturum
484 1341 556 1399 lacit
578 1340 715 1401 vocabor.
752 1348 783 1401 et
804 1348 939 1402 naturam
961 1340 1158 1418 longitudinis
1179 1359 1251 1402 suae
1273 1345 1305 1403 in
1328 1346 1456 1424 impera-

128 1459 154 1499 ιο
168 1446 226 1503 tivo
253 1450 284 1502 et
310 1443 456 1503 inlinitivo
484 1449 591 1502 servat.
635 1444 764 1504 secunda
793 1445 1035 1543 coniugatioxest
1068 1461 1143 1521 quae
1176 1443 1337 1506 indicativo
1369 1447 1456 1507 modo

167 1554 298 1624 ternpore
323 1547 472 1624 praesenti
496 1563 620 1605 numero
642 1544 786 1623 singulari
809 1564 937 1625 persona
953 1545 1083 1605 secunda
1100 1545 1192 1606 verbo
1213 1549 1309 1608 activo
1331 1556 1361 1609 et
1384 1567 1455 1609 ncu-

167 1647 233 1708 trali
263 1667 279 1706 e
307 1647 481 1726 productam
509 1645 601 1707 babet
628 1655 695 1707 ante
724 1650 913 1707 novissimam
941 1646 1087 1717 litteram,
1115 1651 1232 1728 passivo
1255 1656 1403 1714 communi
1426 1663 1456 1715 et

165 1751 324 1829 deponenti
349 1757 416 1809 ante
440 1752 631 1810 novissimam
654 1748 812 1829 syllabam,
836 1757 868 1809 ut
891 1768 996 1810 moneo
1020 1768 1138 1819 mones,
1162 1770 1284 1812 moneor
1307 1759 1454 1827 moneris;

164 1855 355 1932 futurumque
389 1859 507 1930 tempus
539 1852 692 1912 indicativi
728 1852 807 1912 modi
842 1853 938 1912 activo
972 1859 1002 1912 ct
1030 1852 1158 1914 neutrali
1187 1854 1309 1933 quidem
1340 1858 1372 1916 in
1406 1858 1453 1929 bo,

127 1969 151 2009 15
165 1958 280 2034 passivo
303 1956 452 2015 communi
476 1961 506 2014 et
528 1953 687 2033 deponenti
709 1955 741 2013 in
764 1953 819 2014 bor
841 1953 984 2034 syllabam
1005 1956 1110 2024 mittit,
1134 1963 1168 2014 ut
1189 1974 1295 2016 moneo
1317 1957 1453 2029 monebo,

165 2077 287 2118 moneor
322 2055 480 2126 monebor;
514 2059 586 2116 item
613 2058 645 2116 in
674 2058 849 2134 imperativo
877 2063 908 2115 et
935 2057 1081 2117 infinitivo
1108 2059 1229 2136 propria
1258 2059 1453 2137 productione

165 2167 311 2220 manente.
353 2160 439 2219 tertia
463 2160 633 2235 coniugatio
656 2158 764 2236 duplex
786 2164 842 2218 est.
868 2158 921 2218 sed
943 2160 1009 2218 eius
1032 2161 1127 2239 prima
1149 2178 1220 2238 pars
1242 2166 1288 2220 cst
1309 2180 1385 2240 qnae
1407 2166 1453 2224 in·

164 2263 291 2322 dicativo
313 2261 401 2322 modo
424 2259 565 2342 temlpore
587 2261 737 2339 praesenti
760 2277 884 2320 numero
907 2261 1052 2339 singulari
1068 2261 1196 2322 secunda
1211 2281 1338 2341 persona
1362 2265 1453 2326 verbo

165 2367 259 2424 activo
286 2371 316 2423 et
344 2362 470 2423 neutrali
499 2364 508 2421 i
537 2369 706 2440 correptam
734 2360 825 2422 babet
853 2369 921 2423 ante
950 2364 1141 2424 novissimam
1163 2364 1310 2434 litteram,
1333 2370 1453 2446 passivo

125 2467 311 2526 ncommuni
335 2471 365 2523 ct
387 2464 546 2543 deponenti
569 2482 585 2524 e
609 2471 777 2542 correptam
798 2482 854 2542 pro
876 2467 886 2525 i
908 2464 1007 2525 littera
1037 2467 1148 2544 accipit
1169 2474 1236 2526 ante
1259 2470 1452 2531 novissimam

162 2567 320 2646 syllabam,
345 2574 377 2626 ut
399 2567 464 2644 lego
486 2566 577 2643 legis,
605 2565 688 2643 logor
710 2564 836 2642 legeris;
866 2572 897 2626 et
918 2566 1052 2627 futurum
1074 2574 1191 2647 tempus
1212 2572 1308 2630 activo
1331 2573 1452 2651 qnidam

163 2676 194 2729 ct
214 2668 339 2730 neutrali
365 2671 395 2728 in
418 2687 479 2736 arn,
503 2670 620 2747 passivo
643 2687 714 2728 vero
736 2675 767 2727 et
788 2670 937 2728 communi
966 2675 997 2728 et
1018 2668 1179 2747 deponenti
1201 2673 1232 2731 iu
1254 2691 1288 2733 ar
1309 2673 1451 2752 syllabam

162 2773 267 2840 mittit,
296 2780 328 2830 ut
357 2771 421 2848 lego
450 2770 559 2847 legam,
588 2772 671 2848 legor
699 2769 791 2847 legar.
836 2771 928 2830 altera
945 2773 1072 2849 species
1099 2775 1205 2831 tertiae
1233 2775 1452 2851 coniugationis

162 2882 208 2934 est
235 2891 310 2953 quae
339 2875 504 2933 indicativo
530 2875 619 2934 modo
647 2880 780 2948 tempore
807 2874 968 2948 praesenti
992 2889 1117 2932 numero
1143 2876 1296 2947 ungulari
1321 2878 1451 2938 secunda

123 2991 148 3029 rs
162 2993 289 3055 persona
312 2974 403 3034 verbo
427 2975 522 3033 activo
545 2981 575 3033 et
597 2974 727 3034 neutrali
749 2976 759 3034 i
781 2974 956 3052 productam
978 2972 1070 3033 babet
1097 2980 1165 3034 aute
1187 2978 1378 3039 novissimam
1400 2979 1450 3040 lit-

162 3084 270 3147 teram,
294 3079 410 3156 passivo
432 3078 579 3136 communi
603 3083 634 3135 et
656 3076 816 3154 deponenti
831 3082 899 3135 ante
915 3077 1104 3135 novissimam
1126 3075 1283 3155 syllabam,
1308 3086 1341 3138 ut
1361 3081 1450 3142 audio

161 3181 261 3247 aridis,
296 3179 400 3239 audior
434 3178 556 3237 audiris.
601 3178 676 3237 banc
704 3196 763 3238 non
796 3177 869 3238 nulli
901 3183 1037 3256 quartam
1065 3180 1305 3256 coniugationcm
1333 3191 1448 3261 putant,

160 3281 238 3361 quod
268 3282 399 3341 lutururn
427 3289 544 3359 ternpus
572 3288 601 3339 et
628 3282 660 3340 in
687 3298 734 3339 am
763 3286 793 3340 et
819 3282 851 3339 in
880 3277 918 3338 bo
945 3286 974 3338 ct
996 3281 1026 3339 in
1048 3297 1087 3340 ur
1108 3288 1138 3340 et
1159 3285 1190 3341 in
1211 3283 1267 3342 bor
1287 3286 1393 3353 mittit,
1418 3293 1451 3345 ut

160 3383 248 3444 audio
271 3383 356 3442 audis
378 3382 495 3442 audiam
518 3382 643 3451 audibo,
665 3384 764 3442 servio
785 3383 880 3442 servis
903 3384 1031 3443 serviam
1055 3384 1175 3445 servibo
1208 3391 1238 3444 et
1265 3385 1369 3445 audior
1397 3406 1448 3448 au-

120 3487 235 3547 aodiris
258 3485 361 3545 audiar
384 3483 520 3544 audibor.
557 3484 609 3544 sed
641 3485 718 3544 hanc
746 3484 883 3564 plerique
912 3503 969 3544 non
993 3488 1145 3565 accipiunt
1167 3495 1333 3568 negantque
1356 3493 1387 3551 in
1410 3492 1448 3553 bo

160 3591 242 3648 etin
266 3586 320 3647 bor
343 3590 424 3647 exire
447 3605 533 3666 posse
555 3587 675 3646 tertiam
697 3588 784 3646 istam
807 3589 1060 3664 coniugationem,
1076 3590 1137 3648 nisi
1159 3592 1190 3649 in
1206 3609 1240 3649 eo
1256 3591 1346 3652 verbo
1368 3595 1446 3673 quod

160 3693 190 3748 in
213 3692 310 3768 prima
338 3707 464 3767 persona
492 3689 647 3749 indicativi
677 3689 756 3749 modi
787 3692 932 3767 temporis
960 3692 1126 3769 praesentis
1148 3695 1263 3752 numeri
1286 3694 1447 3773 singularis

160 3811 175 3850 e
200 3799 313 3863 anteo
336 3789 488 3858 habuerit,
516 3798 549 3851 ut
578 3809 612 3850 eo
641 3810 727 3870 queo.
758 3799 828 3851 tuuc
857 3793 938 3853 enim
966 3799 1046 3852 recte
1075 3792 1135 3852 dici
1164 3812 1228 3854 eam
1250 3814 1372 3874 queam,
1397 3796 1447 3858 ibo

159 3893 260 3973 quibo.

121 4043 147 4082 as
245 4028 320 4088 lllud
348 4035 446 4088 tamen
474 4029 767 4091 animadvertendum
797 4038 857 4099 est,
886 4032 965 4110 quod
995 4033 1138 4113 quaedam
1168 4033 1257 4094 verba
1280 4043 1349 4096 sunt
1370 4057 1446 4116 quac

160 4150 217 4190 rron
245 4130 370 4207 singulis
398 4130 659 4208 coniugationibus
686 4134 880 4193 inveniuntur
907 4132 1034 4196 addicta.
1079 4135 1228 4196 interdum
1255 4139 1335 4198 enim
1358 4139 1446 4200 binae

229 4402 261 4453 10
280 4411 317 4450 est
336 4417 401 4464 quae
417 4416 462 4451 om.
482 4402 536 4453 BL
609 4403 641 4453 12
659 4402 805 4468 productam
826 4404 920 4453 eBM
988 4404 1020 4456 lo
1038 4404 1126 4454 itidem
1146 4406 1171 4455 in
1190 4407 1229 4469 (in
1243 4423 1288 4459 om.
1308 4408 1346 4474 L)
1364 4410 1444 4475 impe—

159 4474 240 4522 ratiuo
255 4480 279 4521 et
296 4472 420 4522 inlinitiuo
440 4475 539 4537 propria
559 4474 724 4539 productione
743 4480 861 4523 constant
877 4474 932 4524 BL
1002 4474 1033 4524 17
1047 4474 1094 4524 sed
1112 4477 1186 4526 euius
1205 4476 1238 4525 M
1286 4479 1320 4528 20
1339 4495 1353 4527 e
1371 4494 1417 4543 pro
1437 4480 1445 4528 i

160 4544 196 4595 lit.
218 4558 269 4595 cor.
288 4544 379 4607 accipit
400 4543 429 4590 ,ll
448 4558 462 4591 e
480 4559 525 4608 pro
543 4544 551 4592 i
570 4552 711 4609 correptam
730 4542 839 4593 litteram
859 4543 950 4608 accipit
966 4543 991 4592 L
1060 4544 1094 4596 23
1113 4544 1223 4612 species]
1243 4562 1303 4613 pars
1322 4547 1376 4598 BL

157 4615 191 4660 at
209 4614 315 4675 quaein
333 4613 446 4662 secunda
459 4612 484 4662 B
501 4629 565 4676 quae
582 4613 694 4664 secunda
714 4613 774 4662 ML
843 4615 876 4662 27
895 4621 919 4662 et
938 4611 1004 4662 hane
1021 4614 1136 4666 nonnulli
1155 4626 1269 4679 quartam
1286 4618 1445 4684 coniugatio-

159 4698 216 4731 uem
235 4682 365 4747 appellant
377 4683 431 4733 BL
500 4683 534 4733 ‘28
552 4682 663 4732 loturum
683 4691 784 4750 tempus
802 4692 827 4733 et
839 4684 865 4733 in
884 4698 924 4732 am
943 4692 967 4733 et
982 4684 1008 4734 iu
1027 4685 1059 4736 bo
1077 4688 1153 4736 mittit
1166 4685 1199 4734 M
1215 4685 1326 4736 tutorum
1344 4697 1445 4754 tempus

158 4753 184 4800 in
203 4752 276 4803 boet
295 4753 320 4800 in
340 4768 380 4801 am
400 4756 436 4812 (et
455 4768 495 4802 am
514 4755 549 4811 L)
569 4754 645 4804 mittit
664 4753 720 4804 BL
789 4751 824 4803 30
845 4754 991 4818 acciperunt
1011 4767 1155 4822 negantque
1174 4757 1239 4805 etin
1260 4757 1291 4805 bo
1310 4766 1334 4807 et
1353 4758 1380 4806 in
1400 4759 1445 4807 bor

159 4821 192 4869 M
242 4822 276 4872 35
295 4822 357 4871 illud
376 4824 629 4874 errirnaduertendum
643 4836 680 4875 est
699 4824 768 4875 BL:
786 4825 866 4877 Dium
882 4839 911 4887 p.
931 4821 990 4889 381,
1010 4823 1044 4876 10
