3346 5498
235 390 295 456 166
800 386 952 450 rudenti

257 516 279 558 p.
294 503 382 544 lus—60
396 500 418 540 L.

233 583 345 643 dativus
367 579 490 660 pluralis
511 580 542 638 in
565 580 590 638 is
613 578 686 637 exit:
711 577 788 637 sicut
809 583 884 636 tecta
908 584 1054 636 tectorum
1078 578 1177 646 tectiS,
1200 577 1243 637 sic
1266 584 1295 636 et
1317 575 1375 636 duo
1397 570 1524 640 duoru'm

232 685 306 746 duis.
352 682 403 744 sed
432 682 483 758 qui
512 679 568 740 hnc
597 679 693 739 dicati
722 677 828 738 deinde
856 679 880 737 si
911 677 1021 740 dixeris
1042 678 1213 752 doctorum,
1238 679 1291 739 hos
1314 679 1417 740 doctos
1438 681 1523 742 iacit:

188 807 190 812 ’
234 804 304 865 ergo
328 784 419 845 debes
443 781 542 842 dicere
564 780 691 841 duorum
714 780 768 840 hos
790 778 877 849 duos;
913 781 965 841 sed
989 780 1046 841 duo
1069 788 1168 841 tamon
1191 780 1367 860 aliquotiens
1389 780 1523 859 legimus.

232 888 284 950 sed
313 887 368 947 hoc
397 884 559 946 secundum
588 881 721 961 regulam
749 900 808 942 non
837 898 993 961 possumus
1028 883 1136 943 dicere.
1181 891 1313 943 ceterum
1342 882 1452 944 lectum
1481 894 1528 946 est

233 989 367 1052 similiter
395 986 496 1057 ambo,
527 994 557 1046 et
579 984 683 1045 ambos
705 983 796 1044 debes
824 984 933 1045 dicere.
979 984 1030 1045 sed
1054 992 1166 1045 remota
1190 993 1260 1045 sunt
1282 987 1351 1055 ista,
1375 998 1443 1047 non‘
1457 999 1553 1067 pos-⁵

233 1109 335 1152 sumus
359 1090 459 1151 dicere
481 1086 646 1148 secundum
667 1085 811 1165 regulam.
857 1088 933 1166 siqui
957 1086 1036 1147 dicat
1057 1086 1111 1147 tibi
1133 1087 1243 1165 ‘quare
1267 1087 1393 1149 dicimus
1415 1088 1474 1150 duo
1498 1099 1528 1151 et

234 1194 308 1256 duos
332 1201 361 1253 et
383 1191 470 1254 ambo
494 1197 524 1249 et
545 1188 693 1259 ambosl’,
718 1187 792 1249 haec
808 1207 895 1249 causa
913 1197 973 1257 cst,
997 1207 1052 1250 arec
1075 1188 1147 1249 illud
1171 1208 1272 1250 verum
1296 1198 1352 1260 est,
1377 1209 1432 1251 nec
1454 1189 1527 1251 illud

151 1314 153 1318 ·
232 1314 336 1356 verum
364 1302 422 1362 est;
453 1300 482 1353 et
508 1292 648 1371 quoniam
676 1307 732 1350 nec
759 1288 832 1350 illud
861 1309 961 1351 verum
991 1298 1113 1351 estnec
1140 1289 1226 1360 illud,
1256 1288 1413 1372 utrumque
1434 1301 1526 1354 recte.

233 1399 315 1458 etin
337 1397 404 1457 iure
425 1396 467 1456 sic
491 1401 551 1455 est:
575 1393 840 1472 quotienscumque
863 1400 988 1473 utraque
1009 1393 1111 1471 regula
1134 1394 1309 1465 infirmatur,
1333 1405 1458 1475 utraque
1480 1414 1529 1456 re-

234 1500 351 1580 cipitur.
396 1515 488 1576 quare
511 1496 566 1557 hos
589 1497 664 1557 duos
685 1497 770 1570 lacit,
795 1514 861 1556 cum
885 1495 951 1557 duis
973 1513 1033 1556 non
1056 1514 1214 1574 possumus
1238 1497 1241 1574 l
1266 1495 1384 1557 dicere?
1406 1515 1528 1559 necesse
1542 1520 1567 1559 rc

233 1600 324 1664 habet
346 1602 424 1661 enim
447 1601 530 1660 utin
554 1603 579 1660 is
601 1601 708 1661 mittat.
738 1599 836 1658 omnia
860 1601 939 1658 enim
962 1599 1092 1666 nomina,
1117 1617 1192 1677 quae
1215 1601 1245 1658 in
1268 1601 1435 1660 accusativo
1455 1604 1530 1676 plu-

233 1706 296 1765 rali
316 1705 347 1764 in
370 1721 403 1763 οε
426 1708 549 1771 exeunt,
575 1701 705 1763 dativum
727 1699 872 1780 pluralem
895 1702 926 1760 in
949 1701 973 1760 is
997 1701 1131 1761 mittunt:
1156 1707 1240 1780 puta,
1264 1700 1319 1761 hos
1341 1700 1438 1761 claros
1459 1704 1531 1763 iacit

234 1804 281 1866 his
308 1803 410 1871 claris,
439 1803 494 1864 hos
522 1803 626 1863 doctos
654 1803 726 1862 lacit
754 1803 799 1862 his
827 1802 931 1864 doctis.
976 1821 1034 1862 nou
1065 1801 1140 1863 nulli
1162 1802 1263 1862 dicunt
1285 1802 1363 1882 quod
1387 1795 1530 1865 debemus

234 1908 334 1969 dicere
357 1905 431 1976 duo,
454 1905 484 1965 id
506 1915 551 1969 cst
573 1905 628 1965 lros
650 1904 717 1964 diro.
762 1905 872 1983 qnare?
909 1923 977 1965 nam
1000 1906 1025 1964 si
1048 1904 1210 1966 dixerimus
1234 1904 1287 1966 hos
1309 1904 1383 1976 duo,
1408 1924 1531 1968 necesse

235 2008 325 2070 habet
347 2007 460 2067 dativus
482 2009 513 2067 in
536 2026 553 2066 o
577 2009 673 2077 exire,
696 2005 744 2065 his
766 2005 834 2066 duo.
879 2009 976 2066 omnia
1001 2008 1078 2067 euim
1103 2009 1238 2076 nomina,
1268 2025 1342 2087 quae
1364 2011 1530 2084 accusativo
1544 2032 1569 2071 15

235 2109 344 2192 plurali
367 2119 474 2169 exeunt
496 2112 527 2170 in
550 2129 582 2178 o,
606 2111 635 2169 in
661 2108 756 2170 dativo
779 2105 886 2186 plurali
910 2127 969 2168 non
992 2108 1191 2179 declinantur,
1221 2116 1254 2169 ut
1280 2117 1351 2189 puta
1379 2110 1435 2172 hos
1463 2119 1529 2172 octo

137 2231 140 2237 ·
236 2213 282 2273 his
304 2222 382 2273 octo.
420 2211 565 2288 numquid
588 2210 636 2271 his
658 2209 773 2271 ortibus
794 2211 882 2270 iacit?
906 2210 1042 2272 similiter
1065 2219 1095 2271 et
1116 2211 1202 2271 ambo
1226 2210 1280 2272 hac
1303 2213 1417 2273 ratione
1440 2212 1530 2274 decli·

235 2323 336 2383 natum
367 2321 522 2392 utrumque
552 2321 705 2391 receptum
735 2321 780 2373 est
807 2331 861 2391 per
883 2313 1057 2391 analogiam.
1104 2330 1175 2390 ergo
1198 2322 1268 2374 sunt
1289 2316 1407 2374 numeri
1429 2316 1530 2392 singu-

235 2416 323 2485 laris,
345 2423 379 2476 ut
400 2415 448 2475 hic
472 2414 590 2480 doctus,
614 2416 731 2475 numeri
753 2413 890 2494 pluralis,
920 2422 951 2474 ut
973 2414 1004 2474 hi
1026 2415 1119 2485 docti,
1145 2417 1259 2476 numeri
1283 2415 1390 2485 dualis,
1421 2416 1478 2477 duo
1501 2427 1530 2478 et

235 2518 337 2589 ambo,
369 2518 485 2578 numeri
515 2518 694 2588 communis,
723 2525 755 2577 ut
782 2535 830 2576 res
852 2517 947 2577 nubes
969 2516 1042 2577 dies.
1086 2519 1184 2579 omnia
1207 2519 1341 2587 nomina,
1365 2537 1440 2598 quae
1461 2527 1569 2582 santae

236 2629 286 2683 aut
308 2629 431 2700 quartae
460 2627 511 2680 aut
533 2621 652 2699 quintae
675 2618 893 2689 declinationiS‚
922 2618 1075 2698 aequalem
1103 2619 1212 2680 habent
1234 2621 1446 2682 nominativum
1469 2624 1530 2683 sin-

235 2721 370 2803 gularem
402 2729 431 2782 et
454 2724 666 2783 nominativum
688 2720 842 2800 pluralem.
889 2730 1010 2799 quartae
1034 2740 1105 2800 crgo
1129 2730 1158 2782 et
1180 2725 1300 2801 quintae
1324 2722 1531 2786 declinationis

237 2827 356 2887 nomina
379 2842 472 2902 aequa
495 2827 610 2885 ratione
633 2824 806 2885 decurrunt.

321 2928 445 3008 Semper
474 2935 504 2988 et
531 2946 665 3007 semper,
695 2927 749 2996 ait,
778 2925 898 2985 nomina
927 2925 1116 2987 inveniuntur
1142 2928 1172 2986 iu
1201 2935 1327 3006 utroque
1356 2946 1479 2989 numero
1509 2951 1526 2983 a

236 3031 368 3093 eiusdem
398 3030 516 3108 generis
543 3028 615 3089 dicit
642 3047 711 3089 non.
757 3046 824 3088 nam
850 3013 861 3107 l*
877 3029 1065 3088 inveniuntur
1093 3027 1189 3107 aliqua
1218 3030 1338 3090 nomina
1360 3029 1567 3093 deficientiam
1625 3016 1626 3020 ¹

235 3136 266 3195 in
290 3150 414 3194 numero
437 3128 590 3210 singulari.
626 3148 693 3191 nam
717 3148 786 3191 ecce
809 3132 975 3191 invenimus
997 3129 1163 3192 deficientia
1186 3133 1216 3191 iu
1240 3150 1364 3192 numero
1386 3132 1528 3210 singulari

117 3253 178 3314 432,
193 3251 224 3302 18
238 3244 266 3297 et
288 3237 357 3296 item
387 3234 552 3295 deficientia
580 3234 610 3292 in
639 3251 764 3293 numero
787 3232 903 3312 plurali.
950 3242 979 3292 et
1001 3251 1054 3293 cur
1076 3235 1133 3295 ita?
1155 3232 1251 3313 pulvis
1274 3251 1393 3314 semper
1413 3237 1445 3295 in
1468 3236 1528 3297 sin·

235 3337 332 3416 gulari
355 3344 412 3405 est;
435 3335 559 3414 legimus
582 3345 680 3396 tamen
702 3335 779 3415 apud
802 3336 956 3397 Horatium

389 3437 631 3498 novendiales
654 3437 840 3517 dissipare
863 3438 1044 3518 pulveres.

237 3558 309 3619 ergo
330 3540 425 3617 pulvis
447 3542 582 3618 sanguis,
607 3540 680 3600 haec
702 3542 822 3601 nomina
851 3539 990 3600 deliciunt
1011 3542 1041 3599 in
1066 3558 1190 3611 numero
1211 3540 1329 3620 plurali.
1359 3548 1428 3603 sunt
1452 3561 1569 3622 quaem

237 3640 377 3701 deliciunt
409 3642 440 3700 in
473 3660 599 3702 numero
627 3641 782 3721 singulari,
812 3650 844 3703 ut
871 3661 973 3703 manes
1001 3642 1140 3714 Quirites.
1186 3651 1255 3703 sunt
1284 3661 1360 3723 quae
1389 3643 1530 3706 deliciunt

237 3760 362 3803 numero
390 3741 499 3820 plurali
526 3745 644 3821 generis
671 3744 806 3804 seminini
833 3761 852 3797 a
875 3742 1000 3822 legimus
1021 3752 1121 3806 tamen
1144 3753 1174 3805 et
1196 3748 1295 3806 neutri
1316 3744 1373 3806 hoc
1396 3764 1476 3807 esse:
1500 3755 1530 3808 et

305 3911 471 3962 2doctorum
493 3914 518 3962 in
538 3912 585 3963 laos
605 3913 693 3963 doctus
713 3922 736 3963 Α
806 3911 823 3964 3
843 3931 905 3981 ergo
920 3925 993 3982 potes
1012 3915 1095 3966 dicere
1112 3915 1195 3965 ABG
1245 3916 1296 3966 duo
1314 3924 1412 3966 tantum
1431 3917 1529 3981 aliquo·

236 3982 369 4032 tieosBC
443 3983 859 4048 4possumusBCupossumA
938 3987 997 4036 5et
1015 3987 1103 4035 ambos
1118 3998 1190 4051 potes
1210 3986 1332 4036 dicereC
1402 3986 1530 4051 loquare

236 4051 405 4102 inhosduos
424 4052 448 4100 Α
521 4053 551 4104 11
573 4052 728 4118 pluralium.
751 4055 835 4105 Aac
905 4055 937 4106 19
953 4057 1050 4105 numeri
1068 4055 1178 4121 pluralis⁴
1193 4057 1239 4110 αὴ
1265 4057 1364 4106 numeri
1382 4071 1427 4109 our.
1447 4058 1532 4108 ABG

305 4122 340 4174 23
359 4122 496 4170 decurrunt
520 4124 569 4173 BC
593 4123 737 4174 discurrunt
761 4125 813 4177 Ar.
839 4141 904 4190 quae
926 4134 1064 4192 aequantur
1086 4141 1188 4191 semper
1213 4135 1237 4175 et
1261 4129 1531 4193 campaniacum

236 4207 302 4257 quae
321 4185 392 4256 apud
408 4194 530 4242 Donatum
547 4209 574 4257 p,
595 4193 655 4252 376,
675 4196 707 4245 25
724 4212 781 4260 sqq.
801 4196 833 4244 de
850 4197 984 4247 nominibus
1002 4212 1101 4262 semper
1117 4195 1286 4261 ntupum-tous
1304 4200 1344 4246 cci
1358 4213 1457 4260 seraper
1472 4201 1530 4262 plu·

236 4261 333 4313 rutilius
350 4263 448 4327 scriptu
465 4270 523 4311 suut
542 4266 677 4325 pertinent,
697 4267 789 4315 incurva
804 4273 898 4327 cutem,
918 4283 989 4332 quam
1008 4267 1129 4329 indicaui,
1149 4267 1272 4332 quaedum
1289 4267 1320 4319 de
1337 4268 1473 4320 uorrviuilaa
1486 4285 1530 4334 pe·

235 4334 305 4383 aar&
318 4333 448 4382 muscicliai
468 4335 492 4382 iu
505 4348 604 4384 narnvero
621 4337 716 4396 plurali
731 4335 902 4398 deficientibus
916 4339 1073 4392 caemdcruat,
1094 4352 1174 4403 quare
1191 4339 1290 4402 reliqua
1309 4339 1382 4389 etiam
1399 4347 1529 4402 corrupta,

236 4405 274 4455 vic
288 4409 314 4453 ut
328 4405 354 4453 iu
372 4402 499 4453 codicibus
516 4405 615 4468 scripta
632 4413 697 4469 aaut,
716 4408 808 4469 reliqui
876 4406 910 4456 26
929 4421 986 4456 nam
1002 4423 1059 4456 ecce
1079 4409 1222 4458 invenimus
1237 4409 1262 4455 in
1282 4423 1387 4457 numero
1405 4409 1529 4473 singulari

236 4489 283 4527 om,
297 4473 332 4536 A,
350 4472 411 4522 auu.
431 4488 448 4522 a
498 4473 531 4523 28
550 4474 618 4540 apud
638 4474 780 4543 Horatium]
799 4475 874 4541 epod.
893 4476 982 4534 1248
1041 4477 1074 4527 29
1092 4476 1253 4528 nouendialis
1271 4477 1399 4542 dissipare
1417 4478 1530 4543 pulueris

236 4542 261 4594 A
331 4542 365 4596 30
384 4543 448 4593 lvaec
466 4544 569 4594 nomina
586 4544 633 4593 ista
648 4545 767 4596 deficiunt
786 4547 842 4596 AB
895 4544 928 4596 32
944 4546 1059 4596 seminini
1074 4548 1182 4613 legimus
1200 4547 1285 4597 ABG
1301 4546 1415 4597 feminini
1433 4556 1460 4596 ut
1477 4564 1529 4613 pax

237 4616 281 4664 lux
300 4615 410 4682 legimus
428 4631 454 4677 a,
472 4613 521 4665 aed
534 4624 626 4676 postea
644 4617 733 4666 deletis
755 4618 786 4665 iia
809 4632 875 4683 quae
892 4617 981 4667 additu
999 4627 1073 4668 eruat
1092 4629 1119 4667 ut
1136 4634 1187 4685 pax
1204 4618 1258 4667 lux.
1280 4626 1401 4682 corrupta
1417 4619 1530 4670 codicum

236 4688 376 4749 scriptura,
402 4701 474 4750 quam
498 4686 599 4750 reliqui,
623 4687 660 4735 nic
683 4689 781 4737 uidetur
802 4688 955 4751 corripeudc
977 4702 1047 4750 esse,
1072 4699 1130 4739 sunt
1154 4703 1218 4752 quae
1242 4688 1361 4738 deliciunt
1380 4691 1405 4738 in
1423 4703 1529 4739 numero

237 4755 330 4821 plurali
352 4756 455 4820 generis
473 4754 605 4816 feminini,
624 4766 652 4805 ut
671 4749 724 4823 pau¹
743 4757 799 4816 Ιιιιις
820 4759 930 4824 legimus
948 4766 1031 4806 tamen
1052 4767 1076 4808 et
1094 4758 1192 4808 numeri
1211 4757 1315 4825 pluralis
1334 4759 1396 4809 haec
1414 4774 1485 4808 esse:
1505 4770 1530 4809 et

237 4823 300 4874 iliud
319 4824 424 4874 utillud
450 4825 518 4889 apud
535 4824 682 4877 Sallustium
707 4827 825 4892 legimus.
851 4829 911 4877 item
931 4830 1033 4896 generis
1058 4830 1140 4879 neutri
1163 4842 1256 4879 nomen
1278 4829 1362 4879 dedcit
1379 4830 1405 4879 ln
1424 4845 1529 4881 numero

237 4892 340 4959 plurali.
358 4895 392 4957 cs.
411 4896 481 4957 iufra
497 4910 525 4959 p.
546 4895 596 4948 182
610 4896 651 4949 ed.
671 4896 747 4947 Liud.
