3346 5498
223 377 265 448 62
781 377 957 445 CLEDONll

248 508 269 549 p.
283 495 384 536 tata-to
397 490 420 534 l'.

161 569 166 577 ’
222 574 309 635 hinc
325 575 516 635 lacessat’.
535 590 570 632 ex
586 589 689 632 eorum
705 572 836 632 omnium
852 569 1046 631 similitudine
1061 568 1187 630 aliorum
1202 568 1415 631 deiectivorum
1428 588 1517 649 regu·

222 675 281 736 lam
296 677 439 754 requires.
452 709 494 718 —
506 673 683 742 Notandum,
696 692 763 734 curn
778 674 969 751 imperativus
984 671 1088 732 modus
1104 692 1121 732 o
1136 653 1232 733 littera
1248 674 1402 754 linituslsit,
1421 674 1427 747 1
1448 673 1518 734 lacit

122 787 181 850 385,
194 789 210 838 5
224 785 321 837 tamen
343 776 488 856 pluralem
511 785 598 838 cette.
622 813 664 822 -
687 778 730 837 Vt
751 775 889 836 adsum:
919 776 1020 836 adsum
1042 775 1074 834 in
1096 775 1250 853 conposito
1272 784 1354 835 earet
1376 776 1516 854 coniuga-

193 881 318 947 9tione;
348 880 379 939 in
402 878 528 960 simplici
551 879 682 940 secunda
705 876 899 955 intellegitur,
930 878 997 956 quia
1026 895 1091 937 sum
1120 896 1151 937 es
1180 885 1223 937 est
1245 876 1323 937 lacit.
1350 876 1518 956 —Liquet

223 981 310 1050 mibi,
334 980 363 1041 id
387 989 432 1042 est
454 982 641 1043 manifestum
665 988 709 1041 est
723 980 809 1050 mibi,
834 978 1025 1039 defectivum:
1050 978 1121 1039 lacit
1135 978 1272 1058 equidem
1288 977 1419 1057 liquebat
1432 977 1543 1048 mihis

196 1090 359 1163 ttempore
383 1091 480 1144 mutan
509 1084 643 1164 perlecto
671 1090 767 1152 caret,
801 1100 861 1141 noo
891 1082 969 1141 euim
1003 1081 1073 1140 lacit
1100 1078 1193 1159 liquit.
1220 1115 1262 1126 -
1293 1079 1401 1141 Soleo
1433 1080 1518 1140 laxo

222 1184 363 1264 inpleo:
388 1184 483 1254 soleo,
507 1184 606 1266 perdit
629 1187 706 1245 enirn
730 1190 854 1263 tempus.
886 1185 917 1243 in
940 1184 1101 1263 praeterito
1125 1184 1203 1243 enim
1226 1190 1361 1262 tempore
1378 1183 1435 1242 erit
1449 1201 1517 1261 pas·

193 1301 209 1349 8
222 1288 330 1356 sivum,
354 1286 435 1347 soleo
449 1285 553 1349 solitus
568 1306 649 1357 sum,
674 1305 740 1347 eum
756 1288 786 1345 in
802 1287 952 1365 praesenti
967 1287 1092 1346 [ormam
1107 1283 1215 1344 babeat
1229 1285 1324 1344 activi.
1341 1319 1383 1327 —
1399 1283 1517 1344 Verba

223 1407 370 1468 equoque
392 1387 655 1469 impersonalia
679 1407 758 1449 curn
780 1385 1516 1474 peronrnesmodosdeclinaripossint,

223 1491 471 1551 inveniuntur
499 1491 675 1570 quaedam
705 1490 906 1559 defectiva,
942 1498 979 1549 ut
1007 1488 1125 1570 liquet
1154 1489 1323 1550 miseret:
1356 1487 1554 1549 miserebat¹⁰

222 1600 320 1672 potest
342 1593 454 1663 lacere,
478 1611 537 1672 qno
553 1592 641 1654 medo
656 1591 749 1672 liquet
762 1591 903 1672 liquebat.
941 1609 1009 1651 uam
1025 1592 1159 1651 miseruit
1174 1609 1234 1650 nou
1249 1590 1331 1660 lacit,
1355 1577 1413 1670 quo
1428 1591 1517 1651 modo

224 1713 278 1755 uec
301 1694 395 1773 liquit.
433 1693 522 1755 verba
544 1693 744 1773 inpersouaiia
760 1703 898 1774 corrupta
913 1712 968 1773 per
983 1712 1086 1754 omnes
1101 1692 1204 1753 modos
1219 1691 1415 1755 declinantur.
1448 1711 1516 1753 uam

225 1794 289 1866 alii,
314 1799 365 1878 qui
387 1796 528 1858 adserunt
550 1815 641 1878 usque
664 1797 699 1857 ad
724 1798 920 1877 inperativum
944 1794 1100 1865 declinari,
1128 1794 1326 1877 {auctoritate
1347 1796 1514 1856 vincuntur.

738 1967 786 2028 DE
807 1966 994 2027 invariato

179 2096 208 2143 11
307 2085 531 2147 ddverbium
554 2092 718 2165 estpars
741 2087 943 2154 orationis,
973 2103 1069 2161 qrtoe
1096 2084 1242 2146 adiecta
1265 2085 1376 2146 verbo
1399 2086 1555 2164 signi-15

224 2188 445 2249 ficationem
462 2188 702 2268 (adiciturverbo
719 2206 837 2266 semper
853 2186 1041 2257 adverbium,
1065 2187 1142 2248 unde
1159 2198 1188 2248 et
1202 2186 1374 2247 adverbium
1391 2186 1515 2264 dictum)

223 2291 303 2350 eius
330 2298 393 2351 aut
421 2289 583 2367 complet
605 2300 666 2350 aut
688 2291 821 2351 minuit
848 2288 891 2365 (ut
912 2296 957 2350 est
980 2288 1056 2349 bene
1084 2288 1166 2367 lego,
1196 2288 1272 2350 male
1295 2289 1453 2368 describo),
1477 2296 1518 2351 ut

224 2394 335 2452 etiam
367 2393 501 2452 laciam
524 2391 580 2453 rel
608 2411 679 2452 non
709 2393 851 2453 faciam.
895 2390 1071 2451 adverbia
1101 2399 1161 2451 aut
1188 2410 1204 2452 a
1233 2411 1271 2453 se
1294 2399 1514 2454 nascuntur:

223 2496 470 2576 significationem
492 2503 563 2554 tuuc
590 2477 733 2573 complet,
764 2492 825 2573 [ut]
850 2512 916 2553 cum
939 2492 1233 2572 dicimus“pessirne
1256 2495 1366 2554 recito'
1389 2496 1517 2574 ‘optime

224 2599 364 2676 peroro’.
396 2615 415 2650 s
444 2598 590 2674 integrum
615 2605 667 2656 est.
697 2600 722 2655 si
739 2595 803 2655 dico
827 2597 903 2655 ‘iant
925 2596 1057 2663 iaciam’,
1081 2597 1194 2656 srrrnavi
1217 2595 1294 2676 quod
1319 2595 1465 2677 disposui;
1491 2598 1553 2658 aim

223 2699 290 2759 dico
312 2701 392 2758 ‘non
416 2700 549 2768 iaciam',
576 2699 735 2767 infirmavi,
760 2695 838 2775 quod
862 2715 921 2756 non
945 2696 1015 2758 dixi.
1051 2717 1121 2757 ase
1144 2700 1287 2777 originem
1312 2698 1433 2771 ductant,
1457 2718 1516 2760 non

179 2820 211 2866 15
224 2803 302 2862 enim
331 2800 443 2861 babent
472 2801 633 2877 originem,
668 2799 747 2859 unde
775 2808 943 2860 nascantur.
975 2833 1010 2842 —
1044 2803 1068 2867 Α
1096 2799 1290 2871 vocabulo,
1315 2809 1353 2861 ut
1380 2803 1516 2862 ostium

223 2905 406 2970 ostiatim;
436 2921 452 2961 a
482 2903 717 2981 pronomine,
748 2909 786 2960 nt
819 2903 965 2962 meatim
994 2904 1143 2962 tuatim:
1173 2904 1301 2964 ostiatim
1324 2922 1378 2983 per
1401 2903 1517 2982 singula

182 3007 316 3074 raostia,
340 3005 459 3063 meatim
483 3023 549 3064 meo
573 3022 670 3077 more,
697 3005 797 3063 tuatim
821 3012 870 3062 tuo
893 3022 987 3063 urere.
1012 3038 1049 3048 -
1072 3003 1358 3084 Pedetemptim:
1382 3005 1431 3067 hic
1453 3024 1516 3087 poe,

223 3107 357 3186 temptim
379 3113 480 3166 teneo:
504 3124 576 3183 ergo
591 3106 675 3182 qnasi
691 3104 771 3164 dicas
785 3105 892 3184 pedem
909 3113 1004 3166 tenco.
1030 3140 1067 3149 --
1091 3105 1235 3166 ddverbia
1251 3106 1288 3166 ab
1304 3107 1487 3188 appellativis
1511 3107 1553 3188 las

225 3209 269 3269 vel
292 3210 421 3288 propriis
444 3206 613 3269 nominibus
636 3226 711 3286 quae
725 3209 855 3298 vveniunt
875 3195 1002 3287 semper
1017 3209 1048 3268 in
1072 3227 1088 3267 e
1110 3208 1284 3287 productam
1308 3217 1430 3279 exeunt,
1460 3211 1516 3270 ista

226 3320 323 3371 tamen
346 3328 421 3389 quae
444 3330 459 3369 a
482 3317 562 3370 reeta
585 3310 799 3388 significatione
828 3309 1023 3371 descendunt.
1068 3328 1135 3371 uam
1164 3309 1241 3371 bene
1264 3319 1294 3371 et
1315 3310 1392 3371 male
1415 3311 1516 3371 brevia

128 3404 129 3407 ¹
181 3423 307 3481 insunt,
332 3421 361 3473 et
382 3411 430 3472 illa
454 3413 542 3472 etiam
566 3429 641 3490 quae
663 3412 809 3489 originem
831 3431 895 3472 uon.
911 3412 1037 3482 habeut,
1062 3420 1095 3473 ut
1109 3414 1165 3472 rite
1180 3431 1279 3492 saepe.
1298 3449 1332 3457 —
1351 3417 1373 3475 Α
1389 3413 1515 3482 verbo,

224 3523 261 3574 ut
284 3515 422 3575 cursim
446 3515 628 3574 strictim:
653 3512 792 3574 adverbia
810 3519 891 3596 'quae
914 3513 951 3574 ab
975 3513 1039 3574 aliis
1060 3515 1183 3574 veniunt
1205 3533 1240 3574 ex
1264 3515 1309 3574 bis
1333 3514 1427 3576 tribus
1448 3534 1517 3595 par·

180 3634 210 3681 io
224 3614 301 3675 tibus
324 3617 399 3675 liunt
419 3621 547 3684 tanturn,
572 3634 608 3675 ex
631 3617 752 3676 nomine
773 3617 949 3695 pronomine
967 3615 1067 3676 verbo.
1094 3651 1128 3659 -
1153 3616 1379 3696 Participio,
1393 3620 1440 3677 *ut
1460 3619 1516 3677 iu·
1529 3633 1553 3672 eo

224 3715 380 3792 dulgens
402 3715 655 3793 indulgenter.
681 3736 695 3776 a
720 3719 868 3778 nomine
891 3703 1082 3781 venientia
1105 3727 1164 3779 aut
1186 3720 1222 3778 in
1245 3738 1261 3778 a
1286 3727 1456 3780 exeunte
1478 3721 1515 3780 in

223 3825 398 3895 correpta
426 3827 463 3876 ut
489 3818 575 3878 rite:
606 3817 654 3877 hic
677 3821 786 3878 errarit
807 3818 946 3879 Donatus.
990 3839 1062 3880 nam.
1081 3819 1161 3880 nulla
1182 3818 1354 3902 particillpia
1377 3821 1533 3884 adverbia.

224 3938 259 3979 ex
287 3938 319 3979 se
347 3920 466 3979 iaciunt.
511 3937 580 3979 nam
608 3921 638 3979 in
667 3928 780 3980 tantum
802 3920 960 4000 indulgens
982 3941 1090 3983 nomen
1113 3930 1171 3992 est,
1197 3932 1229 3983 ut
1251 3924 1376 4002 recipiat
1396 3941 1515 4003 compa·

223 4023 383 4090 rationem,
407 4019 565 4099 indulgens
586 4020 787 4100 indulgentior
809 4024 1097 4103 indulgentissimus,
1122 4024 1200 4085 unde
1222 4027 1254 4085 nt
1276 4033 1307 4085 ut
1329 4045 1388 4086 non
1411 4028 1515 4089 crada-

293 4211 354 4261 Cod.
374 4209 453 4258 Barna.
476 4208 497 4256 Χ
517 4207 616 4257 8-111
636 4207 675 4259 l*.
747 4210 759 4259 l
780 4210 945 4261 similitudine
997 4210 1162 4260 deiectiorum
1224 4213 1240 4261 2
1258 4212 1381 4281 requires]
1403 4217 1516 4279 sequerit

291 4280 308 4329 3
328 4288 353 4326 ut
371 4283 397 4339 (a
418 4295 473 4326 saur
491 4279 552 4331 add.
572 4281 607 4329 al.
625 4280 704 4339 caan.)
720 4281 811 4328 adsum
832 4282 910 4330 edunt
928 4283 953 4329 in
974 4281 1106 4345 conposito
1172 4283 1317 4333 bdelectio
1392 4286 1422 4336 ll
1443 4295 1515 4350 potes

294 4349 326 4399 12
344 4363 390 4396 nee
409 4349 479 4397 licuit
550 4359 664 4414 correpta
736 4350 768 4400 13
786 4350 836 4398 alia
856 4352 899 4413 qui
919 4352 1072 4399 adseruntur
1142 4353 1274 4402 autoritate
1291 4355 1406 4402 uincetur
1424 4355 1516 4406 aduer-

139 4476 144 4486 ,
224 4421 293 4468 bium
314 4427 353 4468 est
371 4418 520 4467 aduerbium
539 4429 576 4466 est
597 4434 655 4481 para
728 4421 918 4484 loquacem.
990 4421 1067 4468 uerba
1089 4422 1277 4487 significatione
1349 4425 1381 4475 ld
1399 4424 1513 4492 semper]

223 4504 277 4539 sem
349 4488 381 4538 17
400 4488 510 4537 discrtbo
583 4489 615 4538 lli
634 4490 757 4539 discimus
770 4495 853 4554 (corr.
875 4491 996 4549 dicimus)
1016 4491 1113 4555 primae
1130 4495 1207 4543 recito
1224 4495 1335 4557 optimae
1353 4510 1445 4559 peroro

222 4560 254 4611 ’21
276 4561 363 4610 dicunt
375 4573 443 4610 corr.
463 4561 497 4607 al.
516 4575 580 4608 mort.
598 4560 693 4609 ducunt
763 4564 796 4611 22
816 4557 894 4624 euim]
917 4572 1000 4609 tamen
1075 4564 1108 4611 25
1124 4579 1186 4628 ergo
1203 4564 1294 4628 pedem
1313 4575 1386 4614 teueo
1405 4566 1427 4614 si
1444 4567 1515 4615 dicas

291 4629 325 4680 26
342 4631 465 4695 producta
536 4630 570 4680 28
582 4627 670 4694 saepe]
690 4645 791 4695 semper
861 4631 985 4683 33exse
1003 4631 1108 4696 iaciunt]
1129 4642 1222 4681 exeunt
1292 4633 1326 4684 34
1345 4646 1445 4685 creatur

223 4736 524 4743 ——-—----.—..—-

293 4802 327 4852 20
347 4804 473 4869 integrum
497 4812 536 4852 est
552 4802 588 4851 ad
604 4802 766 4862 definitionem
785 4802 899 4854 adverbii
917 4806 1049 4868 pertinere
1066 4806 1176 4871 videtur,
1196 4808 1310 4870 paeoniam
1327 4807 1424 4859 verbam
1442 4813 1517 4860 ettam

224 4886 273 4921 aon
292 4873 378 4923 addito
392 4875 511 4925 adverbio
529 4875 648 4937 inceptam
667 4882 712 4924 ert.
732 4875 815 4938 itaque
832 4877 946 4924 lucanam
963 4877 1073 4926 indicaui
