3346 5498
241 342 303 408 648
798 347 979 411 uacuum!

193 434 247 555 χ’
268 466 289 505 p.
303 456 347 495 aas.
361 456 387 493 or
401 452 428 494 v.

241 533 333 611 pudet
361 532 432 592 lieet
460 535 596 600 miseret,
626 532 766 593 taedebat
792 533 913 612 pigebat
935 533 1065 613 pudebat
1088 533 1197 594 licebat
1219 535 1397 604 miserebat,
1424 544 1551 596 tacsum

243 642 287 693 est
315 636 385 704 luit,
416 635 538 714 puduit,
568 635 677 713 piguit,
707 633 790 694 licuit
818 636 862 696 vel
892 636 1008 695 licitum
1036 643 1081 695 est
1109 636 1179 704 luit,
1210 637 1367 697 misertum
1399 646 1450 698 est
1475 638 1548 701 sirit

242 745 355 797 laesum
378 745 443 797 erat
464 738 577 806 linerat,
601 736 766 816 puduerat,
791 739 940 815 piguerat,
965 735 1091 798 licuerat
1116 740 1164 798 vel
1191 738 1305 798 licitum
1335 746 1405 799 erat
1427 740 1546 808 lucrat,

243 841 397 900 misertum
426 846 489 899 erat
516 840 627 907 luerat,
657 837 790 898 taedebit
817 838 932 918 pigebit
952 838 1078 918 pudebit
1100 838 1204 899 licebit
1225 839 1413 921 miserebit„
1441 841 1491 900 sic
1515 848 1547 901 et

242 943 382 1001 ‘teritum
405 943 461 1000 esl’
485 939 715 1020 inpersonaliter
730 942 867 1018 figurarit
881 941 998 1001 Tudius
1015 941 1044 1000 iu
1060 941 1191 1001 seeundo
1206 941 1242 1001 de
1258 940 1369 1002 linibus
1387 940 1569 1005 bonoruma

242 1050 272 1102 et
294 1043 453 1112 malorum,
482 1043 673 1121 ‘primum'
702 1044 798 1119 inquit
831 1043 1039 1122 ‘Aristippi
1068 1043 1437 1123 Cyrenaicorumque
1464 1062 1544 1104 om-

242 1147 355 1213 nium,
390 1163 479 1223 qrros
513 1163 582 1204 raon
617 1152 676 1203 ost
708 1144 867 1203 veritum
895 1145 932 1204 iu
961 1162 1001 1203 ea
1029 1144 1235 1224 volcrptate,
1264 1163 1355 1223 quae
1378 1149 1541 1207 maxima

181 1308 183 1312 Α
242 1246 441 1308 dulcedine
471 1264 616 1306 sensum
638 1252 817 1313 moveret,
841 1264 1013 1305 summum
1037 1244 1169 1306 beurim
1193 1248 1360 1325 proruere’.
1388 1244 1540 1330 libata-

242 1367 308 1408 men
331 1349 450 1408 omniuo
472 1350 595 1427 propria
617 1348 805 1416 Latinorum,
834 1366 909 1426 qrrae
933 1349 963 1407 in
986 1355 1035 1407 tur
1057 1355 1166 1408 exeunt
1188 1355 1218 1407 et
1239 1366 1294 1427 per
1315 1348 1433 1425 singula
1462 1357 1540 1410 tenr-

243 1468 312 1528 pora
342 1452 373 1510 in
401 1450 540 1509 onuribus
566 1449 663 1509 modis
689 1467 725 1508 ex
753 1451 841 1509 tertia
864 1451 985 1508 veniunt
1008 1467 1134 1527 persona
1157 1449 1365 1510 declinationis
1387 1453 1537 1530 passivae,
1554 1480 1577 1515 m

243 1551 350 1613 llomac
373 1551 448 1611 bene
471 1551 609 1619 docetur,
634 1549 710 1610 bene
734 1557 885 1630 spectatur
908 1552 939 1610 in
962 1552 1052 1620 circo,
1077 1552 1194 1611 fortiter
1216 1551 1374 1611 dimicatur
1397 1554 1429 1612 in
1454 1552 1537 1613 ludo.

241 1653 296 1713 boe
319 1652 444 1733 amplius
472 1655 588 1731 species
610 1655 666 1712 ista
689 1653 838 1731 procedit,
869 1658 901 1712 ut
923 1654 1012 1712 etiam
1036 1672 1071 1712 ex
1095 1654 1210 1713 neutris
1231 1655 1262 1712 in
1286 1661 1335 1712 tur
1356 1654 1537 1733 lupersona-

241 1755 281 1815 lia
308 1757 493 1833 figmentum·
517 1757 649 1815 curritur
677 1762 772 1814 statur
800 1754 921 1814 sedetur
955 1753 1152 1815 discumbitur
1185 1755 1348 1834 prandetur
1383 1766 1538 1834 pugnatur

242 1858 302 1916 itm
324 1856 452 1916 caletur:
476 1857 597 1917 Plautus
619 1859 650 1916 in
673 1857 804 1935 Captivis

391 1961 494 2038 (perosi
518 1977 596 2019 cum
619 1958 768 2018 caletur
790 1957 935 2019 coeliae
956 1960 990 2016 iu
1014 1962 1162 2019 occulto
1184 1959 1319 2027 latent;
1550 1987 1573 2023 ιτ.

241 2069 346 2137 egetur
373 2061 451 2120 idem
480 2063 510 2119 in
538 2059 696 2133 Psemlolo,
727 2060 875 2136 ‘egetur
902 2066 1012 2134 atque
1040 2067 1182 2121 amatur
1210 2061 1416 2139 ampliter'.
1465 2082 1534 2124 curn

240 2165 331 2235 ipitor
355 2179 411 2237 per
438 2169 573 2238 temporo
600 2168 726 2222 cumulet
753 2170 782 2221 et
810 2162 928 2231 modos,
956 2164 1022 2222 sino
1051 2165 1184 2241 personis
1211 2170 1308 2221 tomen
1337 2171 1367 2222 et
1396 2167 1536 2225 numeris

241 2263 440 2333 «inclinantur,
469 2265 599 2324 curritur
622 2262 798 2324 currebatur
826 2281 946 2324 cursum
969 2271 1014 2324 est
1036 2263 1090 2323 luit
1113 2281 1231 2323 cursum
1254 2272 1318 2323 erat
1340 2265 1440 2325 iuerat
1464 2284 1534 2326 eur·

242 2373 333 2425 retur.
379 2366 454 2426 banc
476 2366 708 2444 inpersonalium
732 2367 862 2444 speciem
890 2384 1015 2443 graecus
1038 2383 1135 2425 sermo
1158 2366 1277 2444 penitus
1299 2367 1428 2442 ignorat..
1477 2368 1534 2428 boe

240 2485 357 2547 ortoque
380 2468 536 2527 latinitatis
551 2475 596 2526 est
610 2469 780 2546 proprium,
804 2468 881 2547 quod
898 2467 1056 2547 qliaedaru,
1081 2484 1147 2527 eum
1165 2486 1200 2526 ex
1216 2469 1310 2527 activa
1326 2467 1533 2529 declinatione.
1547 2498 1571 2530 :n

241 2569 417 2649 prumualia‘
435 2570 506 2634 sint.
536 2571 567 2630 in
595 2587 720 2648 persona
749 2570 889 2647 patieutis
920 2571 994 2629 liunt
1022 2570 1229 2648 inpersonalla.
1274 2587 1340 2630 nam
1364 2571 1534 2635 ‘maledico

240 2671 311 2738 tibi,
336 2671 453 2742 insideo
477 2671 547 2740 tibi,
576 2688 668 2730 noceo
692 2669 765 2730 tibi’
794 2672 858 2730 sine
882 2669 972 2730 dubio
995 2672 1107 2731 activae
1131 2672 1355 2746 significationis
1378 2680 1466 2738 sunt:
1501 2676 1532 2733 in

240 2792 365 2853 persona
388 2791 459 2832 vero
481 2775 622 2852 patieutis
644 2791 702 2832 non
732 2783 811 2831 recte
841 2773 952 2832 dieitur
981 2773 1159 2833 ‘maledicor
1182 2792 1197 2830 a
1219 2780 1265 2840 te,
1290 2773 1427 2833 invideor
1450 2794 1466 2835 a
1491 2784 1532 2841 to,

240 2894 348 2937 norror
376 2894 392 2935 a
421 2876 479 2943 le'‚
509 2875 560 2934 scd
584 2873 790 2934 ‘maledicitur
812 2872 884 2934 mil'd
908 2881 1136 2943 ate‚·nocetur
1160 2874 1230 2934 milri
1260 2893 1276 2934 a
1305 2882 1349 2942 te,
1374 2876 1533 2938 invidetur

240 2978 310 3038 mibi
335 2998 350 3038 a
373 2979 429 3044 te’.
454 2996 528 3056 quae
551 2977 645 3036 forma
668 2977 865 3055 inpersooalis
888 2985 942 3035 est.

122 3097 222 3155 asangm
257 3118 265 3129 ·
325 3079 365 3139 lle
393 3080 572 3157 usurpativa.
617 3078 692 3138 hanc
721 3078 841 3157 quidam
870 3078 995 3155 gertmdi
1026 3078 1145 3138 modum
1170 3078 1214 3137 rel
1238 3078 1456 3157 participialem
1481 3099 1532 3139 vo-

208 3191 212 3206 '
239 3191 319 3250 learnt,
349 3184 417 3261 quia
440 3180 529 3240 rerlm
552 3183 617 3240 eius
643 3198 736 3258 pacm
765 3182 863 3240 ιιιιιιιίι
886 3178 993 3239 similia
1017 3182 1184 3258 participiis
1206 3187 1275 3240 sunt
1296 3188 1327 3239 et
1348 3176 1408 3239 sola
1433 3184 1532 3259 sigui·

238 3286 373 3344 lleatione
401 3282 550 3343 distantia.
595 3300 663 3340 narn
692 3281 837 3342 salutandi
865 3290 895 3341 et
917 3281 1071 3342 salutando
1095 3290 1125 3340 et
1153 3281 1337 3342 salutandum
1361 3302 1394 3342 ac
1417 3284 1531 3344 saluta·

238 3394 314 3454 ιιιιιι,
346 3403 412 3443 (cerm
441 3402 496 3463 per
524 3402 554 3441 se
583 3382 739 3451 dicuntur,
763 3385 918 3462 partieipia
943 3383 1080 3442 videnlur
1102 3384 1221 3444 (ausibus
1243 3384 1436 3451 declinanda:
1461 3405 1531 3446 cum

237 3506 307 3546 vero
335 3505 388 3565 per
415 3486 490 3546 banc
520 3487 644 3545 formam
667 3485 876 3563 proferuntur,
900 3484 974 3544 duee
997 3502 1085 3544 seusu
1109 3485 1187 3545 aliud
1211 3504 1275 3544 esse
1299 3485 1570 3564 deprehendens.

237 3598 294 3649 tur.
341 3607 407 3648 uam
431 3586 520 3646 ‘vado
543 3586 718 3646 salutatemr'
742 3587 796 3646 boe
824 3595 868 3646 est
896 3586 995 3647 dicere
1019 3586 1109 3648 ‘vado
1132 3587 1276 3647 salinare'
1300 3595 1350 3647 aut
1373 3587 1426 3647 ‘ul
1450 3589 1532 3649 salu·

237 3695 329 3751 tem’:
354 3690 500 3765 Vergilius

385 3799 554 3851 venatum
578 3791 720 3850 deneas
743 3808 885 3868 ruraque
908 3792 1118 3851 miserrima
1141 3790 1232 3850 uiuo

385 3895 422 3952 in
446 3910 570 3952 neruus
593 3894 648 3951 ire
673 3900 817 3969 parant,
1236 3950 1240 3958 ,

237 3996 265 4055 id
295 4004 340 4054 est
368 3996 468 4054 terrori
496 4002 547 4054 aut
574 4001 606 4053 ut
635 4000 786 4053 vertentur.
833 3993 960 4073 «lenique
989 3996 1132 4068 liniuntur
1161 3997 1249 4055 eliam
1279 4014 1315 4053 ex
1344 3994 1392 4054 bis
1426 3997 1534 4058 verbis
1547 4025 1572 4060 :e

236 4116 311 4177 «pirae
335 4099 478 4175 passivam
502 4094 732 4154 ‹leuzliualionem
756 4113 814 4154 non
838 4095 962 4164 babent,
987 4105 1018 4156 ul
1040 4104 1171 4156 natatum
1196 4116 1248 4161 ιιιι,
1272 4095 1457 4157 nmlmlatum
1482 4118 1532 4163 eo.

236 4267 538 4277 μ

303 4353 371 4402 3rel
383 4360 441 4414 post
454 4351 557 4398 licuerat
570 4348 654 4397 omB
723 4346 1055 4415 dmisertnm]mertumB
1124 4345 1531 4414 sicetvemnmest]Gettxv

237 4425 268 4471 13
337 4419 539 4469 bdellnibusb.
554 4416 710 4465 manmit
725 4419 810 4471 13.3o
879 4417 1074 4467 ilduleidinell
1144 4417 1324 4483 llplatusB:
1342 4416 1482 4481 Coptll.
1500 4426 1532 4472 12

306 4492 336 4538 lb
353 4489 415 4537 coeli
429 4521 557 4539 ........
570 4485 648 4533 latam
662 4484 700 4534 Il:
717 4487 842 4548 suppleoit
862 4488 946 4534 editor
967 4486 1177 4536 Vindobononsls.
1205 4490 1270 4535 simet
1286 4487 1387 4549 reliquo
1404 4504 1474 4550 paroc
1492 4492 1533 4539 ιἰι-

235 4560 335 4607 clinntis·
351 4558 445 4606 litteris
463 4560 664 4619 expresserunt
733 4555 764 4602 16
782 4554 806 4601 iu
826 4551 963 4618 l‘sendolo]
985 4554 992 4600 l
1010 4557 1035 4611 3,
1054 4555 1087 4603 39
1105 4552 1140 4614 (a.
1155 4555 1205 4603 ‘373
1218 4554 1261 4616 ll.)
1333 4555 1363 4601 17
1382 4568 1491 4605 nonii-ro
1506 4559 1533 4607 B

303 4628 335 4674 '26
347 4624 384 4672 De
397 4626 544 4688 usurpativa
552 4649 581 4656 —
589 4622 682 4680 banuo
696 4621 761 4669 lectu
774 4624 858 4671 alieno
871 4624 925 4671 loro
936 4623 1088 4685 posituram
1101 4623 1163 4670 uidit
1175 4621 1262 4673 lanies.
1273 4636 1352 4685 euque
1361 4627 1534 4688 transposuit

233 4702 295 4757 post
307 4695 390 4754 ocul
404 4693 485 4757 potuit
497 4692 618 4739 invenire.
638 4692 706 4738 poliri
717 4696 799 4738 lonico
812 4692 836 4737 ln
849 4690 887 4738 dir
899 4691 1030 4751 emrerptis
1042 4690 1074 4737 ub
1087 4692 1178 4739 ordiam
1189 4692 1285 4739 rodinis
1296 4690 1431 4745 recedere.
1449 4710 1534 4756 proe—

235 4765 320 4811 serta'm
338 4763 483 4824 reimplere
501 4761 592 4809 ortissu
611 4773 665 4806 esse
684 4759 815 4806 pernimio
832 4760 880 4805 sit:
897 4761 932 4819 ef.
951 4758 1034 4805 Ilione.
1052 4773 1078 4819 p.
1097 4761 1160 4818 395,
1180 4760 1209 4807 11
1280 4757 1386 4819 ponium
1405 4763 1534 4815 modoet

235 4827 457 4896 participialrmll
526 4829 558 4877 27
572 4824 740 4892 participiali
809 4828 841 4875 33
860 4825 1030 4874 tarnatomll:
1053 4826 1132 4889 l'rrp,
1150 4827 1216 4876 Aen.
1232 4826 1377 4883 illini,
