3346 5498
189 1131 414 1260 riorum
442 1164 496 1257 u
523 1162 688 1280 3333
714 1109 1027 1258 33333333
1055 1163 1099 1257 u
1125 1163 1328 1258 333333

651 1539 700 1600 33
721 1538 867 1601 uomuu
998 1510 999 1513 ‘
1068 1568 1072 1574 ·
1148 1568 1300 1621 ,auu
1316 1568 1376 1608 nom.

198 1659 298 1731 Quare
330 1658 478 1718 inchoavit
507 1658 636 1718 Donatus
666 1676 681 1717 a
711 1660 831 1718 nomine
864 1664 893 1717 et
922 1676 980 1718 non
1014 1675 1029 1716 a
1062 1654 1173 1724 littera,
1205 1677 1271 1719 oum
1305 1655 1354 1717 alii
1386 1675 1401 1716 a

115 1759 210 1822 littera
234 1760 441 1820 inchoassent?
465 1760 567 1820 Sciens
593 1759 725 1820 Donatus
752 1761 818 1838 quia
845 1767 874 1818 et
899 1760 960 1838 ipsa
984 1757 1081 1818 littera
1104 1775 1212 1818 nomen
1236 1765 1312 1826 erat,
1336 1755 1403 1815 ideo

60 1862 263 1924 ‚sineboavit
282 1881 297 1922 a
322 1864 440 1923 nomine
463 1871 492 1922 33
515 1880 573 1922 333
596 1881 612 1922 3
635 1861 740 1922 littera.
786 1861 849 1932 Ouo
872 1861 977 1920 modo?
1000 1861 1071 1921 Puta
1095 1862 1120 1920 si
1142 1876 1287 1920 assumam
1310 1876 1403 1918 unum

114 1984 238 2034 nomen,
267 1965 365 2025 divido
389 1963 459 2024 illud
483 1983 537 2043 per
565 1962 704 2042 syllabam
736 1962 838 2024 ultima
861 1961 971 2042 syllaba
994 1980 1068 2042 3333
1090 1962 1283 2030 remanserit,
1307 1959 1403 2020 divido

113 2067 193 2127 illam
222 2085 276 2146 per
304 2066 431 2135 litteras,
461 2064 557 2126 littera
586 2084 659 2144 3333
689 2067 865 2126 remanserit
896 2065 987 2125 dividi
1021 2083 1079 2125 non
1111 2073 1210 2144 potest
1238 2071 1267 2122 33
1296 2081 1403 2123 nomen

114 2148 189 2229 est.⁸
213 2168 281 2227 ideo
305 2187 319 2227 a
343 2170 462 2228 nomine
485 2167 631 2227 inchoavit
658 2174 687 2226 et
715 2185 774 2227 non
803 2186 819 2227 a
849 2165 955 2227 littera.
993 2201 1026 2209 —
1057 2166 1192 2227 Nomen
1221 2165 1404 2242 quidest?

113 2270 203 2332 Pars
237 2271 420 2332 orationis
457 2287 532 2329 eum
573 2287 674 2330 casu:
721 2269 786 2340 Ouo
819 2268 906 2328 modo
939 2286 1009 2347 pars
1042 2269 1184 2328 orationis
1216 2286 1283 2328 eum
1316 2267 1404 2326 oasu‘?

75 2392 102 2430 ro
115 2371 187 2433 Pars
209 2370 366 2432 locutionis
389 2390 454 2431 eum
477 2390 555 2431 3333.
601 2369 794 2443 Quomodo?
831 2370 904 2441 Quia
934 2373 1066 2449 quamvis
1094 2370 1270 2432 defectivum
1292 2371 1331 2428 sit
1352 2386 1403 2428 no·

114 2491 197 2543 men,
227 2474 291 2533 sine
321 2491 391 2534 3333
420 2492 486 2532 3333
515 2492 573 2534 333
602 2481 708 2551 potest.
752 2471 842 2533 babet
869 2473 947 2532 enim
977 2480 1028 2532 333
1054 2492 1143 2533 unum
1173 2481 1224 2534 aut
1253 2472 1327 2532 duos
1355 2478 1405 2530 aut

115 2574 314 2655 quantoslibet
336 2576 372 2635 de
394 2576 456 2634 istis
479 2594 529 2634 sex
553 2574 680 2635 nasibus.
721 2573 818 2644 Quare
836 2573 909 2634 dixit
931 2578 1018 2652 ‘pars
1040 2576 1181 2636 orationis
1204 2593 1272 2635 eum
1295 2573 1403 2634 oasu'l

115 2677 187 2748 Quia
210 2696 285 2756 puer
307 2676 376 2737 inde
399 2675 619 2763 ambiguitatem
642 2674 744 2744 babet,
775 2694 810 2736 oo
834 2674 912 2754 quod
936 2679 1105 2755 pronomini
1128 2686 1157 2737 33
1178 2678 1333 2756 participio
1356 2693 1403 2735 33-

115 2797 164 2839 333
193 2778 345 2848 aooidunt,
374 2780 450 2839 siout
478 2785 507 2837 et
535 2779 655 2838 nomini.
701 2777 771 2838 dicit
800 2779 957 2858 Pompeius
984 2778 1088 2858 ‘plane
1117 2781 1194 2839 seire
1221 2777 1313 2838 debes
1336 2778 1403 2855 quia

80 2879 165 2959 uqui
187 2879 315 2957 aliquam
337 2898 400 2940 rem
424 2880 527 2939 delinit
547 2881 585 2940 ita
609 2878 698 2939 debet
719 2879 857 2948 delinire,
890 2887 921 2939 33
943 2888 971 2940 33
993 2881 1087 2960 ipsam
1109 2900 1173 2942 rem
1196 2881 1350 2960 exprimat,
1375 2885 1405 2938 et

116 3000 132 3040 a
154 2983 264 3042 ceteris
285 2981 375 3042 rebus
398 2983 544 3059 seiungat,
569 2983 608 3040 ita
633 2988 665 3040 ut
686 2982 769 3060 prius
790 2980 868 3042 dieat
888 2981 965 3062 quod
989 2999 1147 3043 commune
1170 2991 1227 3053 est,
1251 2990 1281 3041 et
1302 2991 1404 3060 postea

116 3083 194 3161 quod
218 3085 372 3163 proprium
397 3091 442 3143 est
451 3089 469 3143 '.
515 3089 544 3143 et
572 3083 702 3144 Donatus
730 3083 806 3144 banc
829 3082 961 3162 regulam
984 3103 1103 3145 servans
1125 3087 1208 3164 prius
1230 3083 1304 3143 dixit
1324 3079 1402 3161 quod

117 3202 273 3245 commune
297 3193 356 3254 333,
382 3194 410 3245 33
431 3192 531 3264 postea
556 3185 633 3264 quod
657 3187 810 3264 proprium
834 3193 887 3245 est.
917 3184 987 3245 dum
1003 3186 1076 3245 dixit
1098 3186 1183 3247 ‘eum
1200 3189 1298 3254 easu’,
1322 3200 1402 3242 3333-

117 3304 233 3347 munem
258 3305 320 3346 rem
349 3287 436 3356 dixit,
467 3289 535 3366 quia
563 3288 732 3365 pronomini
760 3293 788 3347 33
815 3287 971 3366 participio
993 3306 1077 3347 casus
1099 3288 1251 3356 accidunt,
1275 3288 1353 3347 sieut
1375 3291 1404 3344 et

86 3389 241 3449 nnomini.
272 3387 323 3448 sed
347 3388 480 3449 otiliam
503 3388 539 3448 ad
561 3390 773 3468 proprietatem
796 3387 988 3467 perduceret,
1013 3389 1083 3449 dixit
1107 3391 1235 3469 ‘eorpus
1249 3397 1300 3449 aut
1316 3389 1403 3455 rem',

119 3508 192 3570 quae
214 3496 329 3549 tantum
353 3488 440 3549 modo
463 3492 575 3550 nomini
597 3491 747 3560 accidunt,
777 3507 837 3549 non
865 3489 929 3550 aliis
950 3489 1049 3551 rebus.
1084 3491 1162 3551 unde
1185 3490 1293 3558 Audax,
1317 3488 1404 3548 ‘dett-

120 3592 188 3651 nitio
213 3590 282 3671 quid
307 3591 369 3651 esti
392 3593 486 3652 oratio
509 3611 583 3671 3333
606 3591 633 3652 id
658 3592 768 3668 dequo
791 3593 943 3671 quaeritur
966 3600 1067 3671 aperte
1090 3591 1233 3654 describit
1254 3599 1285 3652 33
1306 3591 1403 3652 deter-

120 3695 221 3761 minat,
251 3701 283 3752 ut
310 3701 382 3771 puta
410 3696 435 3754 si
463 3712 588 3774 quaeras
616 3714 632 3754 3
659 3712 722 3763 me,
751 3693 820 3774 quid
846 3696 885 3754 sit
913 3693 1018 3765 bomo,
1047 3693 1249 3775 respondebo,
1279 3691 1404 3754 ‘animal

119 3792 257 3855 rationale
280 3794 403 3854 mortale
427 3797 504 3856 risus
526 3798 645 3875 capax'.
676 3795 744 3856 dum
768 3796 841 3856 dixit
863 3796 1015 3866 ‘animal',
1038 3816 1226 3858 communem
1242 3815 1305 3857 rem
1322 3795 1403 3863 dixit,

80 3899 184 3976 asquia
214 3914 300 3956 omne
330 3896 407 3976 quod
436 3898 503 3957 vivit
531 3907 559 3958 et
587 3917 642 3977 per
668 3917 700 3958 33
729 3906 865 3959 movetur
891 3917 980 3978 super
1008 3906 1118 3960 terram
1147 3897 1254 3960 animal
1281 3898 1403 3958 dicitur:

120 4015 184 4058 nam
207 3997 330 4058 arbores
353 4007 501 4059 33333333
530 3999 696 4060 inanimalia
717 4010 886 4071 moventur,
915 4002 1050 4063 sednon
1072 4019 1108 4060 ex
1131 4020 1177 4071 se,
1207 4003 1264 4062 nisi
1286 4019 1301 4060 a
1325 4009 1404 4061 tactu

120 4108 166 4159 aut
187 4098 316 4179 impulsu
339 4098 495 4160 cuiuslibet
516 4103 569 4161 rei.
608 4102 678 4162 dum
701 4101 773 4161 dixit
795 4103 985 4174 ‘rationale',
1001 4105 1164 4182 segregavit
1178 4102 1213 4163 ab
1230 4102 1405 4163 animalibus

118 4198 224 4271 brutis,
249 4209 278 4261 et
300 4201 356 4261 boo
378 4200 465 4271 dixit,
484 4202 560 4282 qnod
584 4222 740 4264 oonimune
763 4203 852 4264 babet
874 4205 962 4266 honio
985 4225 1050 4266 oum
1075 4205 1199 4284 angelis,
1217 4207 1284 4283 quia
1307 4202 1403 4282 angeli

178 4444 205 4500 R
228 4445 311 4500 editio
335 4445 466 4501 Romana
490 4465 517 4500 α.
543 4446 622 4503 1797
646 4464 662 4503 3
685 4449 783 4504 codiee
805 4448 939 4504 Palatino
963 4440 1044 4504 1746
1067 4463 1209 4522 expresso

182 4610 200 4659 6
221 4624 266 4673 per
284 4608 397 4674 syllabas
415 4638 449 4648 —
468 4612 537 4660 iilam
555 4629 602 4664 om.
618 4613 650 4675 R,
669 4613 729 4664 add.
750 4613 775 4662 B
846 4612 876 4662 ll
897 4610 984 4677 babet]
1005 4612 1132 4664 linbuitli
1204 4615 1235 4663 tt
1254 4609 1401 4676 Pompeius]

116 4693 140 4740 p.
157 4677 250 4731 90.eu.
271 4679 347 4733 Lind.
436 4679 523 4748 debes]
549 4682 664 4732 debetR
734 4684 764 4732 21
786 4681 995 4733 delinitio-23
1013 4685 1080 4733 risus
1097 4699 1178 4749 capax
1196 4699 1231 4732 ex
1245 4681 1358 4731 Audncr'e
1370 4683 1402 4730 de

117 4756 172 4799 orte
191 4752 355 4813 premanere
372 4751 450 4807 libro,
478 4754 520 4816 qui
538 4760 575 4801 est
592 4754 617 4802 in
634 4754 720 4802 codice
738 4752 865 4802 Beruenri
882 4751 933 4804 336
957 4761 981 4802 et
999 4753 1155 4818 dionymos
1171 4754 1221 4802 234
1238 4753 1320 4815 petito
1344 4759 1403 4802 3333

183 4821 216 4869 Ἠ
239 4818 371 4887 rationale]
393 4823 539 4871 rationabile
555 4822 577 4871 ll
648 4824 680 4873 ‘26
696 4832 833 4873 mouentur
852 4822 1097 4874 llnrouebunturlt
1169 4823 1216 4871 nisi
1232 4822 1322 4872 adactu
1343 4823 1367 4872 B
