3346 5498
682 391 917 454 continuavit
1387 393 1445 460 151

1262 515 1282 555 p.
1299 503 1421 545 ita—act„

152 584 224 665 quid
251 591 302 644 aut
329 582 448 650 minuit,
478 588 508 640 et
535 580 592 641 hoc
620 581 716 659 ipsum
746 579 823 660 quod
847 581 954 640 minuit
981 580 1159 642 adsensum
1183 593 1285 660 auget,
1313 576 1447 646 ceterum

151 685 188 748 ad
212 702 316 746 sonum
340 684 455 767 minuit.
500 690 625 761 utputa
647 681 751 742 doctus
774 681 887 741 doctior
910 681 1109 744 doctissimus:
1134 701 1203 743 ecce
1227 684 1274 745 bic
1297 687 1387 746 auxit.
1418 693 1448 746 et

150 789 222 849 item
250 786 357 847 stultus
383 782 499 843 stultior
526 783 732 856 stultissimus,
762 785 867 844 minuit
890 785 989 863 quasi,
1013 783 1064 844 sed
1086 791 1186 857 tamen
1210 770 1333 846 revera
1357 789 1445 848 ausit.

151 891 228 950 etsi
251 887 331 948 dicas
359 904 478 967 pauper.
498 887 658 965 pauperior
688 883 754 965 [qui
775 887 846 946 satis
870 883 873 965 1
899 886 995 946 minus
1018 874 1119 966 habet]
1144 889 1365 967 pauperrimus,
1390 890 1443 949 mi-

122 992 216 1053 ⁵nuit
244 989 378 1070 quidem,
407 987 459 1048 sed
486 996 585 1048 tamen
614 989 704 1048 auxit.
750 1007 766 1048 e
794 989 944 1048 contrario
971 985 1058 1067 plane
1086 988 1165 1067 quod
1187 988 1236 1048 hic
1258 1008 1318 1050 non
1340 989 1442 1061 habes,

150 1093 208 1153 boc
230 1095 307 1152 scire
331 1090 437 1161 debes,
461 1090 518 1149 hoo
542 1107 600 1151 nou
623 1089 697 1150 dixit
718 1090 864 1160 Donatus,
888 1088 965 1169 quod
990 1108 1090 1150 verum
1115 1098 1168 1150 est.
1202 1097 1231 1150 et
1252 1093 1310 1151 iam
1333 1090 1442 1153 lectum

152 1204 197 1255 est
218 1195 275 1255 hoc
297 1192 388 1261 male;
413 1199 510 1253 tamen
534 1210 652 1253 servare
674 1190 825 1252 debemus.
857 1190 926 1271 quid
950 1193 1028 1251 enim
1052 1190 1137 1251 nobis
1160 1191 1253 1261 obest,
1277 1212 1344 1253 cum
1369 1195 1442 1255 scia·

150 1316 233 1366 mus,
257 1295 326 1376 quid
350 1293 513 1355 debeamus
535 1294 658 1353 cavere?
686 1295 784 1353 omnia
807 1291 910 1362 verba,
934 1310 1008 1371 quae
1031 1292 1204 1354 naturaliter
1226 1313 1280 1373 per
1301 1313 1333 1354 se
1355 1294 1442 1374 plena

150 1406 233 1468 sunt,
257 1415 316 1458 uon
340 1396 450 1457 debent
471 1396 607 1475 accipere
630 1396 881 1473 conparationem.
917 1412 984 1454 uam
1007 1396 1153 1475 incipiunt
1175 1414 1240 1457 esse
1262 1415 1321 1457 non
1343 1396 1440 1476 plena.

111 1513 136 1553 ¹⁰
151 1503 175 1562 si
200 1501 278 1562 enim
307 1498 359 1559 das
387 1499 643 1578 conparationem,
673 1515 732 1575 uon
761 1503 830 1558 sunt
852 1494 948 1575 plena.
993 1497 1143 1575 perfectus
1166 1500 1214 1577 qui
1238 1499 1360 1570 dicitur,
1385 1501 1441 1560 nisi

151 1605 200 1664 cui
221 1600 294 1662 nibil
317 1600 417 1661 deest?
440 1602 465 1662 si
481 1600 629 1679 acceperit
644 1600 899 1676 conparationem,
923 1599 1084 1677 perfectior
1100 1600 1341 1678 perfectissimus,
1365 1601 1441 1662 male

150 1704 284 1765 dicimus.
328 1722 383 1782 qua
407 1702 540 1763 ratione?
569 1701 651 1778 quia,
676 1702 699 1760 si
723 1699 832 1761 dixeris
855 1703 925 1760 ‘iste
947 1701 1100 1779 perfectus
1122 1711 1180 1770 est,
1205 1704 1261 1762 iste
1281 1705 1442 1783 perfectior

149 1809 221 1876 est’,
245 1805 315 1866 dum
336 1806 441 1885 incipit
462 1806 517 1864 iste
541 1821 606 1863 esse
628 1804 804 1882 perfectior,
828 1801 878 1861 ille
901 1803 958 1861 iarn
981 1803 1133 1881 perfectus
1156 1823 1214 1864 non
1238 1806 1309 1872 erit;
1338 1807 1363 1864 si
1384 1806 1440 1866 iste

147 1908 395 1988 perfectissimus,
425 1904 475 1965 ille
501 1905 663 1984 perfectior
689 1922 749 1965 non
778 1906 842 1965 erit.
888 1904 980 1965 babes
1006 1902 1063 1966 boc
1090 1909 1119 1964 in
1148 1907 1269 1984 antiquo
1303 1914 1440 1968 tractatu.

108 2022 135 2061 ¹⁵
147 2009 241 2070 debes
269 2026 339 2087 ergo
367 2006 457 2067 verba
487 2024 534 2075 ea,
564 2024 638 2083 quae
668 2006 839 2067 naturaiiter
867 2024 921 2085 per
944 2024 975 2066 se
1003 2004 1089 2084 plena
1112 2014 1194 2076 suut,
1219 2024 1279 2067 non
1301 2007 1439 2069 subicere

146 2112 364 2190 cooperationi,
396 2128 446 2178 ne,
478 2108 547 2169 dum
571 2111 616 2169 visv
634 2107 742 2188 aliquid
766 2126 888 2188 augere,
918 2125 1094 2186 corrumpas
1116 2107 1195 2168 illam
1220 2109 1363 2169 rationem
1387 2127 1438 2170 na·

76 2209 81 2218 ’
146 2211 311 2293 turalem.l
1432 2209 1436 2217 ‘

232 2313 400 2386 Quaesitum
425 2322 470 2374 est
492 2314 528 2374 de
550 2315 623 2393 ipsis
646 2313 800 2392 gradibus,
825 2322 896 2392 quot
919 2322 1019 2373 essent
1040 2312 1157 2390 gradus.
1195 2311 1278 2373 multi
1301 2312 1439 2375 dixerunt
1450 2324 1539 2386 toto

145 2426 223 2486 treS,
251 2415 337 2476 multi
364 2423 511 2495 quattuor.
557 2417 607 2494 qui
635 2415 735 2476 dicunt
762 2424 838 2485 treS,
874 2417 912 2475 ita
943 2413 1056 2483 dicunt,
1085 2416 1227 2493 positivus
1249 2422 1294 2475 est
1323 2414 1436 2485 doctus,

104 2531 132 2570 2⁰
146 2520 352 2598 conparativus
375 2525 419 2576 est
440 2516 569 2586 doctior,
594 2517 790 2596 superlativus
812 2527 856 2577 est
879 2517 1074 2577 doctissimus.
1105 2518 1153 2595 qui
1171 2515 1273 2576 dicunt
1288 2524 1436 2597 quattuor,

145 2621 185 2679 ita
210 2619 327 2689 dicunt,
355 2621 497 2698 positivus
520 2628 564 2678 est
587 2618 705 2687 doctus,
735 2621 941 2697 conparativus
964 2624 1010 2677 est
1037 2626 1094 2678 tam
1119 2619 1236 2687 doctus,
1261 2617 1438 2699 praelativus

146 2729 191 2782 est
214 2720 342 2791 doctior,
372 2720 568 2800 superlativus
597 2730 641 2781 est
669 2721 864 2782 doctissimus.
886 2725 888 2727 ’
909 2720 988 2782 unde
1010 2721 1064 2780 ista
1087 2729 1153 2781 nata
1178 2729 1223 2780 est
1245 2720 1438 2799 ambiguitas?

145 2823 310 2893 videamus,
341 2840 415 2900 quae
443 2841 493 2883 res
519 2824 617 2901 potior
645 2830 699 2882 est.
746 2830 812 2884 nata
841 2833 885 2884 est
913 2822 1088 2900 ambiguitas
1111 2841 1144 2881 ex
1168 2822 1223 2882 bac
1245 2842 1292 2883 re:
1322 2823 1364 2883 illi
1387 2824 1438 2901 qui

145 2925 247 2986 dicunt
276 2933 416 3003 quattuor
443 2943 507 2984 csse
535 2923 644 3002 gradus
672 2924 729 2984 hoc
758 2924 874 2994 dicunt,
905 2944 963 2985 uon
992 2931 1091 3003 potest
1118 2926 1182 2984 fieri
1208 2933 1240 2984 ut
1262 2925 1377 2986 doctior
1399 2927 1438 2985 sit

104 3029 360 3106 occuparemus.
396 3045 453 3105 qua
475 3026 608 3086 ratione?
630 3027 711 3105 quia,
735 3027 759 3085 si
782 3028 988 3104 conparativus
1015 3033 1106 3096 esset,
1132 3034 1309 3107 conpararet
1329 3028 1435 3106 potius,

146 3147 204 3189 uon
238 3129 413 3209 praeferret.
457 3129 524 3189 ideo
558 3129 635 3188 enim
670 3127 776 3187 dicitur
810 3130 993 3206 conparatio,
1028 3127 1065 3188 ab
1100 3148 1135 3188 eo
1168 3127 1245 3208 quod
1283 3137 1434 3207 conparet

145 3230 264 3311 quaudo
287 3230 413 3291 dicimus
435 3231 564 3300 doctior,
586 3248 648 3290 non
672 3238 716 3290 est
738 3231 924 3308 conparatio,
953 3230 1005 3290 sed
1028 3230 1179 3310 praelatio.
1226 3248 1294 3290 nam
1317 3229 1435 3310 quando

144 3333 212 3394 dico
234 3332 367 3394 ‘doctior
395 3334 450 3392 iste
472 3331 509 3392 ab
531 3334 614 3400 isto’,
644 3349 702 3391 non
727 3330 826 3391 videor
848 3349 1025 3411 conparare,
1056 3332 1108 3393 sed
1131 3332 1283 3411 praeferre
1305 3350 1435 3393 sensum.

144 3453 204 3515 quo
232 3434 321 3495 modo
351 3451 422 3512 ergo
451 3432 593 3494 debemus
621 3434 720 3494 dicere
748 3433 861 3494 doctior
889 3431 1081 3513 praelativum
1111 3435 1193 3494 esse?
1230 3432 1312 3515 [quia
1346 3432 1435 3494 habet
1480 3436 1505 3522 ᾗ

105 3550 131 3588 ³0
147 3555 267 3598 sensum
296 3535 463 3617 praelativi]
494 3538 561 3616 quia
584 3534 673 3595 babet
695 3553 814 3597 sensum
836 3536 1032 3615 praeferentis
1055 3544 1084 3596 ct
1106 3535 1173 3614 plus
1196 3535 1305 3615 aliquid
1328 3535 1433 3598 dantis.
1496 3573 1500 3583 ·
1529 3576 1536 3597 κ.

141 3639 211 3700 ideo
235 3657 305 3717 ergo
328 3639 428 3699 dicunt
450 3657 509 3699 non
533 3657 597 3698 esse
622 3635 625 3715 1
651 3640 886 3716 conparativum,
911 3645 943 3697 ut
956 3639 993 3697 sit
1014 3638 1157 3717 positivus
1179 3637 1297 3707 doctus,
1320 3645 1353 3697 ut
1375 3651 1461 3698 non*

145 3743 183 3801 sit
212 3742 417 3821 conparativus
446 3740 575 3809 doctior,
605 3739 656 3800 sed
679 3739 867 3818 praelativus.
914 3748 942 3799 et
964 3740 1016 3819 qui
1038 3741 1095 3800 erit
1117 3741 1341 3818 conparativus?
1378 3741 1433 3801 iste

144 3844 285 3923 positivus
307 3861 374 3902 cum
398 3851 471 3912 tam,
498 3849 529 3902 ut
550 3844 588 3904 sit
609 3844 751 3922 positivus
774 3841 891 3911 doctus,
916 3843 1123 3920 conparativus
1146 3848 1204 3900 tarn
1229 3840 1341 3901 doctus.
1366 3860 1432 3903 nam

144 3944 263 4025 quaudo
287 3943 354 4004 dico
378 3950 455 4005 ‘tam
480 3944 582 4006 doctus
604 3945 652 4005 bic
675 3963 763 4024 quam
784 3943 862 4015 ille’,
887 3963 946 4004 non
969 3942 1069 4004 videor
1092 3941 1216 4004 alterum
1240 3942 1325 4004 alteri
1346 3961 1434 4022 prae-

103 4055 130 4096 35
145 4049 238 4117 ferre,
263 4047 315 4108 sed
337 4048 420 4126 quasi
441 4054 600 4127 utrumque
623 4065 800 4127 conparare,
826 4055 857 4107 ut
879 4048 917 4106 sit
938 4047 1143 4126 conparativus
1166 4052 1224 4105 tam
1248 4045 1360 4111 doetus,
1383 4045 1433 4106 illc

143 4151 194 4229 qui
227 4147 294 4228 plus
329 4151 410 4209 novit
444 4148 609 4229 appelletur
643 4149 838 4210 doctissimus.
885 4148 941 4209 boc
969 4148 1087 4228 quidem
1115 4148 1189 4216 dixi,
1219 4146 1271 4207 sed
1300 4165 1359 4208 non
1388 4156 1433 4208 est

143 4269 255 4311 rerum.
300 4259 358 4311 tam
387 4250 464 4312 bona
491 4253 581 4319 ratio,
613 4260 671 4311 tam
699 4253 782 4312 firma
811 4259 908 4311 tamen
930 4266 1006 4310 'vera
1035 4268 1093 4310 non
1123 4257 1175 4309 est.
1220 4247 1300 4309 unde
1322 4247 1432 4327 probas

144 4355 283 4432 quoniam
308 4371 374 4413 vera
398 4370 457 4412 non
482 4355 543 4412 est'?
565 4354 705 4432 positivus
728 4360 773 4414 est
794 4353 914 4422 doctuS,
939 4353 1145 4432 conparativus
1168 4360 1213 4411 est
1234 4359 1294 4410 tam
1317 4350 1431 4410 doctus.

210 4541 227 4590 4
251 4542 295 4603 qni
321 4541 382 4589 satis
407 4543 489 4589 miuus
513 4541 614 4602 (minuit
638 4557 705 4594 corr,
734 4543 816 4589 ruious
835 4538 872 4601 B)
896 4539 972 4588 babet
993 4541 1029 4589 ad
1047 4538 1223 4602 explicandam
1240 4537 1431 4600 conrparctfoum

142 4610 281 4678 pauperior
298 4610 496 4672 adecmptaesse
514 4609 629 4660 videatur
698 4610 774 4663 blaic
795 4625 842 4659 non
862 4610 926 4659 dixit
946 4609 1057 4660 Donatus
1075 4610 1142 4672 quod
1161 4623 1248 4668 verum
1267 4618 1313 4656 est.
1333 4607 1430 4655 etiamsi

143 4681 235 4730 tectum
254 4689 292 4730 est
310 4680 493 4730 Kloesmonaoa
507 4680 595 4731 Paitoi.
614 4697 635 4731 o.
655 4680 700 4729 llll
718 4688 754 4740 (a.
773 4681 850 4739 18511
870 4695 894 4743 p.
911 4678 960 4732 591
1034 4680 1066 4729 12
1083 4679 1140 4743 quio
1160 4676 1192 4744 si]
1208 4678 1281 4742 quasi
1299 4676 1320 4724 si
1337 4676 1361 4725 Α

142 4748 175 4800 13
201 4764 250 4799 noo
279 4752 325 4799 erit
348 4752 368 4800 ci
398 4767 455 4800 esse
475 4750 676 4814 perfectissimus
699 4751 783 4801 ABG
851 4751 884 4799 '28
908 4749 1006 4798 doctior
1027 4758 1065 4799 est
1088 4750 1136 4797 iste
1161 4747 1182 4797 0
1248 4745 1364 4796 oideoC

141 4819 177 4870 29
194 4818 363 4885 praelatiuurn
383 4835 439 4870 ense
463 4822 505 4882 qni
525 4820 599 4870 habet
624 4834 724 4869 sensum
752 4819 899 4887 (prae—latini
927 4820 970 4882 qui
994 4818 1070 4869 babet
1095 4831 1197 4867 sensum
1218 4816 1279 4868 odd.
1300 4814 1330 4877 a)
1357 4829 1430 4882 prae·

141 4889 246 4939 ferentis
263 4889 287 4938 A
