3346 5498
139 332 202 404 426
709 344 857 406 illocali

166 464 188 503 p.
201 452 289 492 oar-ao
303 449 325 494 c.
1226 462 1249 505 μ
1264 452 1376 495 noo-oa
1391 450 1417 495 a.

144 531 306 591 Menander
327 530 493 591 llermndri.
523 533 692 610 itemquae
715 532 746 591 iu
769 550 814 603 ως
835 538 958 601 exeunt,
981 530 1128 593 secundae
1150 538 1233 600 sunt,
1257 538 1294 592 ut
1316 530 1444 613 Tydeus

139 632 248 711 Tydei,
267 632 378 695 Peleus
400 632 491 693 Pelei.
537 651 612 712 quae
634 635 666 693 in
689 652 749 704 ους
770 631 816 693 rel
837 634 869 693 iu
892 628 906 714 11
929 651 966 705 ος
988 632 1115 712 syllabas
1135 635 1307 712 gerritivum
1331 636 1440 713 singu·

137 733 230 794 larem
257 736 393 803 mittunt,
422 752 456 794 ea
488 736 587 795 omnia
612 736 720 794 tertiae
749 741 827 795 sunt·
849 733 1057 795 declinationis
1088 743 1202 796 remoto
1230 733 1442 795 dubitationis

138 853 256 905 errore,
287 841 319 895 ut
347 833 559 895 Demosthenes
592 834 814 904 Demosthenis,
848 835 933 896 Paris
965 836 1095 906 Paridis,
1128 836 1235 897 llimas
1265 835 1439 909 Mimantis,

137 936 234 998 Pallas
256 935 398 1005 Palladis,
423 937 514 997 Thais
536 936 676 1006 Thaidis,
699 955 803 1015 pmcma
826 939 980 1017 poematis.
1005 934 1010 1018 l
1437 952 1452 995 s

224 1038 370 1107 Quoniam
394 1056 503 1115 genera
526 1046 558 1098 et
579 1038 794 1099 declinationes
815 1044 875 1099 tam
897 1038 1056 1099 latinorum
1072 1041 1224 1100 nominum
1238 1059 1332 1120 quam
1348 1058 1439 1120 grae·

138 1159 241 1200 corrrm
265 1141 394 1200 dilucide
418 1141 608 1219 lueviterque
630 1140 868 1219 explanavimus,
892 1140 928 1200 de
951 1143 1061 1201 ceteris
1082 1159 1157 1220 quae
1179 1144 1366 1221 praepositis
1388 1160 1437 1204 re·

136 1242 271 1319 gularuru
295 1241 413 1319 legibus
440 1243 629 1319 refragantur
650 1243 845 1312 disseremus,
874 1250 908 1302 ut
935 1242 1069 1303 discussa
1090 1244 1211 1321 penitus
1231 1245 1438 1322 ignorationis

140 1344 267 1423 caligine
291 1343 435 1404 inoffensa
457 1344 523 1404 lucc
546 1346 689 1403 scientiae
711 1352 827 1405 mentes
850 1344 1083 1405 adulescentium
1106 1343 1317 1406 inlustrentur.

220 1446 295 1505 Sunt
316 1445 460 1524 quaedam
483 1447 604 1506 uomina
626 1448 656 1505 in
680 1452 805 1525 utroque
825 1464 949 1507 nurnero
971 1465 1030 1507 non
1052 1445 1185 1506 eiusdem
1207 1449 1349 1525 generis;
1373 1447 1469 1511 alian

139 1566 198 1607 non
222 1547 355 1607 eiusdem
379 1546 603 1617 declinationis;
627 1547 683 1607 alia
707 1566 765 1607 non
788 1550 819 1607 in
845 1555 971 1627 utroque
994 1565 1118 1608 numero
1140 1546 1350 1621 declinantur:
1374 1548 1431 1611 alia

135 1651 226 1709 certis
248 1648 367 1708 casibus
389 1649 540 1709 deficiunt.
585 1649 621 1708 de
644 1649 691 1709 his
713 1648 861 1718 dicemus,
890 1662 920 1709 et
941 1651 1072 1728 primum
1093 1649 1130 1709 de
1152 1648 1212 1709 illis
1232 1668 1312 1729 quae
1336 1668 1430 1729 gene·

134 1749 219 1808 rihus
241 1750 421 1830 discrepant.
898 1822 902 1829 ,

218 1851 250 1911 lu
281 1853 423 1929 singulari
453 1871 577 1913 ruunoro
607 1854 728 1931 genueris
756 1853 925 1922 masculini,
949 1855 980 1913 in
1003 1852 1108 1932 plurali
1132 1854 1246 1921 neutri,
1270 1852 1323 1913 hic
1346 1854 1432 1915 locus

136 1952 206 2013 hacc
230 1953 309 2023 leca;
333 1954 461 2014 dicineus
483 1965 582 2015 taureu
605 1955 687 2014 ethi
710 1955 783 2015 loci:
812 1956 861 2015 hic
883 1957 967 2015 iocus
988 1954 1062 2014 haec
1084 1956 1149 2014 ioca
1171 1961 1201 2013 ct
1221 1954 1253 2015 hi
1276 1957 1354 2028 ioci,
1378 1956 1464 2017 hicn

134 2054 283 2115 lllaenalus
310 2056 382 2115 lmen
412 2054 560 2124 lllaenala,
589 2056 638 2114 hie
666 2056 809 2117 Tartarus
836 2056 909 2116 haec
936 2056 1076 2125 Tartara,
1107 2056 1156 2117 hio
1178 2056 1332 2133 Gargarus
1354 2058 1429 2120 hacc

133 2156 279 2233 Gargara,
308 2158 357 2216 hic
380 2157 522 2217 corlrasus
543 2157 617 2217 haec
639 2157 777 2227 carbasa,
809 2157 858 2217 hic
880 2158 1011 2217 lsmarus
1033 2157 1105 2217 haec
1127 2156 1254 2227 lsrnara,
1276 2158 1330 2219 laic
1353 2160 1429 2221 sihi·

132 2256 177 2315 lus
199 2257 272 2318 haec
295 2258 392 2318 sibila.
436 2263 466 2319 in
488 2261 631 2337 sitrguluri
655 2279 779 2320 nuurcro
801 2262 922 2337 generis
944 2261 1095 2327 lendium,
1127 2261 1158 2319 in
1180 2260 1288 2338 plurali
1313 2246 1427 2333 neutri,

132 2358 205 2418 haec
233 2359 394 2435 Pergamus
421 2361 493 2421 lmen
520 2361 680 2439 Pergauur,
709 2362 782 2421 haec
810 2361 924 2421 iutihus
952 2362 1024 2422 haec.
1053 2360 1163 2431 inlitu,
1193 2362 1267 2421 hacc
1297 2364 1429 2425 arbutus

132 2459 203 2520 hacc
232 2461 347 2521 mhuta.
392 2464 422 2521 in
451 2462 593 2540 siugcdari
623 2468 750 2524 runueru'
773 2466 892 2541 gerlonis
926 2466 1040 2532 neutri,
1075 2465 1106 2522 in
1134 2463 1241 2542 plurali
1269 2464 1462 2535 femininis

131 2562 187 2622 hoc
209 2563 329 2642 epulum
352 2563 407 2622 hae
432 2564 551 2642 epulae:
576 2566 620 2623 sic
641 2564 788 2626 lervenalis

283 2664 378 2725 undo
403 2665 549 2744 epulum
571 2668 697 2744 possis
719 2673 863 2727 centum
887 2667 974 2727 dare
997 2667 1261 2746 Pytlragoreis;

131 2754 180 2827 alil
210 2768 265 2828 hae
294 2767 398 2846 epcdae
428 2785 546 2845 semper
574 2768 729 2847 pluraliter
757 2768 920 2829 declinant:
950 2769 1004 2829 hoe
1032 2768 1170 2829 halueum
1198 2768 1253 2830 hac¹
1282 2768 1426 2843 balneam

131 2870 271 2929 dicuntur
299 2871 423 2930 ethaeo
446 2869 564 2937 hnlnea,
594 2869 709 2929 Tullius
738 2871 796 2930 ‘ad
825 2870 976 2931 hulneas
1003 2871 1248 2939 Pallacinas',
1272 2872 1426 2935 luvenalis

129 2973 184 3031 ‘ct
206 2971 356 3031 crudum
379 2989 556 3050 pavonem
578 2973 614 3031 in
645 2970 776 3031 halueu
805 2976 964 3051 portas':
994 2973 1050 3032 hoc
1072 2991 1176 3053 caepe,
1200 2973 1281 3053 quod
1304 2976 1337 3035 in
1361 2978 1458 3037 sin-z

129 3074 224 3151 gerlaci
247 3092 372 3133 nurrmru
395 3080 440 3132 est
462 3080 608 3153 aptetum.
633 3074 663 3131 in
685 3071 793 3151 plurali
816 3075 1007 3143 femininum,
1036 3074 1091 3134 lrae
1112 3094 1235 3154 caepae,
1258 3083 1292 3136 et
1314 3078 1424 3140 ordine

129 3175 304 3235 declinatur.
336 3177 366 3234 in
391 3174 533 3252 singulari
557 3192 683 3234 numere
705 3177 826 3252 generis
848 3177 963 3244 neutri,
988 3179 1018 3236 in
1041 3176 1147 3255 plurali
1171 3178 1341 3249 masculini,
1367 3180 1423 3241 hoo

129 3296 250 3356 perierunt
278 3277 308 3337 hi
337 3279 433 3356 porri,
463 3276 517 3335 hoc
545 3273 680 3358 lrellnum
704 3275 733 3335 lri
758 3277 851 3345 freni,
881 3284 914 3336 ut
941 3277 1077 3337 lucanus
1099 3279 1324 3359 ‘frenosque
1348 3301 1421 3343 nro·

130 3380 297 3449 rrrcrrdit’3
321 3380 449 3438 ‹liennns
473 3386 568 3437 tamen
592 3386 622 3438 et
644 3378 717 3437 hacc
741 3379 840 3438 irena:
866 3402 869 3459 Ι
895 3379 950 3439 hoe
971 3378 1052 3439 silum
1075 3380 1105 3439 hi
1130 3380 1186 3447 llli,

279 3488 477 3541 traxerunt
499 3482 536 3540 in
559 3486 640 3539 arte
663 3482 807 3556 inlargica
830 3483 1019 3558 vertigiue
1042 3481 1121 3550 lili;
1431 3500 1454 3541 ao

128 3589 158 3642 ct
180 3583 252 3642 lraee
274 3583 320 3642 fila
345 3583 500 3642 dicuntur:
528 3583 584 3641 hoe
607 3582 702 3657 Argus
725 3582 754 3640 hi
777 3584 859 3659 Argi.

214 3685 244 3743 lu
269 3684 374 3763 plurali
398 3702 524 3744 rnrruero
546 3689 661 3743 natitant
683 3682 910 3744 clerc-..linationem
934 3684 1016 3745 llaec.
1062 3685 1117 3744 hoc
1139 3687 1277 3762 iugerum
1300 3689 1334 3748 in
1357 3691 1418 3751 sin·

216 3891 246 3939 12
266 3905 330 3951 qliae
348 3890 485 3953 gerreribns
504 3888 649 3952 discrepant
667 3889 742 3937 Char.
758 3886 806 3943 37.
827 3889 850 3938 1.
875 3904 932 3942 exc,
953 3888 1029 3939 Char.
1047 3888 1117 3949 551,
1135 3889 1178 3940 26.
1205 3890 1288 3944 neom.
1307 3890 1374 3958 327,
1393 3894 1417 3945 1.

130 3960 193 4008 Bon.
211 3959 271 4017 375,
290 3960 333 4009 29.
347 3960 421 4012 Sero.
436 3960 461 4007 iu
479 3960 546 4012 1)οη.
565 3958 625 4019 4531,
645 3958 679 4009 21)

213 4134 229 4180 4
249 4132 330 4180 ruinas
349 4130 468 4179 minantis
482 4132 528 4187 Ρς
552 4130 653 4179 minans
676 4129 794 4178 minantis
813 4131 838 4179 F
921 4130 1037 4195 spallas
1058 4130 1161 4196 pallidis
1177 4133 1217 4193 ΡΙ
1289 4138 1418 4199 poematis

128 4216 201 4251 exer„
220 4216 318 4251 nceucs
338 4216 473 4252 eneconmc
487 4216 576 4251 nouus.
597 4199 620 4246 P
635 4200 759 4263 poematis
778 4214 891 4249 sxenmrr
909 4217 1006 4251 usuum
1028 4214 1162 4250 consonus
1181 4216 1299 4257 nostru..
1321 4204 1349 4254 F

125 4271 340 4337 ilrelrongantur
359 4272 383 4319 P
458 4271 682 4323 lliuluscrarentur
697 4272 722 4319 Ρ
806 4270 837 4321 10
856 4269 905 4319 elia
923 4280 982 4321 sunt
999 4285 1049 4320 non
1067 4270 1181 4320 eiusdem
1200 4272 1417 4329 declinationias

125 4341 175 4390 ullu
192 4356 243 4391 nou
261 4340 331 4390 decli
349 4341 373 4388 P
389 4356 440 4389 nou
457 4340 634 4391 declinationis
653 4340 678 4387 F
756 4340 786 4391 ¹21
810 4339 946 4407 luvenalis]
967 4348 1016 4389 sut.
1036 4339 1062 4405 3,
1081 4342 1133 4391 2211
1212 4343 1246 4391 ²2
1264 4347 1417 4411 pyctagurio

124 4414 149 4460 F
215 4414 249 4462 24
268 4412 386 4460 dicuutur
406 4422 430 4460 et
448 4411 494 4460 hos
513 4411 617 4460 balneas
635 4411 660 4459 F
726 4408 834 4476 Tullius]
849 4426 900 4473 pro
919 4412 993 4462 llosc.
1014 4411 1099 4461 Aruer.
1119 4412 1149 4471 7,
1169 4410 1202 4461 18
1272 4414 1417 4477 pallacium

125 4483 178 4532 PF
192 4482 320 4549 palatinas
336 4482 356 4543 s
366 4480 500 4546 pallutiuas
518 4496 535 4538 ς
606 4477 741 4545 luvenalis]
763 4488 812 4530 sut.
834 4480 921 4539 1,143
990 4482 1023 4530 25
1043 4482 1069 4529 iu
1087 4481 1178 4545 palnea
1194 4482 1221 4530 F
1234 4480 1268 4531 ad
1285 4482 1380 4535 balnea
1393 4486 1419 4535 Ρ

192 4553 240 4603 hoe
258 4567 335 4616 caepe
354 4551 378 4599 P
397 4565 525 4614 superscr.
546 4566 663 4601 nnousou
683 4552 729 4600 hoc
749 4566 825 4618 cepae
843 4550 869 4598 F
938 4548 971 4599 26
993 4549 1108 4599 feminini
1127 4550 1175 4600 huo
1192 4566 1288 4617 caepae
1304 4554 1333 4602 P
1354 4554 1417 4606 lomi

122 4623 186 4672 haee
204 4638 266 4689 cepa
283 4622 310 4671 F
375 4623 408 4670 ‘27
428 4622 567 4671 declinatur
585 4621 775 4677 §declinantur
793 4621 848 4671 PF
914 4619 948 4669 ‘28
967 4618 1094 4684 Lucanus]
1113 4622 1234 4674 Phoraal.
1255 4622 1291 4671 Vl
1311 4624 1365 4677 398

123 4692 156 4742 29
173 4694 220 4742 hoc
238 4693 307 4741 lilnm
328 4691 352 4740 hl
374 4692 408 4740 lili
425 4702 449 4739 et
467 4692 528 4741 haec
546 4691 588 4741 ida
605 4692 735 4741 traheruut
752 4693 777 4741 io
796 4700 848 4739 arte
868 4691 966 4756 magica
988 4692 1111 4756 uertigine
1130 4691 1163 4740 lili
1185 4701 1210 4740 et
1229 4690 1293 4742 hace
1313 4694 1358 4746 illa
1376 4696 1416 4747 dl-

122 4773 212 4812 cuutnr
230 4764 255 4813 F
322 4764 356 4813 30
374 4770 503 4811 traxerunt
522 4764 546 4810 iu
568 4771 621 4810 arte
643 4764 742 4829 magica
760 4761 921 4826 rrertigiues
946 4770 1076 4810 traxerunt
1096 4778 1109 4810 e
1129 4762 1227 4827 magica
1246 4766 1359 4831 uergini>
1376 4768 1414 4819 P:

123 4834 218 4888 Locnu.
240 4835 358 4884 I'dursol.
379 4834 411 4883 Vl
431 4831 483 4881 «loo
551 4831 582 4882 31
602 4832 650 4882 hoe
668 4848 745 4899 argos
763 4844 779 4883 ς
