3346 5498
186 345 250 411 240
758 347 912 410 Ponetur

211 468 233 509 p.
246 456 335 496 etl-26
348 454 371 495 1.

187 534 274 595 modo
298 536 403 595 transit
430 537 461 595 in
489 535 677 595 consonantis
707 540 898 613 potestatem,
930 541 959 595 et
986 534 1075 594 modo
1097 552 1116 594 u
1140 552 1198 594 uon
1227 551 1282 613 pro
1305 531 1398 592 vocali
1421 541 1476 603 est,

185 637 236 698 sed
259 656 312 717 pro
336 638 528 697 consonantis
550 644 705 716 potestate.

270 740 427 811 Quaeritur
455 739 531 819 apud
561 739 762 819 artigraphos,
797 747 868 818 quot
898 737 994 799 modis
1025 737 1115 800 verha
1146 737 1294 797 deficiant.
1346 736 1477 798 Donatus

185 843 279 902 tonuit
300 841 502 921 conpendium
531 842 675 921 optimum
698 849 727 901 et
749 842 802 910 ait,
832 847 876 901 tot
899 840 994 901 modis
1018 840 1105 901 verba
1132 839 1285 908 deficiunt,
1316 847 1389 919 quot
1409 847 1478 899 suut

185 962 261 1023 quae
283 943 421 1005 accidunt
443 942 549 1005 verbis.
594 950 666 1023 quot
686 950 755 1002 sunt
777 958 852 1018 quae
874 942 1029 1029 accidunt?
1063 951 1193 1022 septem,
1217 941 1342 1021 qualitas
1362 942 1501 1008 ,conio-s

184 1047 263 1124 gatio
296 1063 389 1124 genus
423 1064 563 1107 numerus
590 1046 683 1123 ligura
709 1051 827 1124 tempus
853 1063 988 1124 persona.
1035 1063 1123 1124 quem
1150 1044 1187 1104 ad
1215 1042 1335 1104 modum
1363 1050 1476 1123 septem

185 1156 253 1209 suut
275 1167 349 1228 quae
371 1148 524 1216 accidunt,
553 1149 750 1207 uecesse'est
771 1152 804 1207 ut
825 1153 868 1207 tot
895 1147 991 1208 modis
1018 1145 1107 1207 verha
1137 1146 1282 1206 deficiant
1327 1152 1397 1225 puta
1423 1162 1477 1224 per

185 1249 338 1329 qualitates
365 1251 480 1311 iuvenis
506 1247 630 1311 verbum
659 1248 851 1317 defectivum,
885 1256 918 1308 ut
945 1249 984 1308 sit
1011 1247 1275 1328 frequentativum,
1301 1255 1330 1308 et
1358 1247 1478 1307 nonsit

184 1351 299 1412 modus.
344 1351 469 1430 qualitas
492 1353 570 1411 euim
593 1351 695 1410 autin
719 1349 815 1409 modis
837 1351 939 1409 autin
961 1350 1065 1410 lormis
1088 1358 1133 1411 est
1155 1352 1323 1411 constituta.
1363 1349 1476 1410 lacesso

183 1454 312 1513 lacesso:
348 1472 407 1513 uon
434 1459 531 1532 potest
558 1452 684 1513 inveniri
706 1452 835 1531 primum
858 1453 964 1530 ipsius,
992 1451 1023 1511 id
1046 1459 1090 1513 est
1112 1451 1284 1532 principale.
1330 1469 1369 1511 ue
1396 1450 1511 1511 dicasu

183 1556 256 1615 mihi
279 1553 317 1616 ah
339 1574 374 1616 eo
397 1555 476 1635 quod
500 1562 544 1615 est
567 1554 641 1615 lacio
665 1554 734 1614 lacit
756 1554 843 1621 lacto,
867 1553 937 1614 facit
958 1555 1068 1624 factito,
1092 1554 1163 1614 iacit
1186 1554 1313 1622 lacesso;
1340 1571 1401 1613 nou
1422 1570 1475 1632 po·

183 1665 249 1717 test.
294 1659 430 1718 novimus
463 1664 561 1717 autem
600 1656 739 1746 quoniam
775 1655 987 1733 frequentativa
1014 1662 1111 1736 ‘saepe
1138 1675 1192 1736 per
1225 1673 1316 1716 uuum
1351 1654 1476 1734 gradum

183 1758 361 1830 ascendunt,
390 1778 458 1820 raro
485 1777 540 1837 per
568 1757 657 1830 duos,
687 1776 740 1837 per
768 1764 828 1817 tres
851 1756 1032 1837 numssquam.
1077 1776 1147 1836 ergo
1171 1757 1262 1818 hahes
1286 1758 1377 1827 lacio,
1406 1756 1476 1818 inde

182 1860 269 1929 iacto,
293 1861 361 1921 inde
384 1860 494 1922 factito.
527 1862 551 1921 si
574 1861 653 1922 dicas
676 1862 799 1928 lacesso,
823 1860 882 1919 iam
905 1866 1007 1919 contra
1031 1866 1125 1921 artem
1148 1858 1290 1929 ascendit,
1315 1868 1345 1919 et
1359 1858 1474 1920 nullum

182 1962 304 2023 verbum
325 1964 474 2023 iuvenitur
496 1966 527 2022 in
550 1972 685 2043 quartum
709 1962 832 2041 gradum
856 1962 1031 2023 ascendens.
1062 1981 1133 2042 ergo
1149 1963 1265 2023 lacesso
1287 1961 1401 2023 lacesso
1424 1960 1473 2021 de·
1487 1976 1508 2016 u

182 2064 287 2124 iectiva
308 2072 377 2125 sunt
398 2084 452 2145 per
474 2066 599 2135 formas,
628 2066 658 2125 id
682 2072 727 2126 est
749 2072 817 2125 sunt
843 2066 1057 2142 frequentativa
1086 2073 1115 2125 et
1142 2082 1201 2125 non
1229 2062 1340 2124 hahent
1361 2063 1473 2144 princi·

181 2164 263 2245 pales
285 2167 404 2228 formas.
435 2167 562 2228 diximus
584 2167 754 2247 qualitatem
775 2168 805 2226 iu
830 2166 924 2227 modis
946 2174 975 2227 ct
995 2171 1026 2227 r'n
1046 2166 1153 2240 formis
1175 2167 1376 2226 constitutam.
1405 2182 1474 2269 ecce

182 2267 274 2328 hahes
295 2287 350 2348 per
372 2270 498 2339 lormas;
522 2268 634 2330 lacesso
657 2288 718 2329 nou
739 2270 808 2329 lacit
829 2268 904 2329 laco.
949 2288 1004 2348 per
1026 2268 1138 2338 modos,
1162 2277 1195 2329 ut
1216 2269 1344 2330 diximus
1365 2270 1398 2328 iu
1415 2267 1473 2328 Tc·

181 2373 287 2441 rentio,
311 2372 394 2440 cedo,
418 2390 477 2432 nou
501 2371 601 2440 caedo,
625 2376 658 2432 ut
678 2371 766 2430 iaciat
788 2369 1002 2450 diphthongon,
1026 2370 1078 2431 sed
1100 2370 1183 2440 cedo,
1206 2370 1237 2430 id
1260 2376 1305 2431 est
1327 2369 1388 2432 dic:
1417 2367 1473 2429 hoc

182 2473 261 2533 euim
284 2472 406 2535 verbum
435 2473 608 2534 nonhabet
635 2474 692 2533 nisi
715 2468 809 2532 solum
836 2474 1057 2552 imperativum,
1087 2473 1179 2533 ‘cedo
1207 2472 1277 2552 quid
1307 2471 1508 2543 attulistii',2o

181 2573 271 2635 ‘cedo
295 2575 366 2652 quid
389 2576 508 2646 dicisl',
533 2574 626 2636 ‘cedo
649 2574 717 2652 quid
741 2575 867 2636 laciesl'
891 2582 921 2635 et
941 2576 1027 2636 istam
1052 2594 1139 2636 unam
1162 2594 1320 2655 personam
1336 2575 1472 2652 legimus,

182 2694 236 2737 uec
259 2676 345 2737 aliam
367 2687 452 2756 potes
474 2680 621 2747 iuvenire,
652 2677 725 2738 cedo
753 2685 783 2737 et
810 2684 901 2747 cette,
930 2677 960 2737 id
984 2686 1028 2738 est
1050 2696 1127 2739 uuus
1150 2677 1238 2747 cedo,
1268 2676 1352 2737 multi
1379 2682 1472 2745 cette;

182 2779 298 2838 numeri
321 2785 367 2840 est
388 2779 512 2860 pluralis
535 2779 622 2858 [cedo
646 2779 706 2849 dic,
731 2786 808 2839 cette
831 2778 943 2859 dicite}
987 2781 1102 2840 ‘cette
1130 2782 1230 2860 patri
1258 2784 1353 2840 meo’
1381 2779 1473 2840 hahes

182 2881 268 2940 etiam
293 2881 369 2960 apud
393 2881 537 2951 Plautum,
563 2881 591 2941 id
615 2891 659 2943 est
681 2881 747 2942 date
769 2884 845 2960 patri
868 2901 944 2942 meo.
990 2900 1060 2943 ecce
1083 2901 1137 2961 per
1161 2881 1261 2942 modos
1284 2889 1313 2941 ot
1334 2899 1389 2961 per
1411 2881 1471 2941 ior·

180 2999 252 3041 mas.
285 2990 315 3041 et
335 3002 389 3061 per
412 2985 636 3061 coniugatioucs
659 2983 746 3044 verba
776 2983 929 3055 deliciunt,
960 2992 1147 3045 utcstsum
1171 2990 1280 3045 esest.
1315 2985 1340 3044 si
1361 2984 1507 3044 laceretis

180 3104 244 3145 sum
268 3093 360 3160 eset,
383 3071 539 3165 possemus
561 3086 661 3147 dicere
683 3086 832 3147 secundae
855 3089 1083 3165 coniugatiouis3
1122 3105 1188 3147 nam
1217 3085 1345 3148 secunda
1369 3087 1472 3147 eoniu-

179 3189 257 3265 gatio
280 3206 334 3268 per
357 3207 388 3250 es
411 3190 479 3268 exit,
503 3188 554 3249 sed
577 3188 764 3268 productum,
788 3197 819 3248 ut
842 3188 932 3250 sedeo
955 3188 1050 3261 sedes,
1067 3190 1160 3250 doceo
1175 3188 1273 3249 doces.
1301 3188 1358 3248 hoc
1373 3197 1472 3250 autem

179 3307 238 3350 nou
266 3291 453 3369 producitur,
483 3311 547 3354 sum
571 3293 616 3361 he,
642 3310 700 3351 uon
731 3290 734 3370 l
764 3310 923 3371 possumus
947 3291 1046 3352 dicere
1069 3311 1133 3352 sum
1161 3299 1202 3352 es.
1244 3288 1321 3351 uude
1350 3298 1473 3371 apparet

180 3394 318 3470 quoniam
342 3395 578 3472 coniugatiouem
602 3392 711 3455 nullam
734 3393 837 3463 hahet;
862 3413 917 3454 nec
939 3393 1028 3454 hahet
1051 3413 1066 3454 a
1094 3413 1149 3454 uec
1177 3413 1193 3454 e
1216 3392 1392 3472 productum
1416 3412 1472 3455 nee

180 3495 199 3552 i.
244 3512 298 3573 per
321 3512 443 3572 genera:
468 3497 492 3554 si
515 3496 594 3556 dicas
616 3497 721 3565 audeo,
746 3495 844 3556 deficit
866 3515 920 3575 per
943 3515 1046 3574 genus.
1081 3515 1149 3557 nam
1172 3498 1197 3556 si
1220 3494 1314 3557 audeo
1337 3495 1509 3557 neutralem

85 3629 91 3636 ι
180 3601 237 3662 est,
261 3601 355 3656 totum
377 3595 512 3656 neutrale
540 3616 604 3658 esse
628 3598 740 3659 dehuit.
784 3597 835 3658 sed
865 3600 946 3658 venit
973 3599 1008 3659 ad
1037 3605 1154 3677 tempus
1181 3599 1376 3678 praeteritum
1401 3617 1470 3679 per·

178 3697 288 3757 lectum
312 3708 341 3758 et
363 3705 470 3766 mutat,
494 3717 582 3759 ausus
605 3718 669 3760 sum
697 3718 787 3760 ausus
809 3718 901 3769 eram,
925 3703 1041 3779 gavisus
1063 3720 1128 3761 sum
1151 3703 1267 3778 gavisus
1290 3719 1381 3761 eram.
1417 3719 1471 3779 per

178 3815 333 3858 numeros:
357 3801 423 3860 laxo
447 3800 578 3870 dicimus
603 3802 728 3862 lauimus
753 3820 839 3862 uenio
863 3801 941 3862 dicit..
987 3823 1041 3882 per
1065 3806 1184 3882 liguras:
1215 3802 1357 3882 conplco‚
1382 3822 1471 3865 nemo

178 3897 248 3958 dicit
277 3899 354 3978 pleo.
404 3921 458 3980 per
487 3911 633 3982 tempora:
672 3904 736 3964 lero
764 3903 905 3974 dicimuS,
939 3906 1017 3966 lcrui
1046 3924 1133 3966 nemo
1161 3905 1241 3966 dicit.
1292 3923 1470 3985 quamquam

389 4056 482 4063 —---—

248 4137 261 4187 l
283 4147 307 4186 et
327 4140 401 4188 mildo
420 4156 436 4188 u
449 4140 524 4190 uua
543 4156 600 4189 ecce
614 4140 689 4188 modo
703 4156 719 4189 u
734 4142 758 4189 Α
828 4145 845 4194 8
864 4145 965 4195 iuueuis
982 4143 1034 4194 AC
1051 4145 1165 4194 inuenies
1183 4147 1230 4196 Bu
1301 4159 1351 4194 uun
1369 4160 1416 4198 om.
1434 4146 1468 4207 A,

176 4206 238 4257 odd.
257 4223 290 4258 a:
309 4216 333 4256 et
352 4222 401 4257 utm
421 4211 454 4259 sit
472 4212 562 4260 modus
581 4212 630 4260 atsi
647 4212 726 4273 ipsius
737 4216 895 4276 prunuuotiei
912 4216 1086 4280 neqlepentioe
1103 4215 1257 4265 tribuendum
1275 4224 1323 4276 est,
1341 4216 1470 4279 tepentium

177 4285 202 4326 et
224 4292 274 4326 nou
297 4280 330 4326 sit
347 4279 494 4345 principalis
515 4279 596 4330 torma
667 4281 696 4332 ll
718 4283 748 4331 ah
769 4298 799 4331 eo
818 4286 884 4347 quod
910 4295 949 4333 est
967 4286 1033 4334 focio
1053 4284 1114 4346 (laci
1133 4286 1157 4333 Α
1181 4286 1244 4334 lacio
1264 4290 1292 4348 a)
1316 4285 1376 4335 lacit
1402 4285 1469 4336 laeto

177 4349 265 4410 (lecito
285 4349 315 4411 C)
335 4348 396 4397 lucit
415 4349 473 4400 iuno
493 4352 570 4413 (lacto
588 4353 611 4401 fl
632 4368 700 4405 corr.
719 4352 777 4402 laxo
795 4354 821 4418 a)
841 4369 890 4403 nou
909 4365 991 4420 potest
1007 4355 1090 4405 ABG
1143 4356 1173 4406 13
1193 4356 1250 4403 iude
1271 4354 1357 4404 lectito
1376 4371 1421 4405 our.
1434 4356 1469 4418 A,

177 4418 272 4469 edeta
327 4419 358 4469 14
375 4422 396 4468 si
415 4421 485 4469 dieas
504 4421 564 4470 laxo
581 4424 630 4471 iam
646 4423 729 4472 ABG
781 4424 813 4475 15
832 4426 857 4473 iu
873 4440 919 4476 om.
935 4426 1018 4475 ABG
1068 4425 1468 4489 liquolitatesinmodieeou·

177 4488 277 4537 stitutus
293 4489 365 4539 Aue
418 4491 450 4540 18
466 4493 489 4539 iu
509 4491 636 4558 Terentio]
658 4493 691 4554 cf.
708 4509 787 4559 supra
803 4509 830 4557 p.
849 4493 900 4545 305
916 4497 955 4547 ed.
973 4497 1049 4545 Ltud.
1104 4498 1134 4546 ’21
1155 4497 1227 4545 locist
1244 4495 1317 4545 ABG
1369 4498 1403 4547 2⁵2
1423 4513 1470 4546 uec

177 4556 250 4606 aliam
267 4559 323 4609 Get
341 4562 459 4611 inlitora
478 4559 511 4610 a*
528 4576 573 4611 nec
592 4565 695 4613 alteram
716 4564 742 4613 B
794 4575 818 4614 et
836 4574 900 4613 cette
921 4566 952 4614 C:
973 4580 1040 4614 corr.
1060 4574 1083 4613 et
1101 4568 1181 4615 cedite
1200 4581 1213 4613 r
1272 4581 1337 4615 arrius
1350 4566 1469 4630 BG(?)n

175 4628 310 4678 uniueAe
363 4634 434 4681 moui
453 4632 615 4683 doliturae*
669 4633 818 4684 cetteBCu
838 4634 920 4684 cedite
939 4637 981 4685 :lc
1035 4634 1067 4686 ‘23
1085 4646 1123 4685 est
1141 4652 1186 4688 orn,
1200 4636 1234 4695 A,
1254 4637 1348 4688 adda
1405 4637 1468 4686 cedo

176 4696 217 4746 dic
234 4709 298 4748 cette
313 4699 389 4750 dicite
405 4703 474 4764 (dote
487 4703 527 4762 Α)
544 4706 568 4752 in
581 4720 659 4769 murp.
675 4704 735 4753 add.
755 4705 810 4753 AB
851 4707 884 4754 21
904 4708 972 4770 apud
986 4704 1111 4772 Plautum]
1129 4708 1163 4770 cf.
1182 4705 1282 4755 Oledcu.
1300 4722 1329 4769 p.
1347 4706 1415 4758 lttlo

174 4768 208 4835 25
229 4767 332 4835 laceret]
353 4772 446 4823 diceret
465 4773 547 4824 Allo
616 4776 649 4826 26
670 4789 803 4839 possemus
822 4774 859 4824 Cb
883 4792 1018 4842 possumus
1037 4775 1091 4824 AB
1162 4773 1193 4827 31
1215 4777 1298 4825 {reniet
1317 4775 1399 4827 ABG

174 4835 208 4886 34
227 4854 381 4904 quamquam
402 4845 589 4896 Lindemummo
608 4861 684 4909 quam
703 4845 759 4894 AB
776 4846 843 4907 quod
864 4847 884 4895 Ο
