3346 5498
140 377 203 442 378
684 380 885 444 consuunt
911 333 913 336 Α

165 500 187 542 p.
201 488 257 529 206&
272 490 296 529 66
309 487 332 528 P.

140 572 212 632 haee
235 578 325 630 totam
347 573 393 632 sui
416 578 552 630 naturam
574 587 610 629 ex
631 568 679 629 his
693 571 769 648 quae'
785 577 912 647 aguntur
934 576 985 629 ant
1006 575 1070 629 aeta
1093 547 1162 628 sunt
1184 576 1319 637 sumunt,
1342 570 1426 629 lutu-

140 695 208 737 rum
230 694 288 736 non
310 674 435 735 habent:
460 691 518 733 non
540 675 620 733 enim
641 679 739 751 potest
765 672 826 733 dici
854 670 965 732 sclebo.
1010 678 1096 750 atque
1118 669 1192 730 haee
1214 670 1335 750 quidem
1356 689 1427 750 per·

140 786 227 857 petua
250 778 458 838 observatione
481 779 512 836 in
536 775 674 836 omnibus
697 774 860 859 verbisita
883 792 915 834 se
938 773 1057 834 habent.

224 879 281 940 Sed
305 882 335 939 in
358 879 413 939 hac
435 886 519 959 parte
541 897 659 958 quoqne
680 876 771 937 verba
793 876 935 956 pleraque
958 879 989 936 in
1012 876 1160 936 delectum
1183 878 1349 943 incurrunt,
1370 877 1427 954 qui

140 982 272 1042 deiectus
296 981 406 1060 triplici
429 982 516 1042 modo
538 982 646 1040 evenit.
676 997 745 1040 nam
768 997 825 1039 nou
849 978 962 1039 nullum
986 987 1031 1039 est
1054 977 1178 1039 verbum
1200 977 1278 1057 quod
1301 994 1455 1056 prorsuss

139 1084 227 1145 alicui
249 1085 376 1163 tempori
400 1102 459 1143 non
480 1085 576 1161 possit
597 1083 708 1161 aptari;
736 1080 780 1140 vel
811 1079 935 1141 alterius
957 1081 1085 1150 formae,
1114 1099 1202 1159 qnam
1225 1081 1319 1156 exigit
1348 1080 1427 1139 ratio

139 1185 360 1254 declinationis
389 1191 523 1264 aptatur;
553 1183 599 1244 vel
630 1185 719 1244 etiam
747 1201 801 1243 vox
831 1182 919 1242 alieni
948 1184 1068 1260 generis
1091 1181 1278 1259 subrogatur.
1324 1180 1427 1240 delicit

138 1290 259 1348 omnino
280 1287 403 1347 verbum
430 1292 550 1348 vacante
578 1304 702 1366 prorsus
731 1291 863 1362 tempore
886 1286 962 1344 citra
985 1284 1113 1363 aliquam
1136 1283 1258 1343 alterins
1280 1281 1426 1344 substitu-

138 1391 264 1458 tionem,
297 1397 330 1448 ut
357 1391 388 1449 in
415 1388 477 1457 his,
506 1388 604 1467 pando
632 1389 715 1448 sisto.
760 1404 828 1445 nam
856 1385 953 1464 pando
981 1388 1178 1465 praeteritum
1205 1387 1370 1464 perlectum
1394 1387 1425 1445 in

137 1491 224 1552 modo
247 1490 406 1550 indicativo
434 1509 492 1550 non
519 1489 623 1559 habet;
652 1492 724 1549 item
752 1490 825 1548 sisto
847 1507 944 1567 neque
966 1490 1162 1567 praeteritum
1183 1488 1348 1567 perlectum
1371 1504 1424 1546 ne·
1440 1503 1469 1542 ιο
1516 1504 1523 1511 ·

38 1585 42 1593 ’
137 1611 194 1672 que
216 1592 553 1671 plusquamperfectum,
576 1610 611 1652 ac
634 1609 688 1670 per
710 1598 826 1658 eeteros
848 1590 951 1651 modos
978 1592 1009 1651 in
1031 1589 1217 1669 temporibus
1245 1588 1426 1669 quibusdam

138 1694 251 1763 deficit,
275 1712 333 1773 quo
356 1696 446 1754 etiam
468 1695 626 1772 participio
649 1693 749 1753 futuro
777 1700 867 1752 caret.
912 1695 983 1751 item
1006 1692 1105 1752 deficit
1128 1690 1250 1752 verbnm
1273 1710 1326 1770 per
1349 1699 1424 1751 tem·

137 1815 225 1874 pora,
249 1814 308 1856 non
331 1796 409 1874 qnod
432 1779 510 1855 desit
533 1794 733 1862 declinationi,
757 1793 809 1853 sed
831 1794 910 1874 quod
933 1794 1056 1854 alterius
1079 1795 1191 1854 formae
1215 1792 1424 1862 substituatur,

136 1915 224 1977 quarn
256 1900 331 1957 ratio
364 1904 485 1975 coeptae
518 1897 725 1957 declinationis
758 1895 896 1955 admittit.
942 1904 1011 1955 sunt
1044 1899 1122 1956 enim
1156 1896 1316 1980 quaedam·
1335 1893 1426 1954 verba

136 2017 212 2079 quac
245 2018 299 2077 per
333 2006 464 2078 tempora
499 1999 621 2058 sormam
654 1998 861 2058 declinationis
895 2016 965 2058 suae
998 2006 1127 2065 mutant,
1157 2016 1250 2076 eaque
1279 1996 1423 2065 anomala,
1442 2017 1468 2054 ιι)

136 2101 214 2159 sicut
235 2102 293 2160 iarn
316 2100 459 2168 diximus
489 2099 689 2178 appellantur,
712 2107 741 2159 et
768 2099 841 2158 haee
869 2100 932 2158 iere
962 2107 1047 2167 sunt,
1078 2098 1158 2158 soleo
1181 2100 1274 2159 audeo
1296 2097 1423 2175 gaudeo.

136 2205 245 2262 etenim
270 2211 401 2281 tempore
424 2202 582 2281 praesenti
611 2201 691 2261 soleo
713 2200 791 2261 soles
814 2200 892 2260 solet
914 2203 1009 2259 activo
1031 2200 1118 2260 modo
1140 2199 1321 2269 declinatui;
1350 2203 1425 2260 item

136 2312 268 2383 tempore
306 2304 472 2382 inperfecto
506 2302 638 2363 solebam
671 2300 787 2363 solebas
820 2301 936 2362 solebat
969 2321 1061 2381 aeque
1096 2305 1191 2363 activo
1226 2303 1323 2362 modo.
1369 2302 1425 2362 sed

134 2407 298 2484 praeterito
320 2406 453 2484 perlecto
476 2406 599 2464 sormam
622 2423 704 2464 suam
727 2410 821 2464 mutat
843 2412 873 2464 et
895 2405 966 2464 lacit
988 2405 1094 2465 solitus
1116 2424 1182 2464 sum
1205 2424 1236 2464 es
1258 2411 1318 2472 est,
1343 2404 1423 2482 quod

134 2515 180 2567 est
207 2510 339 2586 passivae
368 2507 591 2566 declinationis:
620 2526 678 2566 non
707 2507 786 2565 enim
809 2506 882 2564 lacit
903 2506 980 2565 solui
1003 2507 1119 2566 soluisti
1141 2507 1241 2566 soluit.
1286 2509 1325 2565 ita
1349 2522 1465 2582 ergoso

134 2609 211 2687 quod
234 2628 325 2669 unum
348 2617 435 2688 etque
458 2608 536 2668 idem
559 2607 681 2667 verbnm
704 2610 735 2667 in
758 2608 825 2667 aliis
847 2615 933 2686 atque
957 2608 1024 2667 aliis
1046 2606 1231 2686 temporibus
1254 2627 1331 2668 nunc
1353 2627 1423 2686 pas·

134 2713 188 2770 sin
212 2710 439 2771 declinationem
462 2709 566 2778 habet,
590 2728 669 2769 nunc
691 2711 795 2777 activi,
820 2709 974 2788 inaequale
998 2710 1174 2789 appellatur.
1205 2713 1275 2770 item
1299 2717 1344 2768 est
1366 2727 1424 2787 per

133 2820 266 2892 tempora
293 2815 324 2872 in
354 2812 551 2872 declinatione
582 2810 729 2878 delectus,
759 2829 839 2879 eum,
868 2819 901 2870 ut
928 2811 1175 2888 significationem
1205 2813 1347 2889 temporis
1370 2829 1422 2871 cx-

133 2914 282 2993 pleamus,
307 2913 445 2981 verbum,
469 2921 502 2972 ut
524 2915 566 2971 uit
587 2911 697 2980 Pansa,
721 2912 844 2972 alterius
867 2915 987 2989 generis
1010 2912 1222 2990 subrogamus,
1248 2920 1279 2972 ut
1301 2920 1346 2972 cst
1368 2914 1422 2972 ad·

132 3018 191 3076 iert
213 3024 243 3076 et
263 3017 343 3075 ierit.
389 3019 419 3075 in
447 3015 494 3073 bis
523 3017 612 3074 enim'
631 3013 771 3074 dissimili
798 3032 869 3073 voce
897 3016 1143 3091 significationem
1167 3017 1321 3094 praeteriti
1344 3022 1419 3074 tem·
1436 3039 1464 3077 es

130 3121 213 3196 poris
236 3117 461 3177 declarabimus.
507 3116 632 3176 dicimus
655 3118 734 3176 enirn
757 3116 854 3175 adieri
876 3117 990 3186 attulit;
1014 3119 1085 3177 item
1109 3118 1234 3177 dicimus
1257 3119 1327 3177 ierit
1350 3136 1420 3195 per·

131 3223 223 3279 cussit
246 3222 407 3299 praeterito
430 3219 571 3297 perlecto.
606 3218 664 3277 tale
688 3226 733 3277 est
756 3236 821 3277 sum
844 3219 886 3278 lui
910 3237 971 3277 ero.
1006 3228 1076 3279 sunt
1098 3229 1251 3299 practerea
1274 3218 1420 3297 quaedam

130 3321 235 3391 rerba,
264 3340 338 3400 qnae
369 3340 436 3381 cum
463 3323 526 3380 sint
552 3323 718 3399 praesentis
747 3322 904 3400 temporis,
935 3323 1065 3399 speeiem
1089 3323 1242 3399 praeteriti
1267 3319 1419 3393 exhibent,

130 3431 163 3482 nt
185 3431 230 3483 est
252 3425 373 3482 memini
396 3426 478 3490 nori,
503 3440 570 3481 cnm
592 3423 622 3481 id
646 3425 774 3482 essentia
797 3440 940 3499 praesens
963 3430 1017 3482 est.
1063 3431 1132 3483 sunt
1154 3425 1243 3483 etiam
1266 3428 1418 3501 praesenti

130 3527 256 3604 tempori
291 3532 321 3583 et
352 3528 514 3603 praeterito
547 3523 679 3601 perlecto
713 3522 856 3602 quaedam
890 3522 980 3583 verba
1008 3528 1189 3593 communia,
1224 3533 1257 3584 ut
1285 3526 1463 3591 incenditso

129 3624 230 3686 obruit
252 3626 329 3705 pluit
350 3628 420 3686 suit.
465 3627 538 3686 haec
567 3628 645 3684 enim
668 3625 749 3684 nulla
778 3633 889 3686 mutata
912 3629 1079 3705 praesentis
1102 3629 1245 3706 temporis
1268 3629 1362 3687 lorma
1386 3630 1418 3688 in

129 3725 326 3787 declinatione
355 3729 510 3806 praeteriti
539 3728 682 3805 temporis
709 3727 916 3804 proferuntur,
950 3730 981 3788 in
1015 3736 1129 3789 tantum
1161 3737 1192 3790 ut
1221 3731 1310 3788 etiam
1341 3728 1420 3807 pluit

128 3826 287 3905 utrobique
317 3830 527 3907 pronuntietur
556 3830 655 3905 priore
684 3836 836 3906 correpta,
871 3833 1004 3907 quamvis
1033 3830 1154 3891 Plautus
1183 3831 1357 3909 produxerit
1386 3835 1418 3891 in

196 4014 288 4061 orrum
314 4029 418 4078 prorsus
442 4028 489 4063 nou
511 4013 606 4062 nullum
627 4023 665 4062 est
682 4015 787 4064 uerbum
809 4016 874 4078 quod
896 4016 972 4065 ulirui
992 4018 1099 4083 tempori
1120 4028 1146 4066 ut
1164 4019 1248 4082 pundo
1268 4033 1317 4066 uon
1336 4020 1420 4083 possit

29 4117 34 4123 ·
127 4081 152 4130 B
171 4096 226 4129 uum
245 4098 348 4146 prorsus
364 4099 413 4131 nou
433 4083 529 4131 nullum
547 4095 584 4131 est
600 4085 702 4132 uerbum
720 4086 787 4147 quod
806 4087 879 4133 alieni
896 4089 1018 4153 temporis
1036 4101 1085 4135 non
1102 4089 1181 4151 possit
1193 4089 1217 4136 L
1235 4103 1291 4136 nam
1311 4103 1419 4152 prorsus

127 4166 177 4200 uon
200 4151 295 4200 nullum
316 4155 418 4202 uerbum
438 4163 476 4202 est
494 4154 561 4214 quod
577 4154 619 4200 etii
637 4156 744 4218 tempori
764 4156 844 4219 possit
861 4155 889 4204 M
943 4159 957 4206 7
979 4156 1149 4206 inclinationis
1170 4158 1224 4206 BL
1294 4158 1311 4208 9
1329 4160 1418 4223 pando

127 4223 288 4287 praeteritum
309 4223 484 4287 imperfectum
506 4223 538 4270 M
607 4224 638 4272 12
658 4228 707 4287 qur]
732 4229 760 4285 (i.
778 4242 799 4273 c.
820 4225 953 4288 quonium)
972 4229 1046 4276 etiam
1067 4229 1091 4278 L
1163 4228 1194 4276 lo
1216 4226 1291 4289 enim]
1314 4228 1373 4275 item
1392 4229 1419 4277 Β

197 4292 228 4341 15
248 4308 325 4354 eaque
343 4292 458 4341 anomala
478 4293 504 4341 id
524 4303 562 4341 est
579 4293 721 4355 inaequalia
741 4306 799 4342 sunt
818 4299 883 4346 sicut
899 4299 949 4345 iam
965 4298 1076 4346 diximus
1094 4296 1156 4345 baec
1176 4297 1228 4344 lere
1247 4297 1315 4345 soleo
1331 4298 1417 4359 pundo

126 4361 184 4411 uolo
204 4363 262 4412 uolo
281 4372 305 4411 et
324 4374 436 4426 tempore
453 4363 483 4410 M
555 4364 626 4413 lbet
645 4378 689 4412 om.
711 4364 765 4413 BL
835 4369 996 4419 suntom.L
1067 4369 1098 4417 17
1118 4367 1275 4415 declinantur
1293 4367 1348 4416 BL

124 4431 157 4481 ⁴23
174 4447 230 4481 cum
247 4442 273 4483 ut
289 4434 474 4498 significatione
490 4431 521 4479 M
539 4448 594 4480 cum
614 4433 824 4498 significationem
845 4438 869 4486 L
921 4441 954 4484 24
975 4450 1073 4500 apansa
1091 4438 1177 4490 udscr.
1197 4438 1222 4485 in
1240 4451 1319 4501 rnarp.
1340 4439 1416 4504 nugi-

124 4504 218 4552 musL
274 4503 376 4551 alterins
394 4517 457 4550 riocc
476 4505 577 4566 generis
599 4503 650 4553 BL
670 4504 772 4553 alterius
791 4507 861 4554 noris
883 4507 970 4570 generi
987 4507 1127 4557 b'iclrardus
1179 4508 1213 4555 26
1229 4506 1418 4559 declarabimus

123 4572 257 4622 Patselrius
275 4573 458 4622 declarauimus
477 4571 531 4621 BL
549 4574 705 4622 declinamus
725 4573 757 4621 M
824 4576 858 4624 28
879 4577 953 4624 verba
969 4592 1015 4628 om.
1035 4577 1092 4627 BL
1145 4577 1178 4626 ‘le
1197 4592 1253 4625 cum
1272 4579 1417 4640 praesentis

124 4653 162 4690 est
181 4642 213 4690 M
281 4643 313 4693 31
330 4643 412 4691 obruit
430 4642 485 4689 lluit
505 4644 554 4691 snit
568 4643 599 4691 M
613 4645 694 4691 obruit
712 4645 776 4708 pluit
794 4644 848 4692 lluit
865 4643 1005 4693 Siodardus
1074 4647 1137 4695 hoec
1153 4649 1218 4696 enim
1238 4647 1307 4694 nulla
1325 4648 1417 4696 demu-

123 4718 174 4759 tata
193 4714 217 4761 L
235 4711 296 4761 lruec
313 4714 378 4761 enim
398 4712 475 4759 uerba
495 4711 563 4758 nulla
582 4713 706 4761 demorato
727 4713 772 4764 M:
785 4716 902 4776 fortasce
920 4715 982 4764 baec
1002 4717 1068 4764 euim
1090 4716 1233 4766 nullatenus
1249 4726 1344 4764 mutatu

123 4778 156 4831 33
180 4783 311 4845 utrubique
331 4783 364 4830 Μ
384 4782 457 4830 utribi
483 4782 561 4838 (corr.
582 4784 675 4848 utrobi)
705 4799 769 4845 quoe
787 4785 810 4832 L
912 4786 935 4833 in
963 4787 1099 4836 menecmis
1127 4786 1147 4833 L
1175 4788 1198 4834 in
1230 4789 1349 4837 rarecemis
1371 4788 1417 4838 M:

120 4852 186 4917 prol.
201 4850 234 4901 63
