3346 5498
274 383 337 448 316
694 344 700 350 ’
743 344 1099 449 [varmisxcmmu

274 571 479 657 antiquorum
502 571 695 658 scriptorum
717 570 820 653 locos,
838 593 918 656 quos
939 569 995 635 ille
1017 593 1081 636 uon
1105 593 1147 635 ex
1169 572 1248 657 ipsis
1271 572 1401 658 quidem
1425 573 1563 639 auctori-

274 675 350 754 bus,
374 674 432 738 sed
454 696 497 737 ex
519 673 740 757 grammaticis
756 673 874 758 quibus
890 673 1042 738 utebatur
1056 673 1189 754 citavit,
1213 673 1278 737 duo
1294 672 1451 740 Varronis
1472 675 1563 762 frag·

272 785 383 842 menta
414 775 540 862 posuit,
576 797 712 861 quorum
745 773 882 839 alterum
914 774 955 839 de
986 775 1159 860 generibus
1187 797 1231 840 ex
1256 773 1349 841 libris
1378 776 1418 840 de
1450 776 1566 862 lingua

273 880 375 946 latina
396 879 503 943 minus
526 886 677 942 accurate
705 899 725 940 a
746 876 879 962 reliquis
900 877 1133 962 interpretibus
1156 876 1278 941 Donati
1305 878 1458 959 citatum,
1480 876 1566 943 alte·

203 963 211 984 ’
272 1002 344 1045 rum
366 979 551 1056 exsaturis
573 978 755 1065 Menippeis
777 977 819 1043 ab
842 978 903 1042 boc
923 999 988 1043 uno
1016 979 1198 1045 exhibitum
1220 987 1280 1044 est.
1325 978 1445 1045 deinde
1466 981 1501 1044 in
1522 1003 1566 1045 ea

266 1092 383 1170 parte,
411 1102 508 1167 quam
537 1081 670 1146 uberius
692 1103 789 1166 quam
816 1078 958 1167 reliquas
981 1083 1149 1161 tractavit,
1178 1080 1219 1145 de
1240 1080 1379 1167 pedibus
1400 1081 1565 1168 quaedam

272 1184 417 1270 scripsit,
447 1204 529 1268 quae
558 1183 601 1249 ab
623 1183 696 1246 aliis
718 1181 840 1246 tradita
863 1203 1021 1249 essenon
1048 1183 1173 1263 inveni,
1203 1203 1398 1269 quamquam
1420 1181 1567 1270 plurima

272 1311 314 1352 ex
341 1287 382 1351 iis
412 1286 521 1370 potius
549 1285 651 1349 errori
678 1285 883 1368 grammatici
910 1284 1086 1350 tribuenda
1111 1306 1209 1370 quam
1234 1306 1277 1349 ex
1303 1284 1437 1371 antiquo
1467 1284 1566 1350 sonte

271 1387 449 1475 repetenda
470 1408 541 1451 esse
563 1386 710 1471 adparet.
745 1385 883 1471 denique
904 1387 928 1450 ii
949 1386 1013 1451 loci
1035 1385 1210 1472 inquibus
1232 1387 1376 1472 priorum
1399 1408 1566 1472 gramma·

273 1494 410 1557 tieorum
437 1488 568 1552 nomina
595 1487 761 1574 adscripta
787 1482 862 1551 sunt
886 1499 1020 1575 propter
1046 1488 1105 1553 hos
1133 1488 1223 1574 ipsos
1245 1485 1383 1553 alicuius
1405 1489 1567 1554 momenti

272 1615 344 1658 esse
365 1592 430 1657 visi
452 1600 537 1655 suut.
582 1589 662 1652 baec
689 1589 789 1674 igitur
811 1599 845 1653 et
865 1599 1033 1676 praeterea
1054 1611 1159 1677 pauca
1185 1590 1362 1677 quaedam,
1390 1613 1475 1678 quae
1496 1603 1566 1655 me·

271 1696 376 1761 moria
411 1714 476 1757 non
509 1691 644 1776 indigna
676 1702 785 1773 erant,
819 1713 861 1756 ox
893 1692 1047 1757 universo
1079 1713 1178 1778 opere
1214 1700 1370 1778 excerpta
1405 1689 1567 1757 exhibere

168 1802 181 1813 “
271 1797 404 1885 placuit.

356 1898 465 1962 Finita
479 1897 544 1961 iam
555 1917 655 1982 prope
671 1896 810 1961 editione
826 1904 858 1960 et
872 1896 960 1983 typis
973 1916 1129 1980 expressa
1143 1904 1268 1980 partem
1286 1895 1362 1959 libri
1374 1916 1438 1959 non
1448 1894 1564 1961 addito

272 2000 399 2065 nomine
427 1999 567 2064 auctoris
591 1999 743 2084 scriptam
770 2020 841 2062 esse
863 1997 930 2063 vidi
958 1998 991 2061 in
1019 1997 1130 2061 codice
1153 1998 1309 2063 Beruensi
1334 1996 1502 2072 123saec.
1527 1999 1564 2063 X

272 2102 296 2167 f.
314 2103 371 2166 117
396 2106 500 2164 Partes
521 2106 662 2164 orationis
683 2111 753 2178 quot
772 2099 860 2163 sart?
881 2110 945 2163 octo
962 2137 996 2147 —
1015 2099 1140 2163 f.›128*
1163 2104 1203 2162 du
1226 2110 1351 2163 accentu
1372 2106 1463 2164 tercie
1483 2120 1565 2164 con-

272 2211 430 2283 tractioris
455 2215 589 2282 correpte
610 2210 681 2282 quia
704 2209 871 2282 inperative
893 2206 978 2264 modo
1000 2208 1030 2263 in
1052 2222 1069 2264 e
1090 2212 1222 2264 mutatur
1242 2212 1271 2265 et
1288 2204 1370 2277 facit
1386 2205 1566 2278 [merere

272 2313 343 2371 inde
369 2325 500 2384 aqnusco
526 2311 597 2383 quia
625 2311 718 2369 tercia
744 2314 883 2384 correpta
911 2313 954 2367 est
980 2314 1009 2367 et
1034 2309 1180 2379 infinitivo
1207 2322 1254 2366 mo
1279 2313 1349 2367 onte
1372 2324 1412 2382 pe
1442 2303 1458 2390 Ι.
1503 2305 1564 2369 sed
1595 2341 1602 2348 -

271 2411 465 2495 scripturam
487 2406 607 2471 codicis
614 2454 622 2487 ,
646 2428 743 2494 quam
764 2408 798 2470 in
820 2406 860 2470 iis
875 2427 959 2492 quae
981 2428 1023 2469 ex
1045 2404 1105 2470 bac
1128 2415 1221 2491 parte
1243 2405 1330 2471 edidi
1352 2428 1403 2470 me
1424 2416 1564 2490 rogante

272 2534 397 2575 meeum
420 2509 671 2574 communicavit
692 2509 899 2573 Hermannus
923 2507 1095 2592 Hagenus,
1124 2517 1190 2573 tam
1213 2517 1398 2592 corruptam
1421 2529 1494 2572 ease
1517 2507 1565 2571 in-

207 2616 208 2619 ’
271 2612 399 2692 tellexi,
430 2620 467 2675 ut
493 2632 598 2695 pauca
624 2633 707 2697 quae
729 2609 804 2673 inde
827 2608 1047 2695 expromenda
1068 2631 1138 2674 esse
1159 2594 1348 2674 viderentur
1368 2610 1563 2692 invenirem,

271 2734 355 2800 quae
377 2716 407 2776 B
429 2712 537 2777 littera
558 2712 751 2797 significavi.

356 2814 530 2900 Excerptis
559 2814 679 2878 Iuliani
705 2836 811 2898 pauca
818 2862 827 2896 ,
856 2835 938 2900 quae
966 2835 1008 2877 ex
1030 2812 1103 2877 aliis
1127 2812 1370 2879 commentariis
1391 2813 1426 2877 in
1448 2814 1563 2881 Dona·

271 2927 340 2981 tum
363 2915 527 3002 descripta
548 2915 722 2998 habebam,
745 2916 881 2997 subieci,
904 2914 945 2978 de
967 2914 1086 3002 quibus
1109 2938 1168 2981 suo
1190 2914 1262 2981 loco
1284 2914 1477 2982 adnotatum
1500 2926 1565 2983 est.

273 3041 471 3105 quamquam
494 3028 602 3083 autem
625 3016 722 3083 facile
745 3017 859 3103 augeri
881 3018 997 3082 horum
1019 3027 1246 3103 excerptorum
1262 3039 1421 3092 numerus
1443 3018 1567 3103 potuit,

271 3130 378 3185 tamen
407 3120 502 3206 plura
530 3109 570 3184 ex
595 3120 668 3186 istis
695 3120 936 3185 commentariis
967 3119 1078 3183 infima
1110 3129 1216 3184 aetate
1250 3119 1379 3207 seriptis
1408 3118 1568 3187 exhibere

271 3245 388 3308 parurn
412 3221 563 3287 utilitatis
586 3222 708 3288 habere
731 3222 838 3286 visum
861 3233 922 3286 est.
966 3243 1040 3285 uam
1064 3221 1172 3308 siquid
1195 3220 1315 3286 inillis
1338 3230 1469 3309 praeter
1491 3223 1567 3288 vul-

271 3345 382 3409 garem
419 3325 655 3411 expositionem
689 3323 875 3408 regularum
908 3323 1031 3389 Donati
1063 3323 1116 3388 vel
1152 3325 1330 3388 recentium
1366 3324 1566 3410 scriptorum
1621 3345 1624 3351 ·

271 3423 421 3511 exempla
443 3448 484 3489 ex
507 3426 724 3514 antiquiorum
746 3427 1031 3510 grammaticorum
1048 3425 1195 3491 doctrina
1210 3436 1376 3511 receptum
1399 3434 1461 3507 est,
1484 3425 1568 3492 haec

272 3529 379 3592 omnia
406 3527 474 3591 fere
503 3551 545 3592 ex
573 3529 611 3592 iis
641 3528 732 3593 libris
755 3529 810 3614 qui
841 3552 927 3593 nunc
955 3529 1055 3594 etiam
1082 3537 1211 3607 extant,
1240 3527 1382 3592 maxime
1409 3527 1574 3601 excom-'

270 3636 377 3692 mento
406 3627 551 3715 Pompeii
580 3629 755 3715 diligenter
783 3630 825 3694 ab
855 3630 896 3694 iis
924 3631 980 3715 qui
1007 3640 1080 3716 post
1101 3652 1175 3694 eum
1204 3631 1238 3693 in
1260 3629 1384 3695 Donati
1406 3637 1477 3695 arte
1504 3651 1566 3697 ex·

271 3729 422 3815 ponenda
444 3731 566 3796 versati
590 3741 666 3796 sunt
688 3739 842 3812 tractatu,
864 3733 966 3816 petita
983 3748 1061 3796 'esse
1082 3732 1203 3798 inveni.
