3346 5498
197 382 260 446 406
802 386 874 447 ARS

196 592 285 635 mum
307 578 511 656 sequeretur,
540 592 604 634 non
626 569 881 634 emendatiorem
908 569 1044 654 librum,
1072 569 1129 635 sed
1156 569 1260 655 magis
1288 569 1395 635 etiam
1422 590 1499 637 cor·

195 682 344 759 ruptum,
372 694 471 759 quam
498 681 595 735 antea
621 671 803 771 ferebatur,
830 672 987 737 exhibuit.
1032 693 1091 756 ego
1114 694 1311 759 quamquam
1334 671 1497 760 pluribus

196 773 364 838 codicibus
392 773 476 838 inter
503 795 538 837 se
565 770 691 838 collatis
721 773 915 859 scripturam
944 771 1042 838 valde
1069 772 1255 860 discrepare
1286 796 1349 839 nec
1383 773 1496 840 solitis

195 886 323 941 tantum
348 875 557 941 librariorum
584 875 766 958 erroribus,
796 875 855 940 sed
878 875 976 940 etiam
998 874 1116 940 studiis
1137 877 1358 963 posteriorum
1379 898 1497 962 gram·

195 978 400 1059 maticorum,
423 977 478 1065 qui
500 976 673 1063 diligenter
695 976 780 1042 bunc
800 976 921 1042 librum
943 985 1183 1059 tractaverunt,
1206 1000 1303 1064 saepe
1323 988 1495 1044 mutatam

195 1078 361 1163 intellexi,
384 1091 493 1145 tamen
515 1091 648 1166 propter
669 1079 837 1144 levitatem
858 1101 968 1143 rerum
988 1079 1155 1165 inquibus
1178 1079 1318 1166 scriptor
1332 1090 1495 1146 versatur

195 1182 236 1246 de
257 1185 321 1246 ista
342 1183 533 1247 diversitate
554 1204 673 1268 magno
691 1203 788 1268 opere
803 1180 1024 1268 quaerendum
1045 1203 1110 1245 non
1132 1181 1336 1265 existimavi,
1360 1181 1425 1247 sed
1447 1182 1493 1249 ad

194 1285 290 1349 unius
314 1284 428 1370 optimi
456 1283 575 1349 codicis
598 1283 697 1348 fidem
723 1305 841 1348 novam
867 1283 1087 1347 recensionem
1109 1283 1241 1369 exigere
1264 1285 1370 1349 satius
1394 1282 1492 1349 duxi.

193 1387 304 1472 itaque
330 1386 579 1451 ftmdamcntum
605 1385 759 1451 editionis
787 1406 857 1449 1111
885 1383 973 1448 volui
1007 1386 1152 1450 codicem
1185 1385 1373 1450 Parisinum
1403 1385 1493 1451 ‘1530

195 1490 261 1572 (P),
284 1491 376 1553 cuius
401 1489 562 1575 scriptura
583 1489 630 1552 ita
644 1486 791 1552 exhibita
812 1496 877 1567 est,
900 1487 1019 1552 111111
1040 1487 1184 1551 indicata
1199 1487 1426 1574 discrepantia
1446 1486 1492 1553 ab

194 1613 233 1655 ca
254 1612 319 1654 non
340 1589 548 1655 recederetur
570 1600 602 1654 et
623 1600 753 1676 practer
774 1588 987 1674 paucissimas
1004 1588 1135 1675 quidem
1158 1601 1191 1656 et
1211 1589 1398 1655 levissimas
1422 1611 1491 1671 res,

194 1716 274 1780 quas
298 1695 331 1757 in
353 1693 415 1758 hoc
437 1715 557 1779 genere
572 1693 765 1776 scriptorum
781 1692 956 1755 memoriae
971 1690 1109 1777 prodere
1123 1689 1204 1755 nihil
1218 1693 1367 1773 interest,
1389 1689 1490 1778 qnid-

194 1796 273 1881 quid
299 1793 394 1860 aliter
423 1806 520 1881 atquc
543 1793 666 1859 editum
688 1794 794 1858 estin
817 1816 855 1858 11
879 1795 1035 1879 scriptum
1058 1803 1155 1876 esset,
1178 1793 1327 1858 subiecta
1349 1792 1490 1859 adnota-

193 1899 280 1962 tione
304 1896 548 1982 significaretur.
593 1896 637 1961 ad
663 1895 857 1980 corrigenda
883 1906 990 1959 autem
1013 1896 1154 1960 Parisini
1177 1896 1299 1960 codicis
1321 1896 1409 1961 vitia
1432 1895 1491 1961 ad·

193 2000 285 2064 hibui
306 1998 549 2084 Frisingensem
571 1998 717 2062 codicem
740 1997 814 2083 (F);
851 2020 956 2083 ncqrre
984 2009 1093 2062 tamen
1116 2000 1277 2083 integram
1299 1998 1488 2084 scripturae

197 2102 466 2188 discrepantiam,
496 2102 579 2165 sicut
606 2101 641 2163 in
668 2099 723 2164 illo
752 2099 963 2180 factumest,
992 2099 1153 2182 indicavi,
1178 2101 1236 2164 sed
1257 2098 1376 2181 multa,
1401 2122 1490 2186 quae

192 2203 312 2268 nullius
335 2203 490 2269 momenti
513 2225 584 2266 esse
607 2203 679 2267 visa
703 2211 794 2283 sunt,
823 2202 928 2264 emisi.
971 2201 1005 2264 in
1028 2225 1091 2287 quo
1114 2201 1175 2267 hoc
1198 2202 1273 2267 sciri
1295 2200 1390 2284 volo,
1413 2202 1489 2267 ubi·

191 2328 328 2392 cumque
351 2328 389 2369 ea
411 2327 494 2392 quae
516 2304 605 2369 edita
626 2315 703 2369 sunt
724 2326 745 2367 a
766 2303 915 2367 Parisino
938 2302 1050 2368 codice
1072 2303 1285 2386 dissentiunt,
1308 2325 1417 2389 neque
1439 2305 1489 2368 in·

192 2406 335 2471 dicatum
358 2417 416 2488 111,
440 2406 518 2494 quid
540 2406 574 2469 in
596 2405 799 2490 Frisingensi
820 2405 933 2494 codice
957 2407 1114 2492 scripturn
1137 2407 1191 2488 sit,
1214 2408 1298 2470 bunc
1321 2428 1398 2470 cum
1418 2404 1488 2470 illis

191 2533 273 2595 quae
306 2512 341 2573 in
375 2510 622 2575 continuitatem
649 2507 825 2573 verborum
857 2518 990 2594 recepta
1020 2521 1097 2574 sunt
1130 2511 1313 2572 consentire
1347 2507 1489 2595 eiusque

191 2613 375 2678 testimonio
398 2612 583 2677 confirmari
605 2634 688 2697 quae
709 2613 744 2674 in
764 2609 829 2674 illis
852 2606 931 2674 locis
955 2621 1069 2674 eontra
1091 2612 1319 2677 auctoritatem
1339 2609 1488 2674 Parisini

190 2715 311 2779 codicis
333 2717 471 2802 probata
493 2724 579 2779 sunt.
623 2723 791 2799 praetcrea
817 2713 852 2775 in
879 2735 946 2778 non
971 2711 1069 2776 nullis
1098 2714 1192 2795 locis,
1221 2713 1255 2775 in
1282 2711 1403 2799 quibus
1431 2711 1488 2778 vel

189 2817 336 2904 corrupti
358 2829 451 2883 erant
473 2817 611 2896 11111111,
635 2813 687 2880 vel
704 2837 770 2878 non
796 2813 911 2878 inutile
934 2825 1004 2879 erat
1031 2816 1131 2898 scire,
1155 2814 1234 2902 quid
1256 2812 1334 2879 olim
1356 2813 1487 2879 editum

189 2929 293 3002 11111,
317 2920 509 3006 scripturam
532 2918 688 3005 principis
705 2916 856 2981 editionis
873 2916 938 3002 (ς),
954 2941 1027 2981 curn
1043 2917 1248 3002 Frisingensi
1263 2915 1377 2982 codice
1393 2915 1487 2982 illam

189 3021 320 3108 quidem
343 3021 532 3108 plerumque
555 3020 826 3101 consentientem,
849 3019 1003 3084 indicavi.
1049 3041 1155 3106 pauca
1182 3021 1281 3085 etiam
1302 3041 1345 3084 ex
1366 3019 1487 3086 codice

188 3124 492 3190 Wolfenbuttelano
515 3121 713 3209 antiquiore,
743 3144 838 3208 quem
865 3121 899 3184 in
928 3121 1057 3186 schedis
1080 3121 1296 3186 Lindemanni
1324 3118 1487 3188 collatum

188 3225 305 3308 habui,
329 3226 508 3312 adscripsi,
532 3248 597 3289 non
619 3225 712 3310 quasi
727 3223 808 3288 haec
823 3223 965 3311 aliquam
980 3225 1209 3288 auctoritatem
1230 3224 1399 3307 haberent,
1422 3225 1487 3291 sed

187 3330 264 3414 quia
290 3351 348 3415 pro
377 3329 572 3394 coniecturis
600 3326 815 3390 recentiorum
837 3327 1122 3411 grammaticorum
1144 3326 1295 3391 habenda
1316 3336 1405 3411 sunt,
1428 3327 1488 3396 vel

188 3442 274 3495 certe
296 3431 374 3517 quia
395 3430 614 3494 Lindemanni
636 3428 778 3493 editione
800 3439 984 3515 propagata
1012 3440 1115 3494 erant.
1160 3429 1281 3494 omissa
1307 3415 1421 3494 autem
1448 3432 1486 3496 in

187 3530 248 3596 hoc
270 3531 353 3598 libro
377 3545 427 3598 est
450 3555 489 3597 ea
510 3554 586 3619 pars
603 3554 684 3619 quae
708 3543 758 3596 111
780 3531 820 3595 dc
842 3532 969 3616 graecis
986 3531 1181 3596 nominibus.
1208 3531 1348 3618 reliquos
1364 3531 1484 3618 libros,

188 3657 325 3719 quorum
347 3636 426 3699 mibi
449 3637 543 3720 eopia
564 3635 654 3698 tacta
676 3643 760 3714 erat,
788 3632 933 3718 neglexi,
956 3657 997 3698 ne
1019 3633 1127 3698 inutili
1149 3634 1314 3700 variarum
1341 3635 1484 3722 scriptu·

188 3759 293 3799 rarum
317 3736 401 3800 mole
423 3736 506 3801 liber
529 3745 729 3802 oneraretur.
760 3757 864 3821 neque
886 3739 1008 3802 maiore
1023 3759 1101 3801 cura
1116 3759 1213 3823 quam
1234 3759 1332 3800 manu
1355 3738 1484 3825 scripta

187 3838 288 3922 ipsius
311 3838 388 3902 libri
411 3837 610 3923 exemplaria
638 3837 756 3921 dignus
779 3850 829 3902 111
851 3840 1099 3903 comrrrontarius
1127 3839 1161 3900 in
1183 3839 1325 3902 Phocam
1347 3839 1482 3926 amplis·

187 3942 304 4021 simus,
328 3941 383 4026 qui
407 3942 547 4027 scriptus
571 3951 621 4003 est
643 3941 676 4002 iu
698 3938 810 4004 codice
836 3940 1026 4005 Monacensi
1051 3941 1171 4022 19454,
1196 3942 1272 4007 olim
1295 3941 1480 4026 Tegemse-

188 4042 257 4105 ensi
282 4043 381 4123 1454,
410 4041 539 4106 saeculo
561 4039 732 4106 undecimo
755 4041 808 4107 vel
837 4041 1027 4109 duodecimo
1050 4068 1081 4130 p.
1108 4045 1184 4126 145,
1209 4051 1315 4124 irrcrpit
1334 4050 1425 4122 alosa
1448 4053 1480 4110 in

188 4150 311 4209 Focum.
343 4151 401 4209 Ars
416 4151 529 4210 dicitur
551 4149 589 4207 ab
611 4150 688 4207 orris
706 4153 895 4225 prr-acceptis,
920 4154 1017 4212 idest
1038 4154 1185 4212 astrictis
1207 4153 1329 4228 reculis,
1345 4155 1483 4227 eoquod

187 4255 286 4313 11111
314 4254 541 4327 conprehendit.
586 4266 638 4310 ars
665 4254 754 4310 etiam
782 4260 824 4311 est
852 4257 1048 4328 1111111111
1075 4256 1123 4315 uel
1145 4258 1302 4330 perceptio
1324 4271 1428 4315 rerum
1451 4264 1483 4316 et

187 4358 301 4416 dicitur
323 4373 383 4432 apo
406 4364 437 4414 lu
459 4363 576 4432 cretes,
605 4356 638 4413 ie
659 4362 702 4413 est
724 4371 743 4412 α
766 4358 886 4416 uirtute
931 4360 986 4416 iste
1009 4360 1107 4417 Foras
1135 4361 1165 4417 in
1187 4359 1316 4417 exordio
1337 4357 1412 4417 lari
1432 4362 1483 4420 sai

184 4476 262 4535 prae
285 4458 440 4530 [11111111
467 4459 600 4530 clepiaco
627 4459 762 4516 carrm'ne
788 4462 954 4535 composuit
980 4493 1014 4500 —
1040 4478 1069 4541 p.
1094 4455 1157 4520 236
1185 4462 1353 4519 nremr'nerr's
1374 4462 1477 4534 etiam,

186 4564 219 4621 id
245 4570 288 4622 est
316 4562 504 4632 recordarer,
535 4561 728 4620 iuclreatiuac
751 4560 873 4632 formae
898 4562 993 4621 uerba
1018 4565 1058 4621 .i.
1082 4565 1113 4621 in
1135 4566 1306 4638 praeterito
1334 4564 1476 4639 deficere,

186 4666 259 4739 quia
288 4667 463 4725 inchoativa
491 4680 550 4722 non
575 4671 674 4738 petest
702 4664 813 4723 laedere
838 4666 1046 4740 1111111111.
1091 4663 1237 4724 continet
1264 4670 1373 4724 autem
1394 4658 1480 4726 haec

185 4761 295 4847 glossa
316 4764 493 4828 inanimam
514 4760 590 4826 libri
611 4774 738 4848 partem
759 4760 868 4826 multis
892 4773 925 4825 et
940 4763 1115 4827 verborum
1137 4774 1170 4826 et
1191 4783 1298 4826 rerum
1318 4762 1480 4849 interpre·

185 4867 364 4932 tationibus
392 4878 425 4932 et
456 4865 576 4952 ineptis
610 4867 799 4930 commentis
833 4866 974 4929 maxime
1008 4864 1048 4927 de
1082 4866 1206 4948 origine
1238 4864 1480 4931 vocabulorum
