3346 5498
237 366 307 432 ’266
811 366 964 429 ΡΟΜΡΕΙΙ

285 505 292 518 .
306 479 395 519 εει-ει
408 476 432 517 ι.

244 490 320 619 felte
341 559 391 619 citi
412 557 558 626 llammas,
581 564 632 618 aut
654 555 721 617 date
741 554 815 625 tela,
839 562 890 616 aut
911 552 1044 634 inpellite
1065 557 1197 614 remos’:
1229 551 1345 631 quando
1368 553 1443 621 dicis
1464 555 1535 616 ‘aut

166 679 171 692 ·
244 662 321 721 lente
343 659 485 728 llammas,
509 667 559 720 ιιιι
580 658 648 720 date
669 657 737 727 tela,
761 664 812 719 aut
833 656 966 738 inpellite
988 661 1114 727 remos',
1135 674 1197 719 non
1220 663 1382 734 utrumque
1403 657 1536 737 imperas

243 761 412 823 iaciendum
434 780 514 831 esse,
542 761 594 822 scd
623 760 811 830 alterutrum,
841 768 873 821 ut
894 767 944 821 aut
970 756 1094 820 naribus
1126 767 1289 838 sequantur
1317 765 1369 819 aut
1395 758 1532 820 dammis.

243 871 301 926 stat
326 864 446 944 quidem
475 863 602 924 elocutio
627 864 803 943 interposita
829 859 878 922 illa
903 858 1048 943 particula
1075 861 1266 931 disiunctiva,
1294 859 1325 921 id
1347 868 1392 922 est
1412 878 1533 924 senatun

242 966 393 1036 disiunxit,
416 965 616 1027 elocutionem
638 973 737 1026 ιιιιιειι
758 965 856 1026 tenuit
877 973 906 1026 ει
927 965 1032 1024 iunxit.
1064 981 1136 1042 ergo
1157 962 1226 1024 ideo
1241 962 1379 1024 dicuntur
1401 963 1558 1028 munuc-⁵

159 1141 161 1144 ¹
243 1070 334 1139 lirae,
357 1086 417 1130 non
440 1067 519 1146 quod
541 1075 572 1129 et
599 1067 689 1128 verba
717 1067 887 1146 disiungant
914 1075 943 1126 et
964 1084 1094 1136 sensum,
1118 1064 1170 1127 sed
1193 1066 1272 1145 quod
1297 1064 1387 1127 verba
1409 1067 1534 1129 coniun-

237 1161 321 1251 gant,
344 1189 464 1233 sensum
487 1171 663 1249 disiungant.
686 1171 765 1250 'quod
788 1168 876 1230 verba
899 1169 1062 1246 coniungit,
1086 1169 1304 1230 coniunctionis
1318 1176 1378 1237 est;
1402 1167 1534 1232 disiunc-

242 1274 332 1335 tionis
354 1281 408 1344 est,
432 1273 513 1352 quod
534 1291 657 1335 sensum
679 1272 830 1352 disiungit
861 1271 919 1332 hoc
940 1277 996 1342 est,
1019 1270 1098 1351 quod
1113 1269 1225 1332 habent
1245 1272 1341 1351 partis
1359 1288 1441 1342 suae,
1464 1272 1533 1350 quia

243 1375 382 1438 dicuntur
404 1374 607 1438 disiunctivae

124 1479 229 1536 41814
325 1477 495 1558 Expletivae
517 1478 612 1540 dictae
634 1484 704 1539 sunt
725 1476 762 1538 ab
785 1496 830 1548 eo,
853 1477 933 1555 quod
954 1483 1069 1539 tantum
1091 1494 1213 1539 sensum
1243 1428 1382 1556 expleant
1404 1475 1570 1540 audineo

123 1547 182 1611 ⁶¹⁶³
198 1550 358 1642 13ιιιιιιιιιιε
380 1581 459 1642 enim
481 1589 590 1661 augent
612 1588 758 1650 ornatum,
782 1579 931 1642 detractae
958 1577 1033 1640 nihil
1060 1587 1178 1641 nocent.
1222 1577 1299 1639 hanc
1321 1586 1457 1641 naturam
1480 1580 1533 1643 ha·

241 1681 313 1744 bent
335 1681 510 1763 expletivae:
541 1683 659 1764 quarmo
682 1681 887 1753 detrahuntur,
917 1681 990 1743 nihil
1013 1679 1202 1765 signililcant3
1230 1679 1348 1761 quando
1370 1680 1533 1752 adduntur,

241 1791 349 1846 ornent
370 1803 492 1848 sensum
520 1787 633 1866 ipsum,
666 1785 695 1847 id
719 1792 764 1846 est
785 1785 902 1866 quando
930 1783 1140 1853 detrahuntur,
1170 1801 1230 1845 non
1252 1783 1389 1844 mutilant
1410 1783 1532 1865 aliquid,

206 1893 224 1940 Ἀ
241 1905 300 1948 non
323 1887 489 1949 detrahunt.
535 1897 568 1949 ut
594 1895 665 1967 puta
690 1890 716 1950 ει
743 1887 825 1948 dicas
848 1886 1004 1964 ‘equidem
1032 1885 1166 1947 volebam
1195 1887 1379 1966 praelectum
1402 1886 1532 1957 videre’,

242 1988 311 2050 tolle
333 1989 402 2051 inde
432 1990 584 2071 equidem,
609 2000 638 2051 et
659 1998 717 2051 stat
739 1990 874 2060 elocutio,
898 1988 1050 2050 ‘volebam
1072 1990 1256 2069 praelectum
1278 1987 1406 2050 videre'.
1546 2009 1571 2050 u

393 2091 530 2163 saltim,
554 2094 660 2173 siqua
682 2092 771 2153 mihi
793 2092 836 2154 de
858 2099 892 2153 te
914 2098 1093 2171 suscepta
1115 2091 1252 2151 luisset
1330 2080 1336 2088 ’

393 2203 476 2255 ante
498 2195 618 2273 lugam
641 2193 808 2255 suboles.

241 2295 311 2358 tolle
331 2295 402 2357 iude
424 2294 537 2367 saltirn,
564 2305 593 2357 et
613 2305 672 2358 stat
693 2296 863 2368 elocutio,
864 2298 963 2377 siqua
961 2296 1043 2357 ιιιιιιι
1065 2265 1104 2357 de
1125 2305 1155 2358 te
1176 2303 1313 2375 suscepta
1334 2296 1440 2357 luisset
1463 2304 1534 2360 ante

239 2399 339 2477 lugam
362 2398 501 2460 suboles’.
547 2416 618 2477 ergo
640 2400 715 2459 istae
738 2398 876 2464 dicuntur
899 2398 1061 2480 expletivae
1086 2418 1160 2479 quae
1183 2416 1305 2460 sensum
1327 2398 1457 2479 explent,
1481 2399 1534 2461 de·

240 2511 350 2563 mactae
373 2508 472 2562 autem
495 2499 569 2560 nihil
591 2509 713 2569 nocent;
736 2500 804 2561 ideo
827 2501 964 2563 dicuntur
988 2500 1160 2582 expletivae.
1198 2519 1290 2581 quare
1312 2509 1412 2563 autem
1434 2502 1575 2565 dictaeeo

238 2613 308 2666 suut
330 2602 493 2683 expletivae
516 2611 546 2663 et
566 2621 627 2664 non
649 2604 818 2664 oruativae?
848 2620 916 2665 narn
938 2603 1007 2666 illae
1035 2605 1186 2665 ornatlvae
1213 2603 1354 2666 dicuutur
1381 2622 1459 2683 quae
1481 2604 1532 2666 ad-

239 2707 317 2768 ditae
339 2712 455 2776 ornant,
478 2705 629 2766 detractae
651 2723 711 2766 non
734 2703 851 2767 obsunt.
881 2707 955 2768 istae
977 2713 1074 2768 autem
1097 2725 1173 2786 quae
1194 2704 1334 2767 dicuntur
1357 2705 1532 2785 expletivae,

136 2855 146 2881 ,
238 2815 383 2890 quantum
410 2809 555 2886 significat
583 2809 648 2888 ipse
673 2826 792 2884 sensus,
822 2811 910 2870 etiam
940 2807 1079 2869 adverbia
1105 2815 1296 2888 permanent,
1331 2826 1392 2869 non
1417 2818 1532 2871 vacant.

237 2930 331 2992 quare
359 2909 520 2972 noluerunt
546 2909 648 2971 dicere
676 2912 824 2972 ornativas
851 2913 937 2982 ιειιιε,
966 2911 1017 2971 sed
1047 2911 1217 2972 maluerunt
1238 2909 1338 2971 dicere
1360 2909 1532 2990 expletivae.

152 3048 165 3055 -
238 3016 262 3075 si
286 3015 365 3076 enim
388 3012 549 3074 voluissent
571 3013 670 3073 dicere
692 3014 856 3084 ornativas,
887 3014 1076 3076 manifestum
1100 3018 1178 3074 esset
1200 3010 1280 3090 quod
1302 3011 1420 3075 additae
1442 3030 1569 3076 orna-ne

237 3125 319 3187 rent,
347 3115 462 3177 ablatae
489 3114 563 3175 nihil
586 3122 744 3176 nocerent:
788 3116 866 3177 hanc
891 3115 1003 3177 hahent
1030 3123 1182 3190 naturam,
1207 3114 1299 3192 quod,
1322 3133 1390 3176 cum
1412 3114 1533 3179 additae

237 3220 363 3287 luerint,
391 3217 507 3279 accedit
534 3215 646 3286 cultus;
675 3221 700 3279 ει
724 3218 850 3279 decedat
871 3217 983 3287 cultus,
1010 3218 1129 3308 interim
1151 3219 1287 3297 corporis
1307 3215 1382 3279 nihil
1404 3216 1531 3280 recedit

238 3339 309 3400 ergo
336 3320 408 3400 quid
436 3329 483 3381 εει
511 3318 673 3400 expletiva?
709 3320 829 3400 quando
851 3320 917 3382 dico
941 3320 1025 3398 ‘lege
1046 3320 1239 3389 lectionem’,
1264 3327 1294 3382 et
1321 3318 1441 3396 quando
1464 3319 1533 3382 dico

237 3422 359 3485 ‘saltem
382 3423 447 3501 lege
468 3421 657 3491 lectionem’,
682 3421 761 3484 aliud
784 3431 830 3485 est
851 3423 952 3484 dicere
975 3421 1053 3501 ‘lege
1075 3421 1261 3490 lectionem',
1286 3420 1364 3482 aliud
1388 3429 1434 3483 est
1454 3421 1533 3484 ‘eal-

237 3533 297 3587 tem
318 3524 385 3603 lege
407 3523 588 3586 lectionem'.
631 3542 689 3603 quo
712 3524 819 3585 model
849 3527 900 3605 qui
923 3524 977 3585 tibi
998 3523 1070 3584 dicit
1091 3523 1168 3602 ‘lege
1190 3523 1372 3594 lectionem',
1394 3523 1573 3587 ιιοιιιιιιιιιε

238 3633 267 3686 ιε
290 3625 438 3687 adunam
466 3644 531 3687 rem
556 3628 561 3704 Ι
585 3625 760 3688 laciendum.
807 3635 837 3686 et
863 3628 940 3688 forte
963 3625 1034 3688 alias
1062 3645 1113 3687 res
1135 3627 1224 3695 lacis,
1254 3624 1306 3687 sed
1328 3627 1414 3688 istam
1436 3625 1532 3690 solam

238 3747 297 3789 non
320 3725 462 3796 faciebam
497 3726 652 3798 cantabas,
680 3728 733 3789 sed
760 3746 820 3789 non
842 3728 964 3807 legebas
989 3728 1158 3789 lectionem.
1203 3730 1253 3807 qui
1282 3726 1335 3790 tibi
1363 3728 1436 3789 dicit
1456 3727 1534 3789 ‘hoc

237 3831 315 3899 iac’,
344 3830 482 3890 tutatur
508 3838 541 3890 ut
567 3831 647 3891 hanc
667 3845 732 3890 rem
751 3829 869 3904 socies,
899 3829 969 3891 licet
996 3838 1028 3892 tu
1049 3830 1114 3891 illas
1136 3849 1187 3891 ros
1209 3839 1314 3910 sponte
1340 3831 1445 3898 lacias;
1480 3833 1534 3910 qiu

238 3939 336 3992 autem
364 3930 418 3992 tibi
440 3929 512 3991 dicit
533 3930 655 3993 ‘saltem
677 3931 734 4003 hoc
756 3933 878 4001 iacito’‚
909 3933 1040 3994 ostendit
1060 3941 1090 3993 ιε
1112 3933 1212 3993 omnia
1233 3930 1307 3992 nihil
1334 3934 1448 4004 iacere,
1478 3931 1532 3994 sed

238 4032 281 4093 vel
304 4032 362 4094 hoc
383 4051 476 4093 unum
497 4034 598 4095 lacere
621 4032 743 4094 debere.
787 4033 875 4113 longe
903 4032 981 4095 aliud
1010 4044 1056 4096 est
1084 4033 1197 4095 hortari
1225 4053 1280 4095 nos
1303 4033 1339 4094 ad
1362 4052 1454 4096 unum
1477 4034 1532 4096 ali·
1548 4053 1576 4096 es

238 4134 308 4213 quid
337 4134 519 4205 laciendum,
548 4154 616 4197 cum
645 4145 744 4196 cetera
771 4136 875 4206 iacias,
904 4137 993 4215 longe
1021 4136 1100 4199 aliud
1125 4143 1224 4197 estut
1246 4135 1290 4198 vel
1312 4155 1405 4198 unum
1427 4137 1530 4200 iacias.

237 4255 305 4299 nam
327 4237 385 4298 hoc
406 4236 498 4298 habet
519 4245 624 4299 natura
647 4236 735 4299 huius
754 4237 947 4300 elocutionis:
976 4247 1047 4318 puta
1070 4238 1193 4300 ‘saltem
1217 4238 1362 4309 ambula’,
1387 4238 1417 4298 id
1439 4245 1486 4300 est
1507 4241 1534 4301 ει

237 4359 297 4402 non
319 4341 362 4401 vis
384 4339 528 4409 dormire,
558 4341 583 4400 si
605 4358 665 4401 non
688 4341 732 4401 vis
754 4340 874 4411 sedere,
899 4343 923 4401 si
945 4360 1005 4402 nou
1028 4343 1071 4403 vis
1093 4350 1187 4411 stare,
1212 4339 1256 4403 vel
1279 4341 1337 4402 hoc
1359 4358 1452 4402 unum
1474 4342 1533 4413 iac,

237 4442 371 4512 ambula;
401 4441 518 4522 quando
541 4449 640 4503 autem
663 4442 730 4504 dico
753 4441 884 4514 ambula,
914 4445 971 4503 iarn
1000 4462 1060 4504 uon
1087 4463 1180 4523 arguo
1202 4453 1231 4506 ιε
1255 4446 1348 4505 totius
1370 4442 1535 4522 neglegen-

236 4547 309 4616 tiae,
338 4543 391 4606 sed
419 4562 511 4624 arguo
533 4553 577 4614 te,
613 4545 693 4622 quod
721 4547 806 4607 istam
834 4563 923 4607 unam
951 4564 1017 4606 rem
1044 4547 1190 4608 omiseris.
1238 4564 1309 4624 ergo
1338 4546 1433 4607 dictae
1461 4555 1576 4609 suntin

307 4733 420 4783 Shabet
438 4733 522 4783 ABG
605 4742 676 4797 parte
694 4733 719 4781 A
738 4741 823 4798 partes
842 4733 876 4784 o*
968 4734 1000 4785 16
1019 4733 1116 4799 saltim]
1142 4734 1221 4797 Verp.
1243 4733 1308 4787 Aen
1326 4732 1442 4785 1111327

239 4804 271 4854 17
290 4803 460 4854 soboleeBC
529 4801 562 4855 18
578 4803 688 4852 tolle
706 4804 808 4855 suboles
824 4821 870 4858 om
892 4805 926 4870 0,
945 4805 1035 4858 adde
1106 4804 1138 4856 19
1158 4803 1259 4854 soboles
1280 4803 1323 4853 Bc
1392 4803 1536 4855 {idheriu-

238 4883 278 4922 tur
296 4882 325 4923 ut
341 4872 406 4923 bane
423 4888 476 4923 rem
493 4873 573 4923 luciae
589 4887 636 4925 om.
657 4872 740 4923 ABG
