3346 5498
669 384 739 444 ans
769 383 794 444 ll
818 387 930 445 9-13
1382 378 1444 442 417

186 509 207 550 p.
223 496 321 538 reas-or
335 494 358 535 r.
654 523 658 532 .
963 547 967 553 ὑ
1072 492 1077 497 ·
1266 501 1286 542 p.
1300 489 1345 529 sse.
1358 490 1383 530 aa
1396 487 1420 529 a.

244 576 283 637 Es
311 574 422 655 syllaba
450 581 590 653 quattuor
624 573 718 631 modis
747 573 866 631 nomina
900 573 1112 639 terminantur,
1146 572 1176 629 in
1206 587 1239 628 es
1272 569 1445 648 productam

160 681 328 759 praeposita
352 682 546 744 consonante,
579 677 608 734 in
631 694 663 733 cs
686 681 852 753 correptam
875 673 1014 733 similiter
1035 680 1198 751 praeeunte
1221 671 1353 750 qualibet
1375 690 1444 732 con·

160 788 297 848 sonante,
327 782 356 839 in
387 797 418 837 es
446 796 549 857 puram
578 776 752 855 productam
774 779 783 835 i
807 775 898 834 vocali
926 775 1111 855 praeposita,
1140 777 1171 833 in
1194 774 1317 834 eandem
1340 791 1444 852 puram

160 891 336 962 correptam.
381 882 500 940 nomina
530 881 621 956 igitur
653 896 730 957 qnae
763 880 792 936 in
831 895 863 936 es
891 878 1064 957 productam
1093 877 1231 937 desinunt
1265 885 1443 937 consonante

134 987 327 1065 spraeposita
350 985 468 1061 generis
494 989 563 1042 sunt
590 982 726 1040 seminini
748 981 854 1040 tertiae
877 976 1103 1060 ‹leclina'ltionis
1125 986 1155 1038 et
1178 978 1300 1038 totidem
1323 978 1445 1057 syllabis

159 1091 189 1149 in
218 1089 348 1165 genitivo
376 1093 406 1145 et
433 1086 542 1144 ceteris
570 1082 688 1143 casibus
714 1090 786 1162 quot
812 1084 843 1142 in
872 1085 1052 1143 nominativo
1079 1082 1285 1160 proteruntur,
1317 1088 1349 1140 ut
1372 1080 1443 1141 baec

159 1189 253 1250 nubes
277 1188 380 1256 nubis,
411 1187 516 1247 caedes
544 1185 659 1254 caedis,
689 1185 787 1263 proles
810 1185 915 1263 prolis,
946 1185 1037 1245 moles
1061 1185 1161 1253 molis,
1186 1195 1301 1261 strages
1324 1184 1441 1261 stragis,

157 1291 240 1352 labes
263 1289 352 1359 tabis,
376 1289 470 1368 pubes
485 1287 588 1368 pubis,
612 1285 715 1366 plebes
738 1286 849 1366 plebis,
874 1289 1006 1365 exceptis
1021 1286 1127 1356 tribus,
1144 1305 1219 1366 quae
1235 1287 1368 1346 eiusdem
1391 1304 1442 1364 ge·

158 1396 238 1454 neris
254 1400 332 1461 sunt,
348 1392 399 1458 sed
414 1393 534 1470 quintae
550 1390 764 1457 declinationis,
781 1396 814 1449 ut
829 1389 901 1448 baec
917 1389 990 1448 ssdes
1005 1389 1084 1458 odet,
1102 1408 1170 1468 spes
1185 1391 1258 1468 spei,
1276 1408 1325 1449 res
1339 1391 1394 1457 rei,
1412 1395 1442 1448 et

121 1494 358 1574 roCe1·es,quod
381 1496 410 1553 in
426 1495 556 1570 genitivo
579 1499 681 1552 contra
704 1510 817 1551 morem
839 1494 971 1551 omnium
993 1491 1058 1569 plns
1079 1510 1137 1550 nna
1159 1491 1270 1570 syllaba
1293 1492 1443 1571 protertur

160 1596 237 1670 (nam
249 1596 366 1658 Cereris
378 1596 470 1674 iacit),
487 1602 516 1654 ct
528 1612 644 1654 merces
654 1594 810 1655 mercedis.
827 1595 857 1652 in
869 1593 924 1653 lrac
940 1595 1126 1654 extremitate
1139 1600 1277 1672 quattuor
1288 1596 1442 1672 reperiun-

158 1709 207 1761 tnr
229 1701 349 1778 propria
367 1697 522 1758 masculini
536 1698 656 1775 genens
667 1696 801 1758 eiusdem
814 1696 943 1765 ordinis,
959 1696 1008 1756 bic
1021 1695 1163 1756 Hercules
1176 1695 1326 1764 Herculis,
1342 1694 1443 1756 Cocles

159 1802 271 1870 Caelis,
295 1800 402 1860 Verres
425 1799 535 1869 Verris,
559 1798 659 1860 Vlixes
681 1800 783 1869 Vlixis,
806 1806 836 1858 et
857 1817 933 1878 quae
956 1807 1173 1878 componuntur
1195 1817 1210 1859 a
1232 1798 1307 1878 pede
1330 1797 1404 1857 nibil
1427 1816 1443 1856 a

159 1904 357 1963 declinatione
381 1903 525 1981 simplicis
546 1902 761 1981 discrepantia,
785 1909 815 1960 nt
834 1902 836 1980 ξ
855 1900 939 1981 bipes
961 1904 1055 1981 tripes
1069 1902 1238 1981 quadrupes
1255 1897 1338 1978 (baec
1353 1900 1443 1960 etiam

121 2008 324 2068 recommunis
352 2023 417 2064 esse
446 2007 565 2080 generis
593 2004 677 2064 multi
706 2001 872 2082 adssrmant)
907 2006 1027 2082 sonipes
1055 2004 1158 2082 alipes.
1204 2002 1261 2062 duo
1287 2009 1443 2081 praeterea

159 2109 323 2167 communis
346 2115 414 2166 sunt
436 2108 570 2183 generis,
594 2125 668 2185 qnae
691 2108 721 2165 in
744 2107 874 2183 genitivo
902 2124 958 2166 una
987 2104 1099 2184 syllaba
1123 2105 1312 2172 adcrescunt,
1342 2103 1391 2163 bic
1413 2110 1443 2164 et

159 2210 231 2271 baec
263 2209 349 2268 beres
378 2208 511 2277 heredis,
541 2207 672 2285 locuples
700 2207 864 2286 locupletis.
910 2226 984 2287 qnae
1019 2227 1051 2267 es
1079 2215 1216 2286 correpta
1244 2208 1444 2267 terminantur

159 2312 325 2391 praeposita
348 2318 541 2378 consonante,
566 2309 721 2369 masculini
743 2318 812 2370 sunt
833 2312 953 2386 generis
983 2312 1086 2370 tertiae
1109 2310 1248 2370 similiter
1271 2307 1442 2369 declinatio·

112 2416 117 2426 '
160 2416 205 2473 nis
228 2420 258 2472 et
281 2431 338 2472 una
360 2410 470 2491 syllaba
493 2415 524 2471 in
546 2413 676 2488 genitivo
691 2418 845 2482 crescunt,
870 2420 901 2473 nt
923 2413 972 2471 hic
996 2413 1098 2490 poples
1120 2412 1255 2493 poplitis,
1279 2411 1327 2470 hic
1351 2411 1444 2471 lomes

121 2517 286 2584 minantis,
316 2514 364 2573 bic
392 2512 478 2573 miles
507 2512 627 2582 militis,
657 2513 704 2573 bic
733 2531 841 2592 gurges
868 2517 1010 2592 gurgitis,
1045 2513 1092 2573 bic
1121 2516 1213 2592 stipes
1240 2515 1365 2591 stipitis
1394 2513 1443 2573 bic

159 2636 261 2696 cespes
290 2618 427 2695 cespitis,
458 2615 506 2676 bic
534 2616 642 2695 bospes
663 2616 796 2695 ,hospitis
825 2613 907 2694 (nam
931 2617 1107 2677 ieoriniaum
1130 2615 1244 2695 hospita
1268 2614 1369 2693 factt),
1393 2633 1442 2674 ex-

159 2721 253 2798 ceptis
275 2717 336 2785 nis,
366 2718 503 2777 seminini
530 2718 650 2797 quidem
678 2721 798 2794 generis
826 2718 897 2779 baec
926 2736 1010 2796 seges
1037 2720 1146 2796 segetis
1170 2724 1199 2777 et
1221 2724 1303 2794 teges
1324 2718 1441 2793 tegetis,

159 2823 323 2881 communis
347 2838 430 2887 vero,
460 2819 664 2879 accidentibus
685 2820 771 2890 licet,
803 2820 851 2880 bic
874 2827 904 2879 et
925 2821 997 2880 baec
1021 2828 1115 2888 teres,
1140 2819 1188 2878 bie
1211 2827 1239 2879 et
1262 2818 1334 2879 baec
1356 2836 1442 2897 prae·

132 2924 135 2938 '
159 2941 226 3002 pes,
250 2923 299 2981 hic
322 2928 351 2980 et
374 2921 445 2981 baec
468 2922 558 2990 dives,
583 2923 631 2981 bic
655 2929 685 2981 et
708 2922 780 2982 baec
803 2940 915 2989 comes,
939 2922 988 2981 bic
1011 2930 1040 2981 et
1061 2922 1133 2982 baec
1157 2919 1249 2980 hebes
1270 2938 1373 2999 sospes
1394 2940 1442 2982 su-

121 3044 146 3086 es
160 3032 285 3105 perstes.
316 3032 346 3083 et
368 3026 466 3083 omnia
488 3025 651 3100 genitivum
674 3027 704 3084 in
727 3027 767 3084 tis
788 3023 931 3102 syllabam
954 3026 1084 3083 mittunt.
1115 3029 1254 3083 notantur
1276 3023 1348 3082 baec
1371 3022 1441 3091 sola,

159 3130 286 3206 quaein
310 3125 370 3193 dis,
394 3144 451 3184 non
475 3127 505 3185 in
528 3127 567 3185 tis
589 3126 701 3186 iaciunt
723 3127 900 3202 genitivum,
924 3125 973 3185 bic
996 3132 1025 3184 et
1048 3125 1119 3185 baec
1142 3144 1263 3204 praeses
1285 3124 1442 3203 praesidis,

160 3247 241 3289 reses
269 3227 391 3295 residis,
420 3227 505 3286 deses
533 3228 658 3295 desidis,
687 3227 774 3287 obses
808 3226 931 3287 obsidis,
976 3245 1050 3306 quae
1085 3229 1114 3286 in
1149 3245 1181 3286 es
1213 3227 1386 3305 productam
1414 3232 1444 3286 et

159 3348 263 3410 puram
297 3328 449 3395 desinunt,
486 3329 621 3390 seminini
656 3337 724 3415 sunt
757 3331 877 3407 generis
904 3328 1111 3389 declinationis
1140 3331 1276 3407 quintae,
1312 3335 1344 3387 ut
1370 3329 1443 3388 baec

158 3433 250 3492 iacies
279 3431 380 3497 faciei,
413 3433 492 3489 acies
520 3433 610 3499 aciei,
640 3433 754 3508 eidgies
782 3432 907 3508 effigiei,
941 3439 1065 3510 excepto
1094 3449 1152 3491 uno
1179 3432 1286 3490 incerti
1313 3431 1443 3507 generis,
1520 3411 1526 3421 ’

120 3533 235 3613 acquod
259 3551 336 3592 nunc
361 3531 553 3591 masculinnm
577 3540 635 3603 est,
665 3552 742 3592 nttnc
771 3534 961 3602 femininum,
991 3540 1024 3592 nt
1046 3532 1093 3592 bio
1118 3533 1161 3592 vel
1191 3532 1263 3593 baec
1285 3532 1350 3592 dies
1372 3531 1443 3600 diei,

159 3643 187 3694 ct
210 3633 288 3712 qnod
311 3653 345 3692 cx
369 3652 404 3692 eo
427 3636 570 3711 figurator
594 3636 748 3696 masculini
771 3637 901 3713 generis,
927 3635 974 3694 bic
998 3635 1138 3696 meridies
1161 3634 1307 3695 meridiei.
1335 3651 1443 3694 unum

159 3745 314 3816 praeterea
336 3743 455 3795 notatur
477 3737 580 3797 eadem
596 3738 726 3798 clausola
747 3739 863 3799 smitum
885 3740 1005 3816 generis
1027 3739 1163 3799 feminini
1184 3739 1290 3798 tertiae
1313 3736 1443 3797 declina-

160 3839 264 3905 tionis,
293 3836 364 3896 baec
393 3840 478 3915 qnies
507 3841 626 3919 quietis.
671 3859 745 3920 quae
774 3843 804 3901 in
834 3859 866 3901 es
889 3848 1055 3920 correptam
1078 3843 1087 3900 i
1110 3837 1325 3920 praelicedente
1348 3837 1444 3900 vocali

158 3972 461 3985 m

229 4061 240 4110 l
262 4074 289 4108 es
308 4056 408 4121 syllaba
424 4058 498 4112 Cdar.
519 4061 562 4125 28,
581 4061 624 4113 27.
643 4059 686 4121 39,
708 4059 749 4114 23.
768 4060 810 4125 68,
829 4059 863 4112 34
881 4077 937 4111 eac.
959 4062 1034 4112 Odor.
1048 4061 1109 4123 541,
1126 4059 1161 4111 30

229 4252 241 4301 1
263 4259 302 4300 est
321 4248 418 4313 syllaba
438 4250 462 4297 P
511 4250 535 4296 in
553 4264 580 4297 es
596 4249 744 4314 productam
761 4264 802 4314 ρς
821 4251 845 4298 in
864 4251 1011 4314 productam
1027 4251 1051 4298 P
1066 4249 1109 4299 ide
1126 4250 1151 4298 in
1168 4247 1310 4314 (arperscr.
1331 4247 1370 4306 es)
1387 4261 1445 4310 pro·

159 4322 259 4370 duoram
280 4320 305 4368 F
371 4319 386 4366 2
410 4318 435 4366 ib
458 4329 598 4383 correptam
616 4321 641 4369 P
709 4319 725 4370 3
744 4320 770 4367 in
792 4320 881 4369 eodem
904 4335 992 4386 puram
1011 4335 1078 4368 corr.
1097 4319 1121 4367 in
1141 4320 1247 4368 eandem
1269 4333 1297 4367 es
1316 4331 1404 4382 puram
1423 4317 1448 4365 F

227 4391 242 4439 5
261 4388 374 4437 feminini
393 4388 431 4454 (et
450 4388 510 4437 add.
527 4387 584 4451 Ρς)
605 4389 692 4438 tertiae
712 4388 888 4438 declinationis
904 4390 1006 4439 totidem
1026 4389 1101 4443 Pr's
1169 4390 1186 4439 8
1204 4389 1285 4453 pubes
1307 4387 1381 4451 pubis
1400 4386 1445 4440 Fe

159 4461 230 4508 tabes
246 4474 271 4522 p,
293 4473 338 4507 om.
359 4458 381 4505 P
451 4469 556 4521 excepto
576 4475 625 4508 uno
644 4461 711 4521 quod
731 4460 845 4508 eiusdem
864 4461 1021 4524 generisest
1039 4458 1086 4508 sed
1104 4459 1205 4521 quintae
1224 4457 1401 4507 declinationis
1419 4461 1445 4502 ut

159 4529 219 4577 baec
239 4528 302 4577 fides
314 4529 370 4577 fidei
387 4537 410 4576 et
422 4543 492 4576 ceres
504 4528 527 4576 F
531 4538 548 4584 ς
600 4531 629 4580 ll
647 4531 671 4576 in
690 4530 846 4578 extremitate
860 4531 885 4578 F
899 4530 924 4578 in
938 4529 1025 4577 eadem
1040 4528 1194 4577 extremitate
1208 4542 1224 4583 ς
1242 4528 1268 4575 ia
1286 4526 1445 4575 extremitate

160 4602 247 4648 eadem
264 4614 282 4662 p
337 4599 368 4648 14
384 4598 565 4662 quadripes?
618 4598 649 4650 18
668 4600 888 4648 consonantemP
939 4599 971 4649 21
989 4598 1090 4662 hospita
1108 4596 1169 4646 iacit
1183 4598 1220 4660 [ς
1238 4595 1365 4659 hospitam
1385 4593 1445 4643 facit

159 4669 314 4733 Plrospitae
334 4667 393 4716 iacit
413 4669 437 4715 P
502 4669 535 4717 22
551 4668 613 4718 lraec
632 4684 705 4732 seges
723 4669 814 4734 sagitis
839 4665 984 4734 (segetiss)
1002 4678 1074 4734 teges
1092 4668 1176 4732 tegitis
1189 4666 1295 4730 (tegetis
1304 4662 1445 4727 DFbaec

159 4748 230 4802 teges
249 4740 315 4804 tegis
335 4749 359 4786 et
375 4752 449 4801 seges
467 4739 562 4803 segetis
580 4740 605 4788 P
675 4739 708 4791 '23
725 4739 865 4787 coanauois
882 4753 943 4788 uero
962 4738 1101 4788 accidentia
1117 4737 1174 4785 licet
1192 4736 1254 4785 baec
1271 4744 1336 4784 teres
1356 4734 1379 4783 P

159 4807 191 4856 ‘2i
211 4806 249 4856 bic
272 4817 296 4856 et
318 4806 380 4856 hacc
400 4809 472 4856 dirres
492 4808 531 4856 bic
549 4818 573 4858 et
592 4808 654 4859 haec
670 4825 755 4860 comes
779 4823 869 4874 sospes
890 4807 931 4858 bic
954 4816 978 4857 et
996 4808 1059 4858 baec
1077 4806 1155 4855 hebes
1173 4812 1301 4871 superstes
1320 4805 1345 4855 P
1360 4803 1401 4853 hic
1420 4810 1445 4852 et

159 4876 222 4926 baec
240 4878 312 4927 dines
332 4877 372 4926 hic
391 4888 414 4926 et
433 4876 494 4927 haec
513 4877 590 4929 bebes
608 4893 692 4929 comes
711 4879 810 4929 comitis
828 4893 916 4944 sospes
933 4878 1038 4944 sospitis
1055 4883 1185 4941 superstes
1203 4875 1228 4924 F
