3346 5498
592 1356 951 1454 EXOERPTA

276 1565 356 1648 EX
386 1560 839 1648 COMMENTARIIS
872 1563 933 1646 IN
965 1561 1254 1648 DONATVM

694 1785 842 1792 υ*

208 1917 470 1982 Commentarius
498 1917 532 1980 in
555 1916 722 1981 Donatum
750 1915 879 1981 nomine
907 1912 1023 1980 Iuliani
1051 1914 1202 1980 Toletani
1236 1915 1412 2002 inscriptus

130 2019 245 2105 legitur
266 2020 299 2081 in
322 2019 433 2083 codice
448 2018 609 2082 Vaticano
631 2015 848 2083 bibliothecae
866 2015 1036 2081 Palatinae
1060 2017 1155 2098 1746,
1179 2040 1220 2082 ex
1243 2039 1307 2103 quo
1330 2017 1414 2082 liber

128 2120 231 2186 editus
266 2131 317 2186 θεῖ
343 2120 467 2185 Romae
494 2143 523 2185 a.
549 2120 629 2184 1797
657 2118 731 2200 fol,
763 2123 871 2183 Sancti
896 2123 1011 2182 Iuliam
1035 2125 1168 2198 episcopi
1197 2122 1330 2182 Toletani
1362 2141 1415 2183 ars

124 2230 323 2302 prammatica
334 2229 451 2302 poetica
465 2237 494 2286 et
506 2227 657 2285 rhetorica
672 2243 689 2284 e
702 2227 882 2285 membranis
895 2227 1025 2300 antiquis
1039 2226 1228 2286 bibliothecae
1247 2227 1413 2286 Vaticano·

127 2329 285 2389 Palatinae
306 2347 386 2390 nanc
404 2331 534 2404 primum
556 2330 586 2387 in
609 2331 703 2387 lucem
725 2327 817 2387 edita.
861 2329 1029 2387 auctarium
1051 2330 1205 2388 eolwninis
1226 2328 1270 2387 II.
1288 2336 1414 2403 patrum

129 2430 345 2492 Toletanorum.
373 2448 465 2506 opera
488 2434 663 2491 aratoritatc
684 2439 712 2489 et
732 2432 872 2506 expensis
891 2431 1112 2490 eminentissimi
1131 2431 1244 2490 domini
1256 2431 1417 2492 Francisci

124 2535 290 2594 cardinalis
316 2534 354 2593 de
375 2534 556 2594 Lorenzana
584 2533 805 2608 archiepiscopi
828 2531 962 2592 Toletani
986 2532 1204 2608 Hispaniarum
1226 2535 1367 2608 primatis
1386 2539 1415 2592 et

121 2637 273 2711 pancratis
300 2637 489 2709 inquisitoris.
534 2635 618 2710 apati
650 2635 806 2695 Antonium
838 2635 1017 2709 Fulponium
1051 2634 1225 2709 praesidum
1255 2635 1413 2707 facultate.

122 2733 290 2813 codicem,
319 2733 374 2819 qui
401 2732 478 2798 olim
506 2731 569 2796 fuit
590 2732 779 2798 monasterii
800 2733 834 2798 S.
856 2732 992 2797 Nazarii
1012 2732 1302 2797 Laureshamensis
1325 2733 1413 2797 etin

122 2845 236 2902 vetere
257 2834 367 2898 indice
389 2835 538 2900 codicum
561 2834 890 2899 Laureshamensium
912 2835 954 2900 ab
977 2835 1017 2899 A.
1038 2833 1127 2898 Maio
1149 2833 1295 2920 spicileg.
1318 2835 1412 2900 Rom.

122 2935 189 3002 vol.
205 2937 237 3001 V
257 2960 289 3022 p.
309 2937 366 3000 161
384 2959 454 3023 sqq.
478 2936 567 3001 edito
590 2936 752 3001 indicatus
769 2948 819 3002 est
833 2937 854 3001 l.
871 2960 898 3001 e.
915 2959 947 3022 p.
965 2936 1036 3017 190,
1061 2935 1236 3021 descripsit
1251 2935 1412 3000 Arevalus

120 3039 158 3102 in
179 3037 259 3104 Isid.
284 3036 348 3101 vol.
372 3038 407 3103 ΙΙ
428 3061 460 3123 p.
477 3038 541 3101 370
555 3061 625 3124 sqq.
648 3038 726 3102 milri
749 3048 967 3124 campartem
990 3036 1129 3120 codicis,
1152 3039 1187 3101 in
1209 3059 1273 3123 qua
1295 3035 1414 3102 Iuliani

121 3139 207 3205 libcr
229 3139 372 3224 scriptus
394 3150 459 3219 est,
488 3140 672 3204 accuratius
695 3140 854 3205 indicavit
875 3139 1096 3204 Deilefeenus.
1140 3140 1281 3224 scriptus
1304 3149 1413 3203 autem

122 3251 176 3307 est
202 3241 309 3307 codex
336 3241 368 3303 in
403 3241 599 3306 membranis
631 3242 755 3306 formae
791 3241 953 3306 maximae
982 3238 1130 3321 saeculo,
1157 3252 1194 3305 ut
1220 3239 1412 3305 Deilefseno

122 3345 232 3409 visum
256 3352 320 3424 est,
343 3344 529 3420 undecimo,
553 3354 589 3407 ut
612 3343 773 3408 Arevalus
797 3344 897 3426 dixit,
920 3366 1003 3409 nono
1025 3341 1078 3407 vel
1102 3342 1238 3407 decimo.
1271 3343 1414 3408 continet

123 3445 233 3510 varios
262 3445 362 3509 libros
391 3444 565 3509 latinorum
598 3447 886 3529 grammaticorum
913 3445 1078 3510 inferioris
1107 3446 1241 3527 εθῖεῖὶε,
1277 3467 1413 3530 quorum

123 3547 226 3611 index
258 3548 292 3609 in
325 3545 418 3610 initio
452 3546 575 3611 codicis
604 3546 733 3610 saeculo
763 3556 879 3633 quarto
907 3547 1031 3611 decimo
1059 3545 1112 3610 vel
1139 3547 1252 3632 quinto
1286 3546 1414 3611 decimo

124 3648 265 3734 scriptus
288 3658 338 3712 est
360 3648 421 3729 ita,
449 3653 546 3712 codex
566 3636 611 3713 s—ci
630 3655 753 3711 nazarii
779 3655 809 3711 in
836 3655 977 3713 laurissa.
1012 3654 1113 3728 primo
1134 3659 1215 3712 artes
1235 3656 1334 3712 sancti
1353 3671 1415 3712 aa·

120 3756 243 3828 pristini.
284 3754 400 3827 Reputo
427 3758 578 3827 armacani
603 3755 640 3815 de
667 3760 783 3814 nomiae
810 3763 839 3815 et
864 3757 1004 3831 partibas
1031 3758 1180 3816 orationis
1226 3757 1284 3814 Ars
1312 3755 1418 3815 donati

123 3873 212 3932 quam
232 3859 344 3931 paritas
366 3856 509 3917 diaconas
530 3861 660 3933 exponit.
699 3857 804 3917 Sancti
822 3860 939 3934 ysidori
958 3860 1089 3934 episcopi
1109 3858 1146 3916 de
1165 3860 1366 3931 prammatica
1387 3870 1416 3918 et

116 3959 257 4035 partibus
278 3961 351 4017 eras.
388 3959 554 4034 Dynamius
573 3963 788 4034 prammaticus
810 3961 854 4019 ad
874 3961 1051 4036 discipulam
1075 3977 1171 4021 suam.
1211 3960 1414 4021 Grammatico

123 4063 232 4120 iulium
252 4062 385 4135 episcopi
405 4065 536 4122 toletani.
567 4064 770 4122 Grammatico
791 4069 821 4122 et
842 4080 894 4122 ars
913 4065 1028 4123 tatuini.
1062 4064 1129 4122 Alia
1151 4080 1204 4122 ars
1225 4064 1288 4122 siae
1306 4080 1414 4138 pram-

123 4166 234 4222 matica
256 4162 372 4221 Iuliani
394 4163 538 4223 Toletani.
575 4167 633 4223 Ars
654 4166 757 4239 asperi
776 4165 814 4224 ric
836 4173 899 4226 octo
917 4166 1055 4240 partibus
1075 4167 1233 4224 oracionis.
1277 4166 1335 4224 Ars
1356 4166 1415 4225 do-

122 4267 197 4323 miui
222 4263 368 4336 bonifacii
393 4266 612 4342 arctiiepiscopi
637 4274 666 4325 et
691 4269 835 4326 martiris.
872 4262 916 4325 ad
945 4262 1106 4327 Iulianum
1128 4263 1231 4347 igitur
1252 4264 1416 4348 pertinent

123 4360 204 4426 folia
231 4362 493 4427 membranarum
521 4365 759 4451 quinquaginta
786 4375 958 4451 quattuor,
982 4366 1015 4428 in
1048 4364 1167 4450 quibus
1195 4364 1242 4428 ita
1274 4365 1414 4449 scriptus

125 4462 291 4528 est‘liber:
316 4487 391 4527 nam
413 4467 446 4529 in
469 4466 580 4531 codice
602 4466 809 4530 membranae
830 4488 986 4551 perverso
1008 4465 1078 4530 loco
1101 4466 1227 4553 positae
1250 4475 1336 4541 eunt,
1360 4486 1413 4528 ne·

124 4587 186 4652 que
208 4565 243 4628 in
266 4565 354 4631 edito
376 4569 553 4653 exemplari
576 4569 732 4655 pristinus
748 4567 829 4632 ordo
845 4569 1014 4632 restitutus
1030 4578 1095 4650 θεῖ,
1119 4568 1143 4631 f.
1163 4566 1239 4631 126*
1254 4603 1296 4613 -
1311 4565 1334 4628 f.
1354 4565 1413 4629 152

122 4671 204 4731 Alis
224 4671 390 4731 IULMNI
411 4674 615 4734 TOLOTANI
635 4661 713 4735 Tib}
736 4676 842 4734 Partes
856 4677 999 4733 orationis
1013 4683 1083 4748 quot
1102 4669 1191 4734 sunt?
1212 4679 1284 4731 octo.
1314 4667 1414 4745 qaae?

123 4789 228 4834 nomen
254 4791 417 4848 pronomen
451 4777 571 4836 uerbum
608 4777 783 4836 crdirerbium
813 4778 1005 4851 participium
1038 4776 1202 4836 coniunctio
1230 4775 1415 4851 praepositio

121 4877 295 4935 interiectio.
340 4879 483 4951 quomodo
506 4887 610 4954 partes
637 4875 803 4939 orationis?
836 4884 941 4954 partes
967 4880 1132 4940 locutionis.
1182 4879 1277 4938 oratio
1304 4878 1415 4937 dictim
