3346 5498
283 349 345 417 362
618 296 622 305 Ι
822 350 1027 416 CONSENffl

324 495 329 506 .
344 465 401 504 soro.
415 463 440 502 n
454 461 475 502 r.

284 477 382 622 pillit,
411 550 443 601 ut
469 541 558 603 huius
586 541 755 603 hirundinis
782 549 813 601 et
839 541 894 601 hae
922 541 1099 602 hirundines
1126 549 1156 601 et
1177 550 1275 602 cetera
1299 541 1449 621 deinceps,
1494 560 1569 622 quae

283 646 319 705 dc
343 647 490 705 communi
506 663 623 724 qnoque
645 636 771 721 genere,
795 644 940 703 feminino
964 643 1079 703 scilicet
1100 651 1130 702 et
1152 643 1328 711 masculino,
1352 644 1568 720 intellegimus:

283 747 410 807 dicimus
438 749 516 807 enirn
545 747 634 806 buius
662 745 795 806 tibicinis
823 747 939 806 iuvenis
967 745 1097 806 fidicinis
1124 748 1198 806 civis
1219 749 1377 815 nostratis,
1408 746 1438 806 hi
1462 755 1492 806 et
1513 746 1569 806 hae

282 849 421 910 tibicines
450 852 570 909 irrvcnes
599 849 735 909 fidicines
761 849 842 907 cives
875 855 1031 907 nostrates.
1075 855 1214 907 neutrum
1242 865 1336 924 genus
1366 848 1505 908 dissentit
1532 848 1569 908 ab

281 951 420 1012 omnibus
447 952 494 1011 his
522 952 695 1030 praemissis
724 948 899 1028 generibus:
931 968 999 1010 nam
1027 952 1238 1010 nominativum
1266 950 1409 1028 pluralem
1431 950 1475 1009 vcl
1499 952 1529 1009 in
1553 970 1597 1010 as

281 1054 325 1112 vol
349 1057 379 1114 in
403 1073 429 1114 ra
453 1052 608 1132 conpellit,
639 1055 670 1112 in
693 1071 722 1120 a,
747 1060 780 1111 ut
801 1053 920 1111 nornina
943 1053 1055 1130 capita,
1079 1054 1110 1111 in
1133 1053 1178 1120 ia,
1201 1058 1234 1111 ut
1256 1051 1375 1112 monilia
1397 1051 1568 1112 tribunalia.

282 1175 358 1215 nunc
388 1158 417 1214 in
446 1155 501 1215 hac
530 1154 631 1230 regula
659 1173 746 1233 quam
776 1156 920 1214 rationem
948 1154 1146 1213 nominativus
1174 1152 1298 1232 pluralis
1320 1155 1429 1213 ceteris
1451 1153 1571 1214 casibus

282 1257 445 1336 pluralibus
468 1263 613 1335 praestet,
637 1256 796 1333 diligenter
818 1257 1045 1334 perspiciamus
1082 1263 1112 1314 et
1134 1257 1262 1333 primum
1285 1254 1356 1315 illud
1379 1257 1456 1315 scire
1479 1254 1569 1315 debe-

281 1378 362 1426 mus,
392 1358 469 1438 quod
499 1361 529 1417 in
558 1357 697 1418 ornnibus
717 1357 892 1435 generibus,
922 1359 979 1416 nisi
1010 1356 1061 1416 ubi
1084 1359 1165 1417 iuxta
1187 1360 1366 1436 praemissas
1389 1356 1499 1416 dudum
1521 1375 1569 1416 re-

281 1461 363 1538 gulas
391 1462 575 1520 acceusativus
602 1462 633 1519 in
662 1461 688 1519 is
714 1459 908 1538 conpellitur,
937 1465 999 1518 tres
1027 1476 1112 1518 casus
1139 1460 1251 1519 similes
1273 1466 1376 1527 erunt;
1401 1465 1462 1518 turn
1486 1458 1609 1528 illud,1o

281 1563 359 1641 quod
383 1562 499 1621 dativus
521 1570 551 1621 et
572 1561 718 1622 ablativus
741 1580 776 1620 ex
795 1561 898 1639 quovis
919 1578 1028 1638 genere
1052 1562 1082 1620 in
1105 1559 1161 1620 bus
1183 1569 1306 1630 exeunt,
1330 1562 1478 1638 genitivus
1499 1578 1570 1620 vero

281 1666 454 1725 varietatem
483 1665 605 1741 recipit:
640 1681 707 1722 nam
736 1669 798 1722 tum
826 1665 856 1722 in
879 1681 943 1731 um,
974 1668 1035 1721 tum
1064 1663 1094 1721 in
1118 1664 1178 1721 ium
1201 1662 1393 1740 conpellitur,
1417 1663 1506 1741 idque
1529 1665 1569 1722 ita

282 1774 461 1845 perpetuum
485 1773 545 1830 est,
572 1772 605 1823 ut
626 1784 660 1823 ex
685 1766 764 1823 omm
787 1782 896 1841 genere
918 1764 949 1823 id
972 1766 1098 1823 eveniat.
1143 1783 1210 1824 nam
1234 1764 1269 1823 de
1292 1763 1463 1824 masculinis
1486 1765 1569 1824 Cice·

257 1886 372 1944 ⁴rones
395 1877 425 1928 et
453 1875 585 1928 turtures
608 1866 784 1926 Ciceronum
807 1875 838 1926 ot
865 1874 1028 1936 buturum,
1052 1865 1164 1926 imbres
1186 1874 1353 1926 et'montes
1374 1865 1517 1926 imbrimu
1539 1875 1571 1925 et

280 1972 424 2029 montium
447 1970 561 2028 iaciunt
583 1975 613 2026 et
634 1968 765 2046 reliqna;
789 1976 819 2027 et
841 1987 876 2027 ex
898 1969 1050 2028 femininis
1071 1968 1247 2027 hirundines
1268 1976 1298 2027 et
1319 1967 1442 2028 arbores
1465 1968 1609 2028 hiron-12¹,

247 2044 381 2131 Ndirmm
405 2079 435 2130 et
457 2069 611 2138 arborum,
636 2088 726 2148 rupes
748 2077 778 2128 et
799 2070 866 2130 lites
888 2072 1007 2149 rupium
1030 2078 1060 2130 et
1081 2070 1177 2129 litium
1201 2078 1323 2146 cogunt;
1347 2090 1381 2129 ex
1405 2073 1568 2130 connmmi·

280 2172 336 2234 bus
359 2173 500 2233 tibicines
523 2180 552 2231 et
573 2174 696 2231 iuvenes
720 2171 877 2232 tibicinum
900 2179 929 2230 ot
952 2174 1104 2239 iuvenum,
1128 2178 1276 2231 nostrates
1298 2179 1328 2230 ot
1351 2175 1430 2231 cives
1453 2181 1568 2233 nostra·

282 2276 354 2333 tium
378 2282 407 2333 ct
434 2275 542 2333 civimn
572 2274 747 2341 coniiciunt;
777 2293 812 2334 ex
840 2275 955 2333 neutris
983 2276 1100 2334 nomina
1124 2282 1153 2332 et
1175 2275 1270 2353 capita
1293 2276 1446 2333 nominum
1469 2282 1498 2332 et
1520 2294 1568 2333 ca·

280 2378 392 2454 pilum,
417 2377 537 2435 monilia
560 2383 591 2434 ct
613 2374 772 2435 trilnmalia
795 2375 949 2435 monilium
973 2383 1002 2434 et
1025 2375 1217 2435 tribunalium
1241 2393 1305 2435 esse
1328 2375 1508 2454 conpellunt.

365 2478 443 2537 Satis
471 2485 612 2555 quantum
641 2475 772 2536 arbitror
799 2477 835 2536 de
860 2476 864 2557 i
890 2473 1093 2537 observatione
1124 2477 1294 2554 regularum
1324 2485 1353 2536 et
1384 2477 1499 2537 abunde
1522 2477 1608 2537 di-eo

279 2587 358 2639 ctum
375 2587 429 2638 est.
460 2597 533 2657 quas
555 2579 648 2656 siquis
670 2578 829 2655 diligenter
852 2579 997 2647 advertat,
1023 2581 1152 2640 iuveniat
1175 2580 1283 2639 nullam
1306 2598 1385 2647 esse,
1410 2599 1485 2658 quae
1509 2598 1568 2638 non

278 2681 484 2759 undecumque
514 2682 647 2759 quaesita
678 2682 708 2739 in
737 2681 841 2740 harum
871 2681 997 2760 aliquam
1027 2683 1171 2741 rationem
1195 2683 1259 2757 cogi
1282 2683 1385 2759 possit.
1430 2699 1508 2740 nunc
1531 2681 1567 2740 de

279 2784 472 2843 incrementis
495 2781 689 2861 syllabarum,
713 2785 852 2861 qnoniam
875 2791 904 2842 et
926 2785 1024 2862 ipsum
1039 2783 1075 2842 ad
1091 2786 1236 2843 rationem
1257 2782 1404 2863 ultraridam
1426 2785 1566 2861 pertinet,

278 2883 412 2945 breviter
434 2903 527 2963 pauca
550 2884 693 2944 dicemus.
738 2885 896 2961 singularis
919 2902 1061 2944 numerus
1083 2887 1191 2963 partim
1215 2885 1325 2945 nullum
1349 2886 1566 2944 incrementum

277 2990 382 3057 sentit,
412 2989 519 3065 partim
549 2987 666 3045 divorso
695 2993 725 3044 et
752 2989 832 3046 vario
860 2987 1027 3047 cumulatur
1055 2996 1222 3064 augmento.
1267 3006 1397 3066 eaquae
1421 2986 1606 3063 singularias

277 3108 401 3149 vnrmero
425 3108 482 3147 uon
506 3096 645 3148 crescunt
668 3095 805 3166 quattuor
828 3089 923 3148 modis
945 3088 1054 3168 plurali
1075 3107 1199 3149 nmnero
1215 3091 1410 3168 experiuntur
1426 3108 1565 3166 augmen·

278 3198 349 3250 tum.
395 3192 510 3268 primns
544 3190 648 3250 modus
682 3199 743 3259 est,
778 3197 809 3249 ut
842 3193 941 3251 statim
969 3193 1000 3250 in
1028 3193 1210 3251 nominativo
1238 3191 1344 3269 plurali
1374 3199 1508 3250 crescant
1537 3200 1568 3250 ct

277 3292 400 3372 aequale
430 3294 646 3352 incrementum
669 3311 723 3370 per
746 3311 847 3352 onmes
869 3311 954 3352 casus
976 3300 1109 3361 servent,
1142 3301 1172 3352 ut
1195 3293 1303 3353 monile
1326 3294 1448 3353 monilia
1470 3296 1565 3353 moni·

276 3393 348 3453 lium
377 3401 405 3452 et
434 3393 585 3473 deinceps.
630 3394 778 3454 sccundus
805 3394 909 3453 modus
936 3402 994 3463 ost,
1024 3414 1090 3455 cum
1121 3415 1136 3454 a
1166 3397 1297 3472 genitivo
1325 3394 1433 3474 plurali
1462 3398 1565 3472 augeri

276 3496 426 3574 incipiunt
447 3496 536 3575 idque
560 3496 596 3555 ad
619 3497 708 3556 duem
730 3514 822 3574 usque
845 3496 1025 3564 custodiunt,
1049 3500 1182 3576 exceptis
1204 3497 1252 3557 his
1274 3496 1394 3556 casibus
1416 3516 1489 3576 quos
1512 3516 1564 3556 ne·
1579 3520 1606 3558 ao

275 3616 358 3657 cesso
382 3606 427 3657 est
449 3600 622 3658 nominativi
646 3598 760 3658 similes
782 3617 862 3666 esso,
887 3605 918 3657 ut
940 3598 1012 3658 haec
1035 3600 1118 3658 navis
1140 3598 1245 3658 lmrmn
1269 3602 1387 3659 navium
1410 3600 1456 3659 his
1477 3607 1507 3658 et
1527 3599 1564 3659 ab

275 3697 323 3756 his
344 3699 477 3760 rmvibus.
516 3702 623 3759 tertius
644 3699 747 3759 modus
770 3708 828 3768 est,
853 3718 919 3759 curm
943 3700 1057 3760 dativus
1080 3709 1108 3759 et
1131 3700 1274 3761 altlativus
1296 3710 1409 3761 tantum
1433 3702 1565 3780 plurales

276 3806 435 3875 nugentur,
466 3809 498 3859 ut
525 3800 574 3859 hic
603 3804 684 3860 canis
711 3803 758 3860 his
782 3808 811 3859 et
833 3800 870 3860 ab
892 3802 939 3861 his
962 3802 1095 3862 canibus.
1140 3809 1262 3881 qumtus
1285 3802 1388 3861 rrictdns
1412 3810 1472 3871 est,
1496 3821 1564 3862 cnm

276 3933 342 3940 ——-
367 3938 370 3941 ,
395 3936 446 3941 .-..
462 3936 578 3942 ,ψη-..-

345 4002 358 4051 l
380 4001 455 4049 huius
479 4002 629 4065 hyrundinis
649 4012 673 4053 et
696 4004 744 4053 hae
763 4003 919 4067 hyrundines
940 4005 963 4052 L
985 4005 1060 4054 huius
1083 4004 1232 4055 herundinis
1250 4015 1274 4055 et
1292 4006 1340 4055 hee
1359 4006 1512 4057 herundines
1533 4008 1567 4057 M

275 4069 350 4119 huius
365 4071 499 4121 arrandinis
518 4082 542 4120 et
559 4072 607 4120 line
626 4074 763 4122 arundines
782 4074 807 4122 B
890 4071 964 4139 quae]
981 4076 1048 4136 quod
1068 4075 1100 4125 M
1105 4075 1153 4142 qL
1241 4079 1256 4126 2
1276 4076 1416 4126 masculino
1434 4075 1473 4124 his
1490 4092 1565 4140 prae-

275 4141 362 4189 missis
381 4141 552 4207 intellegimus
566 4142 591 4191 B
598 4143 628 4190 M
639 4143 660 4191 L
712 4143 728 4194 3
747 4143 853 4192 dicimus
872 4144 939 4191 enim
958 4144 1033 4192 huius
1049 4146 1160 4194 tibicinis
1179 4145 1255 4194 huius
1271 4147 1372 4196 iuuenis
1394 4155 1416 4193 et
1433 4144 1496 4193 hiet
1515 4147 1565 4196 hae

274 4209 398 4260 tibicenes
418 4213 523 4261 iunems
541 4211 793 4262 fidicencsneutrnm
806 4213 839 4262 M
906 4214 967 4261 civis
985 4216 1104 4264 nostratis
1118 4215 1236 4268 om.BL
1304 4215 1499 4265 dabomnibus
1517 4232 1564 4281 ge-

274 4281 379 4329 neribus
397 4280 489 4328 BML
542 4281 841 4332 timoniliammunilin
859 4283 915 4332 BL
934 4283 996 4332 uilia
1010 4284 1041 4332 M
1091 4286 1251 4348 iquaudam
1272 4288 1393 4335 rationem
1414 4286 1563 4334 nominarint

274 4349 380 4415 pluralis
402 4365 477 4412 qnam
498 4354 603 4400 caeteris
624 4352 763 4416 pluralibus
782 4363 883 4418 praeest
898 4364 923 4402 et
941 4354 1078 4419 diligenter
1098 4354 1130 4402 M
1186 4355 1202 4404 8
1221 4365 1331 4420 praestat
1350 4356 1403 4405 BL
1458 4354 1491 4405 10
1510 4365 1563 4404 trum

275 4419 336 4468 illud
356 4430 394 4469 est
415 4420 484 4481 qnod
502 4421 557 4469 BL
630 4424 659 4472 12
680 4438 736 4472 nam
752 4433 802 4472 tam
821 4425 846 4472 in
867 4439 908 4472 um
928 4434 977 4473 tam
993 4426 1018 4472 in
1032 4425 1083 4472 ium
1098 4425 1155 4474 M
1201 4425 1231 4474 14
1250 4434 1357 4475 turtures
1377 4425 1440 4474 ML
1510 4435 1563 4475 tm-

273 4497 355 4539 torum
373 4489 435 4539 ML
508 4490 539 4540 15
559 4491 925 4555 hgrundinesLherundines
944 4494 976 4541 M
1044 4493 1214 4557 hyrundinnm
1234 4496 1256 4543 L
1276 4496 1443 4545 irrrnndinnm
1463 4494 1493 4543 M

276 4559 310 4610 18
328 4562 438 4626 capitum
459 4560 612 4623 compellunt
630 4563 662 4611 M
750 4564 782 4614 19
800 4564 906 4613 munilia
924 4565 949 4613 B
1018 4565 1148 4613 mundium
1163 4565 1219 4615 BL
1303 4568 1336 4615 20
1354 4577 1378 4614 et
1397 4581 1442 4617 om,
1462 4564 1494 4612 M

274 4630 306 4679 21
328 4646 403 4694 quam
422 4631 502 4691 siquis
520 4629 546 4678 B
562 4633 633 4693 quasi
652 4634 709 4695 quis
728 4633 752 4682 L
824 4634 918 4682 nnllam
939 4633 1061 4681 rationem
1082 4649 1138 4682 esse
1156 4635 1188 4683 M
1255 4636 1287 4681 22
1310 4636 1419 4698 aliquam
1438 4635 1562 4686 rationem

272 4701 354 4762 possit
374 4702 407 4750 M
423 4701 533 4764 aliquam
552 4702 608 4764 cogi
627 4704 777 4766 possitBL
848 4703 881 4752 23
899 4702 973 4767 ipsud
991 4701 1023 4748 M
1092 4704 1125 4752 28
1149 4703 1516 4755 munilenmniliannmilium
1537 4708 1564 4757 B

340 4769 375 4819 30
392 4772 506 4836 exceptis
525 4771 625 4819 casibus
645 4787 707 4834 qums
725 4773 751 4822 B
771 4775 883 4838 exceptis
901 4772 941 4821 his
960 4786 1022 4833 qtros
1042 4773 1074 4822 M
1086 4776 1198 4839 exeeptis
1217 4788 1280 4836 epiros
1301 4777 1321 4824 L
1393 4775 1423 4827 31
1448 4779 1564 4828 nominu-

271 4837 330 4889 tiuis
348 4840 441 4889 BML
513 4841 574 4890 haec
593 4844 666 4892 trariis
685 4843 732 4891 bae
751 4857 829 4893 naues
847 4843 934 4892 luorum
954 4843 983 4891 M
