3346 5498
263 372 327 438 232
833 369 987 431 POMPEI!

289 495 312 536 p.
325 482 414 524 us-oe
428 481 448 521 r.

264 563 328 623 iniit
355 563 474 641 inquam
504 579 615 640 quaeso
642 561 702 628 aio,
733 559 830 619 omnia
858 559 912 618 ista
940 556 1028 618 verba
1057 575 1117 617 non
1145 557 1256 619 babent
1283 568 1396 620 rectum
1419 558 1559 620 ordinem

265 664 479 725 declinationis.
525 663 595 740 quid
618 680 690 740 ergo
712 661 873 722 iaciemus?
896 662 1033 739 quoniam
1057 678 1112 720 nos
1134 679 1183 722 ars
1206 661 1318 730 delicit,
1341 659 1485 722 debemus
1508 680 1557 722 re·

264 785 386 828 currere
419 764 455 826 ad
484 767 698 826 auctoritatem.
743 764 880 824 novimus
913 765 991 823 enim
1030 781 1198 823 sermonem
1231 762 1353 824 latinum
1386 763 1434 823 bis
1465 762 1559 825 rebus

265 869 427 937 contineri,
451 886 505 928 usn
528 875 591 928 arte
614 866 799 927 auctoritate.
845 883 899 924 usu
923 883 983 925 nen
1006 864 1187 935 invenimus,
1217 867 1356 945 qnoniam
1379 864 1560 928 defectivum

219 961 220 964 '
266 969 388 1031 verbnm
412 979 471 1038 est,
501 976 531 1030 et
557 968 636 1048 quod
664 966 763 1028 delicit
785 985 870 1027 usum
893 985 953 1026 non
975 966 1079 1027 babet:
1101 986 1156 1046 per
1177 984 1265 1028 nsum
1288 969 1365 1028 enim
1390 965 1502 1037 delicit,
1532 969 1586 1028 sis

266 1081 312 1134 est
333 1072 520 1133 defectivum.
566 1070 611 1130 vel
639 1069 676 1130 ad
705 1077 800 1129 artem
828 1068 969 1129 debemus
998 1069 1173 1130 recurrere?
1207 1072 1238 1129 in
1260 1071 1324 1149 ipsa
1347 1077 1410 1130 arte
1432 1068 1559 1147 legimus

265 1176 343 1236 ‘non
366 1182 436 1235 sunt
456 1171 607 1254 perlectae
630 1169 862 1232 declinationis'.
908 1189 980 1250 ergo
1007 1172 1033 1231 si
1061 1179 1090 1230 et
1119 1189 1187 1232 usus
1210 1190 1269 1231 non
1293 1180 1352 1242 est,
1376 1179 1406 1231 et
1427 1189 1475 1232 ars
1498 1189 1559 1233 non

265 1278 428 1345 invenitur,
457 1274 494 1336 ad
524 1293 557 1335 ea
580 1292 635 1334 nos
657 1273 836 1342 referamus,
866 1281 953 1333 ntea
976 1280 1091 1333 tantum
1114 1273 1260 1344 dicamuS,
1283 1291 1358 1351 quae
1380 1272 1456 1334 lecta
1478 1280 1557 1334 sunt

265 1388 338 1460 puta
360 1379 435 1439 infit:
466 1377 563 1456 legisti
591 1376 628 1437 de
658 1374 714 1435 boc
742 1373 834 1435 verbo
863 1382 922 1435 tres
949 1373 995 1435 vel
1024 1382 1162 1451 quattuor
1183 1393 1341 1456 personas,
1370 1375 1444 1437 haec
1466 1374 1557 1456 sola!

266 1480 418 1548 invenisti,
443 1478 490 1539 bis
506 1478 583 1538 vsolis
604 1485 701 1545 ntere;
727 1495 787 1537 non
808 1476 901 1538 debes
924 1477 960 1538 ad
984 1476 1209 1538 similitudinem
1233 1477 1392 1539 declinare.
1423 1496 1461 1539 ne
1477 1477 1599 1541 dicasro

267 1581 339 1643 mibi
362 1583 432 1642 inlio
454 1582 521 1641 insvs
545 1579 682 1642 inliebam
705 1579 854 1648 inieram,
885 1597 972 1658 quem
996 1578 1031 1638 ad
1055 1578 1176 1641 modum
1198 1587 1269 1659 puta
1292 1580 1379 1640 audio
1400 1579 1485 1640 audis
1507 1598 1560 1642 au·

268 1684 384 1745 diebam
408 1683 570 1743 audieram.
614 1684 646 1742 in
668 1683 732 1742 istis
754 1680 906 1741 defectivis
930 1680 1026 1742 verbis
1049 1700 1109 1741 non
1137 1700 1294 1762 possumus
1316 1700 1370 1761 per
1392 1679 1560 1742 similitudi·

268 1806 336 1848 nem
361 1804 466 1845 novam
494 1801 665 1864 conponere
694 1783 935 1853 declinationem,
966 1783 1018 1843 sed
1041 1785 1151 1844 utimur
1173 1791 1286 1844 tantum
1310 1782 1398 1844 modo
1420 1785 1561 1864 personis

267 1889 409 1967 repertis,
445 1906 516 1965 quas
544 1888 708 1947 invenimus
736 1887 766 1946 in
800 1887 983 1947 anctoritate.
1030 1905 1100 1964 ergo
1128 1887 1192 1947 iniit
1220 1889 1339 1963 inquam
1363 1904 1474 1965 quaeso
1502 1888 1560 1956 aio,

269 1992 368 2050 omnia
390 1991 446 2050 ista
468 1989 613 2049 delectiva
637 1997 756 2049 suntet
779 2008 838 2049 non
861 1997 986 2068 possunt
1008 1990 1065 2049 rite
1088 1988 1241 2050 declinari.
1575 2010 1602 2052 rs

150 2112 256 2172 rages
354 2093 457 2153 Omnis
486 2092 580 2170 prima
608 2109 736 2170 persona
757 2093 788 2150 in
812 2089 902 2150 verbo
925 2092 1098 2170 corripitur:
1122 2091 1204 2170 lego,
1228 2109 1265 2169 go
1290 2092 1387 2152 brevis
1410 2098 1462 2152 est.
1507 2110 1563 2152 ne·

268 2213 351 2254 cesse
385 2193 488 2254 babuit
522 2193 653 2253 bonatus
685 2191 881 2271 dareistam
911 2193 1043 2272 regulam
1077 2202 1200 2274 propter
1228 2212 1365 2272 graecam
1404 2195 1563 2255 rationem.

267 2314 374 2374 graeca
402 2297 481 2356 enim
509 2294 598 2354 verba
627 2297 725 2355 omnia
754 2297 784 2355 in
818 2297 914 2374 prima
946 2314 1075 2375 persona
1108 2295 1327 2375 producuntur,
1361 2297 1458 2356 ποιῶ.
1504 2296 1563 2357 boc

269 2416 340 2475 ergo
363 2398 480 2466 scitote,
510 2398 649 2475 qnoniam
672 2398 767 2456 omnis
788 2399 884 2476 prima
912 2416 1041 2476 persona
1063 2397 1237 2476 productam
1262 2417 1278 2457 ο
1302 2396 1392 2458 babet
1412 2414 1561 2474 graecam.

268 2499 364 2559 Latini
387 2507 486 2559 tamen
514 2518 636 2561 necesse
664 2487 833 2559 babuerunt
861 2499 897 2558 ab
921 2499 976 2559 hae
1003 2498 1106 2576 regula
1135 2498 1303 2568 discedere,
1328 2508 1357 2561 et
1379 2517 1467 2560 nemo
1490 2500 1604 2564 dicitao

268 2601 357 2661 latine
379 2601 461 2679 lego,
486 2599 537 2660 sed
560 2599 640 2679 legb,
665 2618 752 2660 nemo
775 2599 846 2660 dicit
867 2601 947 2671 dico,
972 2601 1023 2661 sed
1046 2602 1126 2672 dieb,
1151 2601 1285 2662 similiter
1307 2600 1419 2672 seribri;
1442 2609 1562 2663 natura·

269 2703 337 2764 liter
359 2703 457 2763 brevis
481 2711 534 2764 est.
567 2720 638 2781 ergo
661 2704 757 2762 omnis
780 2705 874 2781 prima
895 2721 1023 2782 persona
1047 2703 1222 2764 naturaliter
1245 2703 1343 2764 brevis
1366 2714 1410 2766 est
1432 2707 1564 2785 exceptis

269 2804 489 2886 monosyllabis.
527 2801 535 2882 Ι
575 2803 795 2885 monosyllabae
825 2805 903 2863 enim
931 2813 1032 2883 partes
1065 2807 1207 2865 orationis
1240 2806 1457 2884 producuntur.
1501 2826 1563 2869 non

269 2925 425 2989 possumus
452 2905 552 2967 dicere
581 2906 618 2967 do
645 2906 689 2966 stri
719 2909 757 2967 nd
786 2905 880 2987 [unde
909 2911 1013 2966 ‘nare
1041 2925 1106 2985 per
1134 2914 1311 2967 aestatem
1335 2906 1563 2989 liquidam’];

270 3012 367 3070 omnis
389 3011 445 3070 ista
467 3010 562 3088 prima
585 3027 711 3087 persona
734 3011 763 3069 in
792 3006 1002 3086 monosyllabis
1030 3007 1213 3087 producitur.
1259 3010 1303 3069 vis
1325 3011 1401 3070 scire
1423 3011 1564 3089 quoniam
1578 3031 1607 3075 as

270 3115 345 3172 ratio
368 3109 638 3191 monosyllabarum
661 3111 855 3189 producitur?
879 3110 954 3170 lacio
977 3117 1009 3169 ut
1032 3129 1090 3169 mm
1113 3112 1172 3170 sint
1188 3110 1407 3191 monosyllabae
1421 3131 1476 3192 per
1491 3131 1565 3173 con·

269 3214 464 3294 positionem,
495 3222 524 3272 et
551 3211 677 3273 redeunt
704 3213 740 3272 ad
769 3212 848 3272 illam
878 3221 1021 3274 naturam.
1068 3213 1104 3272 do
1132 3213 1276 3293 producta
1300 3222 1357 3287 est,
1382 3214 1473 3276 reddb
1496 3234 1564 3276 cor·

270 3324 352 3395 repta
376 3322 430 3375 est.
460 3319 505 3374 sto
527 3313 672 3394 producta
695 3321 753 3384 est,
777 3314 858 3375 adsto
882 3316 1000 3384 consto,
1025 3317 1082 3375 iam
1105 3314 1171 3375 illae
1194 3317 1410 3395 corripiuntur,
1435 3324 1468 3377 ut
1488 3320 1566 3378 scias

271 3420 410 3499 quoniam
434 3427 503 3478 tune
521 3425 590 3476 sunt
613 3417 789 3495 productae,
814 3418 931 3497 ‹pmndo
947 3426 1015 3478 sunt
1029 3415 1264 3495 monosyllabae;
1289 3437 1356 3477 cum
1372 3427 1469 3479 autem
1494 3439 1564 3480 coe·

239 3522 242 3532 ⁴
272 3521 370 3600 perint
398 3538 461 3580 esse
489 3517 703 3599 polysyllabae,
739 3519 812 3578 stunt
840 3518 953 3578 breves.
1001 3520 1056 3578 boe
1084 3527 1116 3579 tn
1144 3520 1221 3579 scire
1250 3520 1369 3598 quidem
1398 3519 1503 3590 debes,
1533 3530 1608 3585 ntae

272 3622 397 3682 naturali
425 3622 539 3682 ratione
568 3619 665 3680 brevis
692 3623 730 3680 sit
757 3623 853 3699 prima
881 3639 1018 3699 persona.
1063 3630 1163 3681 tamen
1190 3629 1326 3682 auctores
1349 3623 1564 3701 produxerunt.

273 3732 303 3783 et
329 3742 423 3802 paene
446 3720 593 3798 Vergilius
620 3722 696 3782 banc
725 3725 868 3781 rationem
896 3731 1015 3783 secutus
1044 3732 1089 3783 est
1111 3741 1264 3801 graecam,
1293 3733 1326 3784 ut
1348 3723 1451 3802 longas
1472 3736 1567 3804 ponat

273 3824 460 3903 frequenter,
485 3829 610 3883 ‘canto
634 3843 723 3902 qnae
747 3824 886 3885 solitus
908 3826 939 3884 si
962 3825 1141 3903 quarrdo':
1165 3833 1269 3894 canto,
1293 3834 1323 3885 to
1346 3826 1432 3905 longa
1455 3834 1500 3886 est
1524 3826 1568 3908 [et

272 3928 302 3986 in
326 3922 404 4006 aliis]
428 3927 530 4004 posita.
562 3933 661 3985 tamen
683 3928 873 3986 ivn'eniuntur
897 3926 986 3988 verba
1009 3927 1086 4006 apud
1109 3929 1204 4006 ipsum
1221 3928 1396 4006 Vergilium,
1422 3927 1473 3990 ubi
1495 3928 1564 3990 bre-

274 4029 315 4087 vis
338 4027 377 4086 sit
399 4045 430 4093 o,
461 4023 465 4108 Ι
496 4031 608 4086 ‘nnnc
637 4029 716 4087 seio
745 4027 831 4104 quid
860 4030 909 4088 sit
936 4032 1064 4089 amor'.
1109 4047 1178 4089 ecce
1201 4028 1298 4089 brevis
1321 4037 1375 4090 est.
1421 4033 1610 4096 neotericiss

273 4136 371 4189 autem
393 4146 509 4194 omnes,
533 4128 644 4189 Statius
673 4138 702 4190 ct
729 4131 793 4200 alii,
823 4133 949 4190 maiores
971 4138 1038 4191 sunt
1061 4131 1092 4191 in
1113 4130 1164 4191 illa
1186 4141 1280 4211 parte
1293 4151 1368 4211 quae
1391 4131 1487 4193 brevis
1510 4143 1564 4203 est,

274 4249 362 4311 quarn
385 4231 415 4289 in
442 4228 491 4289 illa
519 4249 593 4309 quae
623 4230 709 4309 longa
732 4238 791 4301 est,
820 4241 923 4292 eontra
947 4232 1117 4310 Vergilium.
1164 4237 1260 4295 onmis
1283 4253 1354 4313 ergo
1376 4253 1394 4293 o
1417 4237 1446 4294 in
1469 4237 1565 4314 prima

274 4340 402 4414 persona
425 4351 543 4411 semper
566 4335 724 4413 corripitm·
747 4336 877 4413 exceptis
899 4334 1118 4416 rivorrosyllabis.

275 4469 463 4479 -—-—-—-——-
489 4470 513 4474 ··

347 4523 358 4572 l
378 4522 419 4570 aio
439 4520 479 4570 Cb
497 4521 561 4570 adeo
577 4521 632 4570 AB
693 4522 784 4583 ‘lquid
802 4539 863 4589 ergo
880 4524 1000 4572 l'aeiemus
1020 4525 1044 4572 A
1061 4525 1120 4586 quid
1137 4541 1199 4592 ergo
1219 4524 1342 4574 lactemus
1360 4523 1420 4588 qnid
1441 4523 1566 4576 iaciemus

275 4592 350 4643 CBa
436 4591 736 4655 lergoetslnsusA
825 4595 854 4645 ll
875 4591 1135 4659 transponas-Alto
1202 4594 1286 4661 audis]
1308 4595 1396 4644 erudies
1416 4593 1498 4644 ABG

186 4657 190 4663 ¹
275 4664 308 4715 14
328 4664 354 4712 in
379 4671 481 4713 auctore
499 4660 582 4711 ABG
668 4680 762 4724 quaeso
788 4665 827 4713 aio
851 4665 1035 4714 Lindemannns
1059 4679 1154 4728 quaeso
1179 4680 1243 4727 queo
1265 4667 1288 4713 ll
1307 4679 1401 4729 quaeso
1422 4678 1504 4728 quaec
1523 4666 1568 4715 Ga

274 4733 486 4797 quaesoqrraeA
542 4730 843 4784 renumeratione
895 4737 929 4784 22
945 4734 1031 4782 breuis
1046 4745 1082 4782 ost
1097 4735 1331 4800 ergoABbrenes
1350 4744 1409 4783 svrnt
1427 4750 1488 4800 ergo
1502 4734 1566 4784 Ceb

321 4805 354 4854 24
370 4800 440 4868 nare]
462 4804 540 4866 Verp.
555 4817 643 4866 percy,
660 4803 703 4852 llll
722 4805 755 4854 bil
808 4820 853 4870 per
869 4803 1117 4867 casanatensem
1137 4815 1288 4869 perstarem
1304 4806 1329 4853 B
1347 4814 1516 4871 praestantem
1530 4806 1566 4853 α*

328 4871 361 4922 33
380 4870 464 4939 cauto]
494 4873 673 4975 streperet.
694 4875 717 4934 2,
734 4874 767 4925 23
839 4871 1340 4939 3511uncselo]Verp.burol.8‚d3
1403 4875 1525 4925 neoterici
1541 4877 1573 4924 A*
