3346 5498
592 375 662 437 llis
692 375 717 437 ll
742 380 834 435 10-
847 377 884 434 13
1319 367 1381 431 481

125 496 146 538 p.
159 483 217 525 arsa.
230 485 256 526 aa
269 483 293 525 r.
1203 491 1224 532 p.
1240 480 1282 520 roo.
1296 480 1321 519 or
1336 477 1357 518 t.

250 582 318 624 noe
340 566 465 643 pigeat
488 565 619 624 tritum
640 565 747 641 nigro
769 581 846 623 cum
869 561 965 622 lacte
989 579 1149 641 papaver

327 683 470 726 sumere
493 674 530 726 ot
551 667 742 744 expressis
765 664 873 725 mella
896 663 1040 743 liquata
1062 665 1168 724 iaris.

99 787 167 828 oum
200 786 270 828 vero
303 770 363 828 sint
395 786 411 828 a
442 767 628 853 nominibus,
661 775 731 827 tunc
758 770 824 828 iure
852 767 966 846 primae
994 773 1063 826 sunt
1091 766 1323 844 coniugationis,
1352 772 1384 824 ut

100 887 214 948 aequus
229 888 323 949 aequo
339 889 464 950 aequas,
488 871 673 949 propinquus
695 870 861 949 propinquo
883 870 1080 949 propinquas,
1104 867 1242 947 obliquus
1263 867 1383 946 obliquo

74 970 252 1051 oobliquas,
277 974 416 1052 antiquus
432 973 552 1051 antiquo
568 972 717 1051 antiquas,
734 989 809 1049 aqua
824 989 917 1050 equor
935 971 1067 1050 aquaris,
1083 969 1221 1048 Virgilius
1237 969 1314 1031 libro
1329 969 1383 1030 llll

99 1075 260 1151 georgicon

251 1177 312 1236 sod
336 1177 475 1236 circum
498 1182 600 1237 tutae
622 1175 689 1236 sub
712 1174 906 1236 moenibus
928 1174 1036 1235 urbis
1058 1182 1256 1253 aquantur.

187 1277 220 1337 ln
243 1295 277 1336 ro
300 1277 465 1338 desinentia
493 1296 510 1338 e
539 1279 731 1339 antecedente
753 1279 850 1339 omnia
873 1278 986 1357 primae
1009 1284 1078 1337 sunt
1100 1275 1329 1352 coniugationis,
1354 1280 1386 1333 ut

99 1377 196 1440 libero
218 1378 343 1448 liberas,
372 1378 470 1441 lacero
497 1379 633 1440 desidero
660 1380 816 1441 considero
843 1397 952 1458 aggero
980 1396 1105 1439 numero
1133 1395 1243 1455 genero
1270 1378 1385 1455 impero

61 1479 233 1550 roblatero,
266 1477 406 1541 Horatius
438 1480 514 1542 libro
546 1500 716 1543 sermonum
747 1483 775 1543 ll
807 1486 952 1559 ‘magno
985 1480 1154 1541 blateras
1187 1479 1383 1539 clamore’:

99 1583 176 1642 itero
198 1583 304 1651 iteras,
328 1584 408 1644 idem
430 1582 506 1644 libro
527 1584 541 1644 l
563 1586 728 1645 carminum
814 1594 817 1599 ⁴

503 1703 600 1747 nunc
623 1695 826 1747 retrorsum

251 1787 330 1848 vola
354 1787 440 1848 dare
463 1795 572 1867 atque
594 1790 735 1850 iterare
757 1806 891 1849 cursus

251 1907 363 1968 cogor
385 1888 551 1950 relictos.

63 2009 89 2049 15
101 1994 291 2071 excipiuntur
314 2009 407 2069 pauca
422 1993 587 2071 primitiva,
611 2000 730 2073 atquae
753 1992 791 2053 ab
814 1993 858 2053 eis
879 1991 1002 2070 singulis
1024 1999 1256 2070 componuntur,
1281 1990 1385 2049 tertiae

99 2095 328 2172 coniugationis‚
353 2099 385 2152 ut
406 2111 479 2171 gero
501 2096 597 2172 geris,
626 2096 726 2173 digero
753 2112 876 2172 aggero,
906 2093 983 2155 unde
1011 2095 1224 2171 ‘aggeritur
1246 2091 1386 2152 tumulo

100 2194 235 2257 tellus’
263 2196 293 2254 in
316 2194 355 2253 lll
377 2193 456 2254 libro
478 2197 624 2257 Aeneidos
652 2197 768 2275 Virgilii
796 2197 936 2273 ieginrus;
966 2215 1001 2256 ex
1024 2215 1083 2274 quo
1111 2193 1202 2254 verbo
1225 2212 1332 2255 nomen
1355 2195 1387 2254 tit

101 2314 206 2375 agger,
235 2304 264 2356 et
294 2295 331 2356 ab
360 2315 396 2355 eo
424 2296 548 2357 verbum
577 2298 740 2358 derivatum
764 2313 873 2375 aggero
896 2315 1019 2375 aggeras
1042 2305 1087 2358 est
1109 2299 1223 2377 primae
1246 2297 1386 2373 coniuga-

102 2400 205 2467 tioniS,
229 2406 260 2459 ut
283 2399 362 2457 idem
384 2394 393 2478 ll
415 2397 555 2476 Virgilius
578 2402 671 2461 relert
693 2402 725 2460 in
747 2398 825 2459 libro
848 2399 888 2460 xl
911 2400 1060 2460 Aeneidos

62 2515 89 2556 ao
253 2509 407 2578 aggerat
429 2508 464 2560 et
486 2501 592 2579 longo
615 2487 787 2581 praedam
810 2501 916 2561 iubet
938 2501 1071 2561 ordine
1095 2501 1192 2561 duci:

101 2610 165 2661 tero
188 2603 257 2661 item
282 2603 354 2661 teris
376 2601 478 2662 detero
500 2611 636 2682 protero;
665 2621 733 2664 sero
756 2605 827 2663 item
850 2605 940 2672 seria,
964 2622 999 2663 ex
1022 2622 1081 2682 quo
1103 2610 1320 2682 componuntur
1343 2604 1387 2663 in·

102 2721 169 2764 soro
192 2703 306 2764 dissero
335 2722 458 2783 prosero
487 2705 593 2765 desero
622 2703 700 2784 (nam
723 2705 829 2767 obsero
852 2705 974 2767 obseres
996 2707 1061 2765 iure
1083 2706 1196 2783 primae
1219 2712 1263 2764 est
1285 2706 1387 2765 coniu-

102 2807 231 2884 gationis
253 2824 269 2865 a
294 2808 413 2866 nomine
436 2808 514 2886 quod
537 2814 582 2866 cst
604 2807 677 2867 baec
700 2826 766 2868 sera
789 2808 877 2868 buius
899 2825 1000 2876 serae,
1024 2816 1054 2866 et
1076 2805 1112 2866 ab
1136 2825 1170 2864 eo
1193 2807 1387 2884 compositum

102 2915 147 2968 est
168 2925 271 2967 resero
293 2908 438 2988 reseras);
465 2927 575 2988 queror
596 2909 666 2968 item
695 2908 846 2987 deponens
872 2916 1009 2987 correpta
1033 2907 1213 2986 paenultima
1235 2909 1387 2987 quereris;

63 3012 167 3070 assero
189 3010 294 3079 etiam,
319 3005 323 3089 1
347 3009 426 3088 quod
454 3009 525 3069 licet
554 3010 719 3070 anomalum
742 3018 801 3081 est,
830 3012 937 3071 tertiae
960 3017 1058 3070 tamen
1081 3027 1146 3068 esse
1171 3011 1387 3086 coniugationis

102 3132 137 3171 ex
165 3109 342 3190 quibusdam
369 3111 433 3170 eius
462 3112 589 3170 motibus
616 3112 797 3180 ostenditur,
831 3121 861 3171 et
888 3111 924 3172 ab
953 3131 989 3171 eo
1016 3110 1152 3171 similiter
1181 3109 1326 3179 derivata,
1357 3120 1388 3171 ut

103 3215 198 3273 inlero
221 3212 331 3272 suffero
353 3214 483 3291 periero.
529 3215 676 3273 rocileror
704 3220 816 3281 autem,
845 3213 922 3292 quod
946 3216 1129 3280 estatem,
1160 3220 1189 3271 et
1211 3215 1387 3289 morigeror,

103 3314 180 3395 quod
204 3323 249 3374 est
271 3334 287 3374 a
309 3332 381 3391 gero
404 3317 609 3392 compositum,
634 3314 677 3373 rol
700 3315 768 3392 quia
791 3332 858 3374 eum
880 3313 1051 3375 nominibus
1073 3321 1298 3393 componuntur,
1322 3316 1388 3375 iure

103 3419 216 3496 primae
239 3423 307 3475 sunt
329 3418 544 3493 coniugationis
567 3415 734 3475 verborum.
772 3413 986 3476 observandum
1009 3424 1173 3476 esttamen
1196 3415 1289 3495 quod,
1313 3436 1388 3496 quae

65 3520 243 3599 aosuperius
271 3525 305 3578 ut
332 3520 437 3577 tertiae
466 3519 682 3595 coniugationis
715 3515 873 3577 verborum
902 3521 1079 3587 notavimus,
1113 3519 1212 3578 omnia
1246 3518 1388 3598 disyllaba

103 3629 186 3690 sunt,
215 3620 293 3700 quod
321 3622 353 3680 in
382 3620 485 3681 alliso
508 3626 575 3679 ante
598 3638 633 3679 ro
655 3617 834 3679 habentibus
856 3637 923 3679 raro
946 3622 1107 3699 reperitur.
1152 3629 1181 3680 et
1203 3639 1388 3701 quacumque

104 3722 160 3782 alia
183 3722 275 3782 vocali
303 3722 497 3781 antecedente
527 3741 560 3781 ro
588 3720 727 3800 syllabam
751 3721 888 3781 similiter
910 3720 1000 3781 verba
1023 3729 1092 3784 sunt
1112 3723 1227 3801 primae
1250 3724 1389 3801 coniuga-

104 3825 207 3894 tionis‚
232 3829 264 3882 ut
286 3842 338 3882 aro
360 3841 435 3893 aras,
459 3842 531 3902 paro
553 3824 633 3902 spiro
655 3823 749 3883 deliro
773 3841 842 3883 voro
865 3823 948 3903 ploro
970 3822 1094 3893 roboro,
1119 3822 1267 3884 Horatius'
1282 3825 1388 3886 carmi·

103 3944 174 3987 num
195 3924 273 3984 libro
294 3924 349 3985 llll

66 4046 92 4087 aa
184 4013 189 4026 ⁶
256 4028 426 4107 rectique
449 4027 574 4088 cultus
597 4035 750 4105 pectora
772 4026 969 4088 roborant:

103 4127 206 4189 laboro
229 4127 356 4187 obscuro
378 4129 511 4189 instauro
533 4131 637 4189 inauro
659 4130 768 4207 liguro,
791 4128 931 4190 lloratius
952 4128 1145 4208 epistularum
1167 4129 1219 4190 lib.
1243 4130 1270 4191 ll

107 4283 253 4290 μ...-
263 4283 313 4287 -.
323 4283 371 4287 --.

175 4362 293 4431 lnigro]
315 4367 426 4422 niueos
494 4364 890 4432 5librollllgeorg.]a.193
961 4365 994 4416 10
1008 4380 1152 4416 sermonum
1170 4367 1331 4419 al.m.add.
1350 4366 1389 4416 P:

103 4443 152 4484 rat.
173 4435 236 4496 117,
258 4434 291 4485 35
378 4449 471 4500 magno
493 4434 602 4484 blateras
620 4436 728 4485 clamore
748 4437 838 4486 iterare
854 4439 917 4487 itero
937 4437 961 4485 P
977 4450 1070 4501 magno
1089 4435 1209 4485 blatteraa
1229 4438 1320 4485 iterare
1339 4435 1389 4483 cle-

104 4520 173 4555 more
192 4507 283 4556 iterna
355 4506 384 4555 ll
405 4505 465 4554 libro
484 4506 493 4552 l
512 4503 602 4570 carm]
622 4503 708 4566 34,3
780 4504 811 4556 13
828 4503 893 4572 vela]
916 4507 954 4556 uel
974 4506 999 4553 P
1070 4506 1101 4561 15
1119 4509 1207 4554 tertiae
1224 4512 1283 4553 aunt
1299 4505 1389 4553 coniu-

105 4576 217 4642 gationis
238 4576 260 4623 P
330 4575 362 4625 to
380 4576 475 4623 tumulo
494 4572 578 4640 telina]
601 4584 681 4624 terrae
700 4575 813 4625 tumulus
832 4574 856 4623 B
939 4576 970 4625 17
989 4576 1015 4624 in
1034 4575 1056 4624 ll
1074 4575 1117 4625 lib.
1137 4575 1201 4624 BP:
1218 4575 1283 4625 Aen.
1306 4574 1335 4623 lll
1354 4572 1389 4623 63

175 4646 207 4696 19
226 4646 251 4693 in
271 4645 314 4694 lib.
335 4645 357 4694 X
375 4647 400 4695 B
413 4646 436 4693 in
457 4644 521 4693 libro
536 4646 646 4695 secando
666 4644 786 4694 aeneidos
804 4644 840 4693 P:
856 4645 922 4694 Aen.
939 4645 973 4694 xt
990 4643 1022 4694 79
1092 4646 1125 4693 22
1144 4645 1199 4691 inre
1215 4643 1313 4707 primae
1330 4657 1390 4693 oon·

105 4715 242 4779 iugationis
260 4716 317 4764 BP
333 4726 370 4765 est
388 4715 486 4782 primae
504 4716 691 4781 coniugationia
712 4722 723 4764 t
808 4714 842 4765 23
860 4725 883 4763 et
902 4716 932 4765 ab
952 4730 981 4765 eo
999 4730 1045 4769 ora.
1065 4715 1091 4766 B
1172 4713 1206 4764 29
1225 4713 1293 4776 quod
1311 4712 1387 4761 uerba

105 4798 171 4847 quae
189 4784 211 4831 P
279 4783 311 4834 33
329 4801 390 4851 paro
409 4801 484 4850 sporo
503 4785 571 4850 spiro
591 4785 647 4833 BP
715 4785 795 4834 deliro
810 4787 864 4837 iuro
882 4799 898 4840 ς
915 4785 1028 4835 delibero
1044 4799 1105 4834 noro
1123 4784 1148 4834 B
1165 4781 1278 4832 delibero
1297 4782 1351 4831 iuro
1366 4784 1391 4834 P

175 4868 252 4906 carm.
274 4852 336 4903 libro
356 4854 409 4925 llll]
431 4857 456 4916 i,
475 4855 508 4913 31
579 4855 787 4919 dbrelietiqnet
857 4853 890 4905 ao
908 4855 982 4923 epist.
1004 4855 1046 4904 tib.
1066 4852 1098 4922 ll]
1122 4856 1145 4916 l,
1166 4853 1216 4905 126
