3346 5498
278 362 341 429 532
783 364 1054 446 [Ptttnttouls]

276 551 359 615 libro
381 550 484 638 Aspri
511 572 629 615 nomen
656 549 850 637 inscriptum
877 572 965 633 csse,
999 549 1086 638 quod
1112 549 1220 637 ipsum
1248 547 1315 615 alia
1342 573 1395 617 ars
1423 552 1465 617 de
1496 563 1574 620 octo

275 653 424 740 partibus
448 653 603 717 orationis
625 673 704 738 prae
725 673 761 716 se
783 653 863 733 fert,
886 651 1078 739 relinquitur
1092 649 1175 717 illud
1189 651 1277 739 quod
1292 654 1421 740 saepius
1444 656 1487 720 de
1510 656 1574 720 hoc

275 777 396 839 genere
416 754 535 818 artium
556 754 841 839 grammaticarum
856 754 1057 836 monuimus,
1079 752 1223 818 utillum
1244 752 1365 819 librum
1386 756 1442 842 qui
1465 758 1573 822 mino·

276 880 345 922 rem
367 853 489 920 Donati
512 856 687 921 editionem
710 855 857 943 sequitur
877 879 937 942 pro
959 858 1083 922 minore
1104 865 1176 922 arte
1197 854 1347 921 habitum
1369 859 1462 941 eique
1486 857 1575 923 hanc

277 957 413 1023 alteram
445 969 610 1045 tamquam
640 960 796 1024 maiorem
829 969 934 1024 artem
966 957 1112 1024 additam
1145 966 1178 1023 et
1211 956 1325 1024 eodem
1358 959 1490 1025 nomine
1524 959 1573 1024 in·

276 1061 430 1147 scriptam
453 1083 524 1125 esse
545 1085 566 1124 a
587 1060 820 1126 recentioribus
842 1060 1065 1146 grammaticis
1088 1060 1245 1126 dicamus.

360 1162 401 1227 In
423 1162 558 1227 edendis
573 1160 778 1229 Palaemonis
801 1172 834 1228 et
848 1162 949 1248 Aspri
970 1160 1063 1227 libris
1086 1183 1164 1235 mus
1188 1183 1260 1226 sum
1277 1161 1389 1228 codice
1405 1163 1572 1231 Vaticano

279 1267 358 1329 1491
382 1288 402 1329 a
416 1265 562 1330 Brunnio
586 1287 659 1329 cum
674 1264 820 1330 Putschii
842 1262 991 1351 exemplo
1014 1262 1131 1329 collato
1153 1274 1187 1329 et
1208 1263 1349 1328 editione
1364 1264 1572 1330 Ascensiana

277 1390 320 1432 ex
346 1366 503 1448 Fanensi‚
533 1388 630 1452 quam
662 1367 768 1453 ipsam
795 1388 862 1432 non
887 1367 973 1447 vidi,
1002 1388 1173 1453 expressa3
1201 1367 1236 1430 in
1264 1366 1372 1453 Aspro
1398 1375 1573 1452 praeterea

278 1468 431 1534 Gothano
454 1468 582 1550 codice,
606 1489 700 1555 quem
723 1492 743 1533 a
764 1467 941 1533 Duebnero
964 1467 1116 1535 collatum
1138 1468 1172 1531 in
1200 1466 1328 1532 schedis
1349 1467 1571 1533 Lindemanni

277 1570 386 1636 habui.
417 1570 568 1656 equibus
584 1592 681 1635 manu
701 1572 897 1657 scriptorum
917 1569 1065 1636 codicum
1088 1570 1217 1654 integra
1236 1570 1399 1656 scriptura
1420 1569 1573 1637 exhibita

278 1682 342 1754 cst3
366 1694 408 1735 cx
431 1671 518 1737 edito
542 1670 690 1757 exemplo
713 1671 837 1737 leviora
859 1670 1020 1759 quaedam
1042 1671 1163 1735 omissa
1186 1682 1276 1756 sunt,
1301 1695 1339 1736 ca
1361 1681 1472 1736 tamen
1494 1694 1571 1737 cau-

278 1775 366 1838 tione
388 1772 550 1854 adhibita,
579 1785 628 1854 ut,
655 1774 851 1861 ubicumque
885 1771 950 1839 nou
983 1773 1128 1838 indicata
1159 1772 1381 1860 discrepantia
1412 1773 1570 1839 editionis

278 1876 498 1940 Ascensianae
523 1898 543 1938 a
570 1875 738 1940 codicibus
767 1875 988 1958 recederetur,
1021 1898 1095 1940 cum
1122 1873 1180 1940 illa
1206 1877 1388 1942 consentire
1417 1897 1457 1940 ea
1484 1899 1572 1962 quae

277 1986 407 2061 recepta
430 1988 505 2041 sunt
526 1986 700 2043 constaret.
