3346 5498
267 375 330 442 256
840 379 991 443 POlll’Ell

292 500 314 541 p.
327 488 416 529 ent-m
429 485 451 526 L.

267 568 387 629 verbio?
410 584 482 645 ergo
498 568 528 627 ei
542 567 680 645 iungitur
703 568 829 639 nomini,
853 569 912 628 iam
934 586 1020 629 mane
1043 585 1152 629 nomen
1175 576 1228 629 est.
1253 576 1304 628 ‘et
1326 569 1370 630 sic
1392 570 1450 630 crit
1470 587 1559 649 mane

266 671 297 730 in
321 688 337 730 c
360 670 476 740 exiens,
504 670 644 748 quoniam
672 668 807 730 neutrale
836 659 894 740 est}
923 669 980 730 hoc
1008 687 1109 740 mene,
1138 687 1227 749 quem
1250 670 1286 731 ad
1310 670 1429 731 modum
1451 670 1557 732 docile.

267 772 315 832 hic
337 769 442 833 docilis
464 770 553 832 huius
575 768 679 831 docilis
701 770 771 832 lruic
793 771 883 832 docili
905 770 985 833 hunc
1007 770 1133 834 docilem
1156 791 1174 832 o
1196 770 1301 832 docilis
1323 771 1360 832 ab
1382 771 1440 833 lroe
1462 772 1556 842 cicili:

266 873 315 934 hic
337 872 431 934 lacilis
454 875 510 934 erit
531 872 568 933 ab
591 872 647 933 hoc
669 872 763 944 facili,
786 875 842 935 doc
862 891 947 934 marc
968 873 1006 934 eh
1028 872 1085 934 hoc
1108 875 1192 934 mari.
1231 891 1302 952 crgo
1324 892 1413 953 quem
1435 874 1472 936 ad
1495 894 1558 937 mo·

266 974 337 1036 dum
365 976 432 1037 dico
461 994 477 1036 a
510 977 599 1046 mari,
630 976 681 1036 sic·
700 993 820 1055 possum
849 974 949 1036 dicere
978 978 1012 1036 ‘a
1039 976 1119 1036 mani
1149 976 1254 1036 venit'.
1300 975 1352 1036 sed
1380 975 1471 1038 hodie
1498 993 1589 1038 nona

267 1095 422 1157 possumus
444 1077 554 1138 dicere.
598 1078 718 1138 interim
743 1074 747 1154 1
776 1079 801 1138 si
825 1076 952 1138 volueris
974 1076 1074 1138 dicere
1096 1079 1150 1151 ita,
1175 1077 1271 1147 diees;
1301 1077 1352 1138 sed
1377 1086 1561 1141 tamennon

267 1178 375 1251 debes,
399 1181 539 1258 quoniam
563 1188 610 1240 tua
632 1176 688 1239 alia
711 1177 820 1240 locutio
844 1187 896 1240 est.

772 1348 820 1410 DE
842 1347 1055 1411 Plnrrcnuo

148 1477 208 1536 416,
221 1479 253 1528 et
352 1467 496 1550 Pleraque
523 1469 593 1531 dicit
622 1486 697 1547 quae
721 1469 801 1529 etin
831 1469 985 1548 superiore
1007 1477 1071 1530 arte
1093 1469 1280 1537 memoravit,
1303 1467 1446 1548 pleraque
1469 1469 1562 1533 addit.

148 1547 208 1611 ‘²⁴⁰’
223 1547 254 1596 ¹⁷
267 1572 455 1652 participium
478 1571 588 1633 dictum
612 1582 747 1650 estpars
769 1572 910 1632 orationis
932 1570 968 1631 ab
991 1589 1036 1640 eo,
1060 1570 1138 1650 quod
1161 1578 1276 1651 partem
1299 1571 1397 1650 capiat
1419 1573 1560 1639 nominis.
1577 1588 1605 1628 ιο

152 1679 157 1689 ’
266 1681 382 1753 partem
404 1673 502 1743 verbi,
522 1677 559 1734 'ut
581 1674 658 1753 siqui
681 1673 759 1734 dicat
780 1671 883 1751 legens
904 1671 1040 1734 scribens
1062 1690 1202 1740 currens;
1227 1674 1281 1734 ista
1304 1674 1458 1754 participia
1481 1683 1563 1736 sunt.

267 1792 335 1835 nam
358 1774 469 1836 habent
496 1773 568 1835 haec
590 1794 666 1855 quae
689 1775 762 1835 dixi:
796 1774 899 1853 legens
921 1773 1010 1835 habet
1033 1782 1062 1835 et
1084 1792 1169 1835 casus
1192 1782 1222 1835 ct
1242 1791 1352 1853 genera
1376 1783 1405 1836 et
1427 1782 1565 1856 tempora

268 1886 297 1937 et
324 1868 562 1955 significationes.
609 1856 690 1955 quod
718 1895 804 1937 casus
833 1885 862 1936 et
890 1895 999 1954 genera
1029 1875 1133 1946 halet,
1163 1877 1291 1936 nominis
1318 1882 1400 1937 sunt:
1440 1895 1509 1938 nam
1532 1887 1566 1939 ct

268 1997 352 2039 casus
375 1981 488 2040 nomini
512 1979 633 2049 accidit,
663 1988 693 2040 et
719 1997 815 2058 genus
842 1981 955 2040 nomini
978 1977 1093 2041 accidit.
1138 1976 1217 2056 quod
1241 1986 1374 2057 tempora
1397 1987 1427 2039 et
1448 1981 1564 2059 signill-

267 2082 398 2142 cationes
426 2080 529 2151 habet,
559 2080 632 2141 hacc
661 2081 719 2142 duo
746 2080 827 2142 vorlvi
849 2089 934 2142 sunt:
964 2090 1030 2144 nam
1054 2088 1169 2160 tempus
1191 2079 1282 2141 verho
1304 2074 1424 2150 accidit,
1448 2083 1564 2161 signifi·
1579 2097 1606 2136 re

267 2184 343 2243 catio
373 2182 463 2243 verbo
492 2183 607 2244 accidit.
655 2201 725 2262 crgo
753 2185 941 2264 participium
971 2182 1062 2243 hahet
1090 2201 1105 2243 a
1135 2183 1255 2243 nomine
1282 2190 1397 2262 partes,
1427 2180 1519 2244 habet
1545 2202 1566 2245 a

267 2283 358 2345 verbo
380 2293 490 2365 partes.
535 2285 602 2345 ideo
626 2284 733 2345 dicitur
756 2287 958 2365 participium,
983 2286 1067 2365 quasi
1090 2285 1292 2364 particapium.

351 2387 516 2467 Antequam
540 2394 700 2447 tractemus
724 2386 780 2448 lroc
801 2389 899 2467 ipsum
915 2388 1117 2466 participium,
1142 2384 1233 2446 debes
1255 2387 1334 2446 scire
1349 2384 1566 2449 discretionem

166 2508 254 2569 5¹5,ss
267 2490 416 2569 participii
439 2490 532 2568 ipsius
554 2507 570 2548 a
594 2490 723 2549 nuntiae.
769 2478 894 2568 plurima
919 2491 997 2549 enirn
1020 2500 1089 2549 sunt
1109 2489 1264 2567 participia
1288 2486 1391 2548 eadem
1415 2496 1445 2549 et
1466 2491 1565 2550 nomi·

239 2598 320 2659 ”snm
346 2600 375 2650 ct
403 2592 515 2651 iaciunt
541 2591 742 2669 gravissimam
766 2590 981 2651 conlusionem.
1027 2589 1201 2669 plerumque
1224 2591 1402 2669 proponitur
1424 2589 1512 2652 nobis
1533 2601 1605 2654 eteo

268 2692 376 2753 dieitur
398 2697 518 2753 ‘amans
542 2691 545 2771 1
570 2711 645 2772 quae
668 2711 739 2771 pars
762 2701 806 2752 est
828 2693 1005 2753 orationisi’
1030 2699 1059 2752 et
1074 2690 1209 2752 videmus
1231 2690 1311 2772 quod
1334 2699 1364 2751 et
1386 2709 1497 2754 nomen
1518 2703 1568 2755 est

156 2850 160 2858 .
268 2803 298 2855 ct
318 2796 519 2874 participium.
564 2795 716 2855 videamus
744 2812 815 2872 ergo
844 2793 1052 2855 discretionem
1074 2795 1171 2873 ipsam
1194 2812 1249 2871 per
1271 2794 1369 2854 omnia
1393 2794 1564 2874 participia.

250 2883 335 2956 'riam
365 2905 408 2956 est
435 2897 622 2976 participium
650 2895 729 2976 quod
759 2906 788 2957 et
815 2915 958 2976 praesens
984 2895 1088 2964 habet,
1118 2904 1148 2957 et
1174 2897 1368 2975 praeteritum
1399 2893 1503 2966 habet,
1533 2904 1565 2957 et

267 2999 400 3059 lutnrum
431 2997 530 3058 habet.
576 3015 647 3076 ergo
675 2998 819 3060 debemus
841 3000 918 3059 scire
941 2999 1021 3076 ipsas
1043 2995 1234 3058 differentias.
1277 3014 1419 3077 praesens
1441 2997 1563 3076 partici-

262 3102 348 3180 pium
372 3119 439 3161 cum
463 3101 583 3160 nomine
606 3099 695 3161 habet
717 3103 939 3179 cognationem,
969 3108 999 3160 ut
1023 3105 1068 3160 est
1088 3117 1200 3160 amans.
1246 3116 1314 3159 nam
1337 3116 1440 3159 amans
1463 3107 1602 3177 potesne

268 3210 297 3263 et
319 3204 507 3282 participium
531 3221 608 3272 esse,
633 3210 729 3282 potest
751 3210 780 3263 et
802 3220 911 3263 nomen
935 3220 1009 3263 esse.
1040 3201 1092 3263 sed
1115 3209 1213 3261 tamen
1236 3199 1425 3271 discernitur,
1436 3182 1562 3280 quondo

267 3306 306 3366 sit
327 3305 531 3384 participium,
556 3312 586 3365 et
607 3305 725 3384 quando
748 3307 785 3366 sit
808 3323 927 3366 nomen.
971 3306 997 3365 si
1019 3305 1209 3383 participium
1232 3302 1334 3372 luerit,
1363 3320 1491 3382 sequere
1513 3319 1561 3364 ac·

268 3408 447 3476 cusativum;
476 3408 501 3467 si
526 3425 633 3468 nomen
657 3408 759 3476 luerit,
790 3408 958 3486 genetivum
983 3425 1118 3486 sequere.
1162 3413 1232 3484 puta
1256 3410 1376 3465 ‘amans
1397 3403 1482 3466 illum
1505 3403 1563 3466 lroc

269 3510 352 3579 ieci’,
377 3509 465 3570 modo
487 3510 674 3589 participium
691 3517 749 3577 est:
774 3509 893 3569 ‘amans
909 3509 1016 3578 illius',
1042 3508 1129 3569 modo
1145 3526 1254 3568 nomen
1271 3515 1324 3576 est³
1355 3523 1426 3586 ergo
1443 3505 1562 3584 quando

168 3688 174 3696 .
268 3614 464 3672 accusativum
488 3613 624 3689 ponimus
646 3629 762 3680 casum,
792 3619 836 3670 est
857 3612 1058 3689 participium;
1088 3608 1207 3689 quando
1229 3610 1399 3686 genetivum
1421 3610 1562 3689 ponimus
1575 3627 1604 3668 ao

268 3730 384 3783 casum,
413 3731 521 3774 nomen
551 3721 605 3774 est.
649 3721 682 3773 ut
708 3713 783 3773 scias
813 3730 913 3772 verum
942 3731 1022 3783 esso,
1051 3712 1088 3773 de
1116 3711 1231 3773 similia.
1277 3713 1316 3771 ita
1344 3710 1411 3770 dico
1441 3713 1563 3772 ‘amans

268 3812 351 3874 illurn
380 3813 436 3874 lroc
464 3815 547 3883 ieci',
577 3832 665 3893 quem
693 3812 730 3875 ad
759 3813 878 3874 modum
908 3813 973 3875 dico
1002 3813 1104 3893 legens
1134 3813 1245 3875 docens
1267 3811 1416 3880 scribens,
1440 3811 1563 3890 ‘legens

267 3913 350 3975 illum
378 3914 434 3976 hoc
464 3915 546 3985 ieci',
576 3915 705 3977 ‘docens
731 3914 815 3975 illum
841 3916 899 3976 hoc
926 3917 1010 3985 ieci’,
1039 3914 1191 3976 ‘scribens
1219 3914 1301 3976 illum
1323 3913 1380 3975 hoc
1403 3914 1489 3975 leci'.
1534 3922 1564 3974 ct

268 4016 370 4095 legens
399 4023 428 4077 ct
454 4017 565 4079 docens
594 4024 624 4078 ct
650 4016 784 4084 scribens
811 4019 964 4098 participia
992 4025 1070 4080 sunt.
1114 4019 1139 4078 si
1161 4020 1201 4078 ita
1224 4017 1289 4078 dico
1313 4018 1431 4077 ‘amans
1452 4015 1561 4086 illius’,

271 4136 358 4196 quem
382 4119 417 4178 ad
442 4119 561 4180 modum
585 4118 651 4180 dico
681 4119 801 4181 ‘doctor
829 4118 925 4180 illius'
956 4128 984 4180 ct
1012 4121 1142 4181 ‘amicus
1164 4118 1270 4187 illius’,
1294 4119 1351 4180 iam
1374 4136 1485 4180 nornen
1508 4127 1562 4188 est,
1577 4140 1607 4181 on

187 4263 191 4270 ·
270 4222 338 4301 quia
368 4227 396 4281 et
425 4218 528 4281 doctor
557 4230 586 4283 ct
613 4222 727 4281 amicus
750 4223 868 4283 nomina
892 4230 960 4284 sunt
984 4220 1078 4302 [ista].
1123 4239 1194 4300 ergo
1217 4223 1485 4301 quotienscumque
1506 4221 1562 4281 uti·

270 4342 337 4384 rnuv
365 4325 547 4393 accusativo,
578 4326 634 4385 crit
661 4325 864 4403 participium;
895 4325 1160 4402 quotienscumque
1186 4326 1298 4384 utimur
1325 4323 1476 4403 genetivo,
1508 4323 1565 4382 erit

150 4438 388 4500 441‚1onomen.
434 4444 503 4487 ecce
531 4424 622 4488 lrabes
656 4427 864 4489 discretionem
899 4427 1066 4506 praesentis
1099 4427 1246 4506 participii
1275 4434 1304 4486 et
1336 4424 1473 4487 nominis.
1519 4434 1565 4486 est

460 4548 572 4555 ———-—

339 4599 355 4648 4
376 4598 408 4647 ab
427 4597 475 4648 hoe
494 4597 562 4648 incili
579 4599 611 4648 ab
630 4599 677 4649 hoc
696 4599 758 4648 mari
774 4597 849 4648 Bca
867 4598 898 4648 eb
918 4597 966 4647 lroc
984 4596 1053 4646 lucili
1071 4597 1102 4647 nb
1118 4597 1167 4648 hoc
1185 4597 1253 4646 meni
1266 4596 1290 4644 Α
1364 4597 1394 4647 11
1414 4605 1565 4661 partemque

271 4668 381 4718 uerbiB
452 4669 484 4719 14
501 4668 794 4736 significationeshnbet
812 4668 826 4716 d
845 4668 1046 4734 significationes
1070 4668 1163 4718 habent
1181 4667 1264 4717 ABG
1298 4696 1302 4702 ·
1335 4666 1365 4716 17
1385 4666 1458 4729 quasi
1479 4675 1567 4730 parte·

270 4742 370 4803 capium
389 4738 414 4787 Α
485 4740 517 4789 no
543 4740 695 4789 discernitur
717 4748 740 4788 et
764 4738 865 4802 quando
892 4739 925 4787 sit
943 4753 1035 4788 nomen
1060 4740 1161 4801 quando
1179 4737 1341 4803 perticipium
1359 4736 1381 4784 si
1399 4735 1565 4800 participium

271 4809 305 4868 (si
326 4810 486 4873 perticipium
510 4826 555 4860 om.
573 4811 611 4866 A,
634 4810 695 4859 cdd.
714 4812 741 4868 c)
759 4808 835 4857 luerit
853 4808 938 4859 ABG
1024 4808 1057 4859 :to
1077 4810 1126 4857 ianr
1146 4808 1235 4859 nomen
1255 4813 1293 4854 cst
1310 4814 1368 4868 port
1385 4820 1473 4855 amans
1494 4805 1566 4855 illius

269 4877 361 4927 natent
378 4877 458 4928 ABG
