3346 5498
658 350 894 412 conunntvttt
1366 345 1426 412 153

1242 470 1263 511 p.
1278 459 1364 499 its-at
1380 457 1401 497 1,.
1423 492 1434 506 x

129 560 188 602 nos
211 539 268 600 hoc
290 557 409 600 servare
430 537 589 609 debemus,
613 545 646 599 ut
667 539 769 598 senior
791 537 924 599 dicamus
945 539 976 597 in
998 536 1139 608 masculo,
1161 539 1192 599 in
1214 538 1324 599 lomina
1346 537 1426 598 dica·
1515 563 1523 572 ·

128 661 199 705 mus
220 645 317 716 inopis
339 660 422 702 anus.

218 743 298 814 Ouac
320 745 440 804 nomina
463 745 705 822 conparationem
728 742 893 820 rccipiunt?
916 743 956 802 ait
977 761 1010 803 ea
1033 761 1108 822 quae
1130 749 1200 802 sunt
1221 741 1371 822 qualitatis
1394 749 1493 811 otior,
1508 750 1539 799 19

129 847 318 926 quantitatis,
347 854 380 906 ut
407 844 548 914 diximus,
578 863 594 905 a
617 850 756 923 quattuor
778 843 868 905 rebus
893 842 1064 915 trahuntur,
1094 843 1131 905 ab
1153 845 1266 913 animo,
1291 862 1307 903 a
1331 843 1335 925 Ι
1359 818 1497 905 constit
1511 820 1543 868 33

102 964 221 1028 sporo,
252 949 450 1016 extrinsecus,
481 966 497 1006 a
524 964 673 1007 mensura.
723 946 777 1006 ista
811 953 882 1006 sunt
914 947 1033 1006 nomina
1075 965 1150 1026 quac
1184 941 1425 1025 conparationem

130 1051 295 1128 recipiunt,
330 1047 411 1110 nulla
441 1047 510 1108 alia:
548 1048 584 1108 ab
613 1049 712 1108 animo
746 1065 822 1127 quae
851 1048 985 1117 veniunt,
1020 1047 1123 1108 doctus
1156 1047 1274 1122 stultm,
1311 1047 1426 1109 doctior

131 1151 338 1220 doctissimus,
368 1150 487 1211 stultior
513 1149 716 1217 stultissimus;
746 1168 761 1208 a
785 1168 924 1228 corpore,
948 1150 1081 1242 pulcher·
1096 1150 1250 1220 candidus,
1273 1149 1426 1229 pulchrior

131 1252 360 1333 pulcherrimus,
384 1252 538 1314 candidior
560 1250 802 1320 candidissimus;
827 1253 1022 1322 extrinsecus,
1046 1253 1075 1313 id
1098 1261 1143 1313 est
1164 1272 1180 1313 a
1204 1253 1330 1322 lortuna,
1353 1270 1425 1332 pau-

131 1373 187 1434 per
211 1353 306 1423 dives,
331 1355 490 1434 pauperior
511 1355 733 1432 pauperrimus,
757 1352 875 1413 divitior
897 1352 1099 1422 divitissimus;
1123 1373 1139 1415 a
1162 1353 1427 1433 mensura-longus

10 1453 12 1460 '
94 1455 225 1526 solatus,
254 1455 370 1533 longior
397 1455 601 1533 longissimus,
631 1452 718 1514 latior
745 1453 913 1516 latissimus.
957 1457 1026 1535 quia
1054 1455 1127 1515 dixit
1149 1455 1266 1516 divitior
1287 1455 1422 1516 divitissi-

134 1544 213 1627 mus,
238 1577 276 1618 ne
297 1565 384 1636 putes
406 1556 482 1618 male
499 1575 564 1618 esse
579 1555 704 1626 dictum,
728 1558 805 1616 scire
829 1554 920 1616 debes
941 1558 997 1617 ista
1020 1556 1104 1620 aliter
1127 1556 1284 1626 declinari,
1307 1556 1424 1637 quando

134 1660 260 1720 dicimus
288 1660 371 1720 dives
398 1659 514 1719 divitior
543 1658 741 1719 divitissimus.
788 1659 814 1718 si
842 1660 898 1719 erit
925 1658 1090 1738 principale
1117 1658 1177 1729 dis,
1208 1665 1239 1719 ut
1261 1659 1372 1738 legistis
1393 1661 1425 1721 in

133 1763 275 1823 Terentio
309 1762 382 1822 ‘dis
414 1761 474 1841 pol
509 1779 612 1822 esses
639 1760 798 1829 llemea',
829 1758 875 1820 dis
901 1759 991 1820 ditior
1019 1761 1188 1822 ditissimus.
1235 1778 1305 1839 ergo
1334 1761 1423 1829 vides,

133 1884 209 1945 quae
240 1865 359 1925 nomina
381 1870 596 1943 conparantur:
625 1881 702 1942 quae
723 1870 793 1922 sunt
814 1861 961 1943 qualitatis
984 1871 1013 1923 ct
1035 1865 1213 1942 quantitatis.
1257 1882 1292 1924 ca
1314 1871 1440 1953 autem,³

92 1987 119 2027 ιτ
133 1986 209 2048 quac
233 1985 293 2027 non
315 1973 384 2026 sunt
406 1965 552 2044 qualitatis
574 1972 603 2025 et
625 1964 808 2044 quantitatis,
838 1984 898 2025 non
920 1967 1068 2046 recipiunt
1090 1966 1341 2044 conparationem.
1386 1983 1426 2026 ne

131 2078 162 2129 te
190 2065 349 2152 delcipiant
375 2065 423 2127 illa
451 2066 584 2127 Plautina
613 2074 643 2126 et
670 2067 826 2127 diraniana
857 2066 961 2137 verba,
997 2068 1178 2146 ipsissimus;
1216 2069 1282 2127 ioco
1310 2069 1426 2127 comico

132 2169 189 2230 hoc
212 2169 292 2230 dixit.
339 2177 395 2230 est·
414 2170 502 2229 etiam
531 2168 609 2246 apud
631 2167 761 2229 Graecos
783 2160 965 2240 αὐτότατος
985 2168 1053 2229 tale.
1097 2170 1209 2230 comica
1230 2177 1301 2230 sunt
1321 2171 1374 2230 ista
1398 2177 1428 2230 et

131 2272 170 2333 ad
192 2281 286 2332 artem
309 2290 369 2331 non
391 2272 550 2350 pertinent.
590 2288 660 2348 crgo
684 2288 743 2329 non
766 2271 914 2349 recipiunt
936 2271 1176 2351 conparationem
1206 2272 1263 2331 nisi
1289 2290 1323 2331 ea
1352 2289 1426 2351 quae

132 2382 203 2435 sunt
234 2373 383 2453 qualitatis
418 2379 448 2432 et
477 2373 656 2451 quantitatis
703 2372 829 2432 diximus
862 2374 919 2433 iam
956 2372 1013 2432 ltoc
1042 2375 1167 2452 saepius.
1211 2371 1284 2433 illud
1306 2392 1425 2443 nomen,

91 2497 118 2537 so
132 2475 212 2556 quod
235 2477 265 2535 in
289 2475 502 2536 dubitationem
524 2477 617 2544 venit,
640 2474 763 2536 Latinus
778 2474 909 2535 Latinior
925 2474 1130 2535 Latinissimus
1151 2477 1304 2555 quaeritur
1325 2483 1426 2537 utrum

132 2578 274 2639 dicamus.
321 2580 346 2637 si
374 2597 390 2638 a
419 2586 507 2656 gente
533 2575 675 2647 volucris,
705 2595 764 2637 non
792 2575 879 2646 dicis,
907 2576 937 2636 id
966 2585 1010 2636 est
1043 2579 1068 2638 si
1097 2596 1113 2636 a
1141 2584 1229 2655 gente
1258 2577 1354 2638 dictus
1383 2585 1427 2637 est

133 2681 270 2749 Latinus,
295 2698 382 2758 quem
407 2679 443 2741 ad
466 2677 586 2741 modurn
608 2677 706 2740 ltalus.
745 2677 888 2759 numquid
915 2697 1037 2758 possum
1060 2678 1160 2740 dicero
1183 2678 1284 2740 ltalior
1305 2679 1426 2741 ltalissi·

133 2788 217 2844 rnus‘t
247 2781 392 2863 quemad
416 2780 643 2841 monumntor:
672 2781 815 2861 numquid
843 2799 963 2861 possum
993 2781 1093 2841 dicere
1121 2782 1219 2841 ntrior
1245 2782 1426 2842 ‚tierrimusi

133 2882 279 2963 quemad
303 2882 423 2943 modum
440 2881 554 2944 Gallus:
580 2882 721 2963 numquid
744 2881 810 2943 dico
826 2866 938 2944 Gallior
953 2882 1153 2944 Gallissintusi
1176 2885 1219 2943 sic
1242 2903 1259 2935 s
1277 2883 1426 2944 Latinissi-

94 3004 207 3055 25mus.
252 2987 276 3046 si
305 2994 403 3046 autem
431 2984 467 3045 ad
496 2984 692 3046 elocutionem
714 2989 848 3060 respicit,
877 2987 984 3065 recipit
1011 2985 1262 3066 conparationem.
1308 2994 1378 3065 puta
1402 2986 1427 3046 si

134 3089 214 3148 dicas
237 3093 312 3165 ‘quo
329 3089 417 3152 ruodo
433 3087 600 3165 loquitur‘l'
624 3094 654 3147 et
674 3086 769 3147 dicam
790 3087 894 3156 latine,
919 3088 1025 3166 recipit
1040 3088 1291 3166 conparationem.
1316 3087 1426 3163 quare?

134 3192 201 3270 quia
225 3192 326 3269 incipit
349 3209 413 3250 esse
436 3189 584 3269 qualitatis
607 3189 644 3250 ab
667 3191 765 3249 animo
790 3188 863 3269 [quo
893 3189 981 3249 modo
1004 3189 1154 3268 loquitur?
1177 3187 1293 3268 latine].
1329 3197 1427 3248 tamen

135 3292 190 3352 ltoc
213 3294 310 3371 ipsum
332 3299 456 3371 propter
478 3291 701 3368 ambiguitatem
717 3290 866 3353 vitandum
883 3301 940 3360 cst,
964 3309 1002 3350 ne
1024 3291 1166 3352 cadamus
1182 3292 1211 3350 iu
1233 3289 1425 3350 calumniam:

135 3394 254 3455 latinior
276 3412 335 3452 non
364 3393 506 3454 dehemus
535 3393 649 3462 dicero,
674 3410 851 3473 quamquam
875 3392 912 3453 de
935 3389 1110 3472 elocultione
1125 3392 1257 3452 dicamus
1274 3399 1303 3452 et
1324 3411 1426 3470 possc-

96 3522 121 3561 ω
136 3515 200 3556 rnus
222 3497 335 3564 diccrc;
367 3503 464 3555 tamen
493 3493 646 3555 debemus*
664 3498 755 3555 vitare
777 3502 901 3575 propter
924 3494 1115 3564 calumniam,
1144 3496 1276 3574 quamvis
1298 3513 1352 3554 nos
1374 3493 1425 3554 de·

135 3598 291 3658 lerrdimns.
323 3599 410 3657 etiam
427 3598 531 3657 Cicero
553 3598 653 3657 vitarit
674 3598 705 3657 in
727 3604 809 3658 sexta
830 3599 1035 3668 verrinarum,
1059 3598 1157 3657 ‘cum
1180 3597 1260 3657 dico
1277 3597 1426 3657 Verrem

204 3803 216 3851 1
239 3804 263 3850 in
279 3803 373 3852 irmina
391 3787 507 3852 dicnnn'rs
526 3816 590 3850 anus
607 3802 632 3851 li
651 3803 676 3850 in
691 3802 785 3851 lomina
803 3817 868 3852 anus
885 3801 956 3851 Ac.-
975 3803 1010 3864 cs.
1029 3802 1131 3853 Credon.
1150 3816 1176 3864 p.
1197 3800 1272 3855 1894.
1289 3801 1356 3853 1895

136 3870 152 3922 3
170 3873 204 3919 ait
222 3887 251 3920 ea
270 3876 294 3921 in
313 3876 388 3923 litora
408 3874 440 3922 A.
462 3874 578 3932 sortasse
595 3873 695 3932 plenior
709 3873 793 3922 Seruii
812 3875 851 3922 cel
864 3873 959 3921 Donati
976 3873 1085 3935 definitio
1104 3872 1206 3922 excidit.
1227 3880 1254 3921 ut
1270 3873 1427 3924 contendum

134 3943 180 4002 rit,
198 3944 232 3990 ait
251 3944 293 3994 ita.
312 3958 362 3991 non
382 3944 466 3991 oninia
485 3942 610 4005 recipiunt
629 3943 843 4005 conparationem.
863 3943 909 3991 sed
927 3958 957 3990 en
976 3950 1116 4004 quaesunt
1136 3943 1265 4003 qualitatis
1284 3953 1309 3991 et
1327 3944 1427 4006 quonti-

136 4015 204 4061 tatis.
224 4028 253 4061 ea
266 4023 349 4061 autern
363 4029 427 4074 quae
443 4020 502 4061 snnt
520 4011 648 4075 qualitatis
669 4021 692 4060 et
711 4012 867 4074 quantitatis,
885 4022 912 4060 ut
925 4012 1038 4062 diximus
1051 4021 1098 4062 etc.
1150 4012 1166 4060 ll
1184 4013 1362 4078 pauperrimus
1376 4014 1400 4062 A
1407 4012 1428 4061 C

134 4083 350 4147 pauperrissimns
368 4083 391 4130 B
409 4084 585 4147 pauperrimus
602 4082 641 4130 uel
656 4082 869 4146 pauperrissimns
886 4079 920 4130 a*
975 4083 1047 4131 dines
1066 4081 1168 4130 diuitior
1185 4083 1356 4132 diuitissimos
1369 4081 1427 4130 AB

188 4151 219 4201 10
233 4152 293 4212 quia
311 4153 375 4201 dixit
388 4153 492 4201 divitior
504 4152 602 4212 referri
610 4160 691 4212 potest
705 4151 741 4199 ad
751 4167 782 4200 eo
795 4166 861 4217 quae
876 4158 934 4200 aurit
944 4154 1015 4214 apriti
1026 4152 1098 4217 Sevp.
1114 4168 1142 4215 p.
1158 4151 1219 4214 tur,
1234 4153 1246 4201 l
1261 4152 1333 4201 dives
1351 4153 1427 4200 ditior

135 4222 175 4270 vel
193 4221 305 4276 divitior,
324 4224 374 4271 nisi
390 4224 472 4283 potius
485 4224 660 4284 prnmmoticnc
677 4223 779 4282 scripsit
792 4221 859 4285 quod
874 4222 926 4269 dixi
944 4222 1045 4271 divitior
1099 4221 1129 4272 ll
1146 4236 1194 4270 non
1211 4232 1283 4285 putes
1296 4221 1380 4270 ABG

136 4291 236 4352 quando
255 4291 363 4340 dicimus
380 4293 453 4341 dines
465 4289 555 4340 Bra*
574 4291 674 4354 qnando
694 4291 767 4340 diues
780 4291 804 4340 A
816 4287 871 4354 (?):
887 4292 1003 4353 sortasse
1018 4293 1120 4354 quando
1138 4291 1246 4340 dicimus
1265 4292 1345 4348 divos,
1365 4289 1427 4338 lacit

136 4363 206 4410 dives
225 4361 328 4410 divitior
399 4364 430 4412 12
446 4362 467 4431 si
486 4361 533 4409 erit
551 4362 575 4409 A
594 4376 643 4409 non
662 4361 709 4409 erit
726 4361 779 4411 BC
838 4363 863 4409 in
878 4359 1006 4426 Terentio]
1025 4360 1132 4423 Acetpn.
1155 4362 1175 4409 V
1195 4362 1219 4422 1,
1233 4361 1250 4410 8
1264 4362 1305 4411 dis
1323 4360 1425 4422 quidem

136 4445 213 4489 esses,
234 4431 335 4491 Demea,
354 4441 466 4480 aetnam
486 4446 538 4477 rem
554 4430 746 4480 constabilisses
818 4430 849 4480 13
870 4430 910 4479 dis
930 4431 971 4494 pol
992 4445 1063 4481 esses
1080 4435 1163 4494 (corr.
1178 4433 1229 4480 esis
1249 4431 1382 4493 ildonea
1401 4429 1426 4477 B

137 4501 175 4548 dis
192 4501 297 4566 pollesis
315 4502 405 4550 demeti
423 4502 444 4551 C
457 4502 497 4551 dis
517 4499 558 4563 pol
570 4515 640 4549 esses
659 4501 822 4550 demeacnam
841 4515 962 4563 quaerere
980 4501 1004 4548 A
1058 4502 1091 4551 15
1108 4515 1157 4550 non
1172 4510 1230 4551 snnt
1243 4499 1369 4564 qualitatis
1383 4507 1426 4547 aut

137 4571 319 4633 quantitatisC
372 4572 404 4621 16
420 4569 625 4619 affranianaAC
678 4570 711 4621 ltt
728 4571 857 4633 qualitatis
875 4578 918 4618 aut
937 4571 1121 4632 quantitatisC
1174 4570 1208 4619 20
1227 4571 1252 4618 in
1268 4569 1426 4618 dubitatione

136 4640 192 4688 AB
260 4638 294 4690 23
313 4637 620 4690 airioralrissimnsBG
687 4641 720 4688 25
739 4640 842 4705 respicit
859 4640 1008 4689 anm
1067 4639 1101 4689 29
1119 4640 1234 4689 dicarnns
1252 4648 1277 4687 et
1291 4652 1424 4703 possemus

136 4709 211 4759 nea
230 4724 280 4758 non
298 4711 411 4759 dicamus
432 4723 456 4759 ot
476 4723 613 4773 possumus
627 4710 651 4758 A
705 4709 739 4760 30
757 4709 918 4760 defendimus
932 4710 986 4758 AB
1003 4710 1170 4759 defendamus
1189 4709 1230 4758 Cd
1282 4708 1314 4757 :st
1335 4707 1426 4756 uitauit

137 4780 309 4843 Heusinqmua
328 4783 353 4829 in
377 4780 452 4832 Mati.
475 4779 567 4830 meon.
585 4793 612 4839 p.
629 4779 663 4828 ns
686 4780 781 4829 uetauit
799 4780 881 4829 ABG
951 4779 982 4830 31
1003 4783 1160 4830 uarrinarum
1180 4780 1214 4830 0.-
1230 4780 1254 4827 in
1277 4779 1355 4827 Vm.
1373 4785 1423 4830 art.

135 4863 185 4899 sec.
203 4849 248 4900 llll
269 4850 294 4909 l,
313 4851 329 4899 2
399 4865 497 4900 uerrern
515 4849 536 4900 C
553 4864 642 4898 ucrren
660 4850 684 4898 A
701 4861 801 4899 uerrent
819 4849 845 4899 B
