3346 5498
135 951 195 1008 aaa,
209 950 224 997 c

119 1020 177 1077 aaa,
192 1019 223 1065 ar

137 1087 194 1147 nee,
211 1090 221 1134 1

240 342 300 405 106
797 341 957 403 ῬΟΜΡΕΙΙ
1007 334 1014 347 ’

264 451 412 506 poa-251„

389 549 483 592 arnaa
508 531 622 591 virum
647 526 869 606 tabulaeque
893 537 927 589 et
949 528 1058 589 Troia
1081 546 1165 606 gaza
1188 546 1254 608 per
1276 528 1405 588 undas.

238 634 297 693 Tro
319 630 492 694 naturaliter
516 631 613 692 brevis
635 623 693 700 est,
717 631 767 692 sed
792 651 846 710 pro
868 632 955 707 longa
976 633 1107 711 ponitur.
1153 631 1262 706 quare?
1286 631 1426 709 qnoniam
1448 630 1528 690 inter

238 754 255 794 o
278 744 307 795 et
330 754 344 795 a
368 735 516 795 invenitur
539 735 549 793 i
571 732 667 811 littera
692 742 721 794 ot
743 734 811 794 lacit
832 735 1016 812 superiorem
1039 731 1167 809 longam.

322 837 454 896 Diximus
480 843 542 895 tres
570 837 692 895 virtutes
720 853 891 896 coramunes
920 852 986 895 esse
1013 836 1023 893 i
1052 842 1081 893 et
1109 853 1127 894 u
1154 834 1285 902 litterae,
1315 833 1386 894 duas
1413 833 1527 896 aliaeu

237 937 351 998 litterae
380 957 459 1007 esse,
495 956 583 998 unarn
611 937 696 998 aliarn
724 928 885 997 i'litterae.
930 935 1003 996 illud
1032 937 1167 1014 sequitur
1200 940 1320 997 ‘ornnes
1348 935 1464 997 vocales
1499 942 1553 996 ets

236 1039 359 1119 produci
389 1049 417 1100 et
444 1041 555 1118 corripi
582 1042 740 1119 possunt’,-
764 1037 792 1098 id
823 1046 867 1098 est
893 1056 996 1098 omnes
1025 1037 1140 1099 vocales
1168 1037 1328 1098 dichronae
1357 1044 1427 1097 snnt
1449 1036 1528 1116 apud

237 1141 364 1202 Latinos.
410 1141 515 1202 Graeci
543 1151 655 1220 septem
672 1139 803 1230 hahent,
833 1139 885 1200 sed
908 1138 944 1199 de
967 1139 1029 1200 istis
1051 1148 1164 1219 septem
1188 1139 1260 1200 duas
1281 1158 1400 1219 semper
1422 1137 1529 1199 breves

238 1263 253 1304 ε
276 1252 364 1312 eto,
389 1243 461 1303 duas
484 1243 622 1322 longasp
645 1252 675 1302 et
696 1262 736 1316 ω,
761 1238 920 1302 dichronas
941 1249 1002 1301 tres
1025 1261 1046 1300 α
1074 1263 1086 1302 ι
1113 1262 1150 1309 υ,
1174 1241 1202 1301 id
1227 1248 1272 1302 est
1295 1240 1383 1301 modo
1413 1239 1527 1318 longas,

237 1344 324 1405 inodo
353 1352 515 1424 correptas.
560 1343 663 1424 quales
690 1351 760 1404 sunt
786 1343 854 1404 illae
881 1361 1006 1421 graecae
1041 1343 1217 1413 dichronae,
1253 1341 1325 1404 tales
1351 1351 1422 1404 sunt
1449 1343 1527 1423 apud

237 1465 289 1506 nos
312 1465 414 1506 ornnes
442 1445 570 1516 vocales,
600 1465 617 1506 a
640 1466 656 1507 e
678 1449 687 1505 i
710 1465 727 1505 o
751 1465 783 1514 n,
814 1451 843 1505 ut
864 1444 990 1524 produci
1011 1453 1136 1524 possunt
1158 1453 1188 1504 et
1206 1446 1328 1524 corripi.
1356 1432 1428 1505 ¹sed
1447 1444 1565 1522 quadro

238 1548 303 1608 dico
328 1548 469 1628 ‘produci
492 1556 616 1627 possunt
638 1556 667 1608 et
689 1549 825 1626 corripi’,
849 1565 909 1607 non
932 1546 1043 1624 ubique
1066 1555 1096 1607 et
1116 1547 1242 1628 produci
1264 1553 1388 1626 possunt
1410 1554 1439 1606 et
1460 1565 1527 1637 cor-

235 1651 307 1729 ripi,
332 1649 383 1710 sed
407 1652 497 1710 certis
519 1649 599 1710 locis.
647 1669 713 1710 narn
737 1667 806 1709 ecce
828 1650 942 1710 invenis
966 1647 1103 1718 verbum,
1128 1649 1179 1709 uhi
1201 1647 1287 1727 longa
1309 1651 1361 1718 sit;
1392 1649 1527 1710 invenies

236 1750 314 1811 aliud
343 1751 480 1822 verbum,
500 1751 559 1812 nbi
589 1751 686 1811 hreris
714 1755 762 1811 sit.
807 1770 865 1812 non
894 1753 925 1810 in
952 1769 1012 1810 uno
1040 1750 1131 1810 verbo
1155 1759 1184 1812 et
1204 1750 1329 1831 produci
1351 1740 1477 1830 possunt
1498 1758 1528 1809 et

235 1855 359 1932 corripi,
391 1853 442 1914 sed
472 1856 560 1914 certis
587 1853 667 1913 loris.
715 1862 746 1912 ut
775 1871 844 1913 ecce
873 1852 946 1912 mala
976 1851 1054 1912 aliud
1083 1860 1141 1922 est,
1170 1853 1288 1931 quando
1311 1852 1385 1912 mala
1408 1869 1495 1929 poma
1520 1851 1523 1931 l

235 1955 317 2023 dico,
347 1953 441 2025 aliud,
472 1955 589 2032 quando
617 1954 684 2014 dico
713 1955 789 2015 mala
817 1955 965 2014 miseriam
994 1974 1011 2009 ιι
1037 1953 1134 2013 brevis
1157 1961 1209 2014 est.
1256 1954 1564 2032 eccevides,qu015

236 2055 324 2116 rnodo
346 2075 401 2136 pro
425 2056 564 2133 qualitate
591 2057 813 2134 significationis
841 2064 890 2116 ant
912 2055 1116 2134 producuntur
1139 2063 1188 2116 aut
1210 2057 1421 2136 corripiuntur.
1467 2074 1526 2116 non

236 2176 307 2236 argo
337 2156 426 2218 debet
453 2177 469 2218 a
500 2158 597 2220 littera
624 2161 654 2218 in
684 2158 820 2218 omnihus
842 2157 940 2217 verbis
961 2156 1084 2236 produci
1108 2164 1137 2216 et
1159 2158 1284 2236 corripi,
1308 2175 1383 2227 noo;
1406 2157 1458 2218 sed
1481 2159 1526 2218 in-

236 2261 390 2320 veniuntur
423 2259 519 2336 aliqua
551 2260 724 2320 naturaiiter
757 2259 918 2339 producta,
955 2259 1051 2336 aliqua
1080 2277 1156 2337 quae
1184 2257 1357 2320 naturaliter
1391 2267 1525 2338 correpta

234 2363 305 2428 sint,
335 2371 367 2422 ut
395 2379 477 2421 anaor
505 2369 534 2421 et
563 2380 640 2422 acer.
686 2381 701 2421 e
729 2360 880 2429 similiter,
909 2363 934 2420 si
957 2360 1037 2420 dicas
1060 2361 1161 2428 evitat,
1192 2359 1277 2437 longa
1302 2367 1360 2430 est;
1385 2378 1478 2438 equus
1501 2363 1525 2421 si

235 2462 329 2532 dicas,
351 2462 448 2523 hrevis
471 2470 523 2524 est.
567 2464 590 2532 i,
620 2465 681 2523 itur
700 2465 724 2523 si
748 2463 844 2532 dicas,
869 2461 1036 2540 longeest,
1065 2463 1163 2521 ‘itur
1184 2463 1220 2521 in
1244 2465 1435 2540 antiquam
1457 2462 1563 2523 sil-ao

235 2568 343 2632 vanr';
368 2563 410 2623 ihi
431 2567 456 2624 si
478 2565 572 2634 dicas,
599 2563 695 2624 hrevis
719 2573 771 2624 est.
817 2583 849 2633 u,
873 2565 898 2623 si
922 2563 1003 2623 dicas
1027 2582 1117 2632 unus,
1142 2565 1198 2622 erit
1219 2563 1322 2640 longa,

379 2647 477 2727 ’unus
500 2669 573 2727 erit
597 2665 715 2726 naedio
738 2668 773 2726 in
798 2665 931 2735 lluctu,
955 2683 1059 2742 quern
1084 2664 1240 2725 vidimus
1263 2667 1352 2744 ipsi;

234 2770 258 2827 si
281 2769 361 2828 dicas
384 2769 450 2838 ubi,
481 2768 578 2829 brevis
601 2776 653 2828 est.
698 2767 834 2827 similiter
858 2777 886 2826 ot
908 2785 938 2837 o,
962 2771 990 2828 si
1016 2768 1101 2827 dicos
1123 2775 1221 2828 orator
1245 2776 1275 2828 et
1296 2769 1320 2828 si
1344 2767 1425 2827 dicas
1448 2767 1524 2837 obit;

234 2868 284 2929 illa
310 2868 398 2947 longa
426 2878 483 2940 est,
513 2868 561 2930 illa
591 2869 689 2929 brevis
717 2878 769 2930 est.
815 2888 885 2947 ergo
914 2888 1016 2930 omnes
1044 2872 1117 2929 istae
1145 2868 1260 2929 litterae
1283 2871 1473 2930 inveniuntur
1497 2879 1526 2930 et

234 2980 389 3050 correptae
418 2981 447 3032 et
473 2972 645 3053 productae.
691 2971 807 3048 quando
835 2981 934 3031 auteur
962 2977 1011 3030 ant
1039 2980 1192 3050 correptae
1222 2989 1286 3031 esse
1318 2980 1442 3051 possunt
1475 2982 1561 3033 antas

235 3073 410 3153 productae,
441 3093 526 3135 aures
554 3081 666 3133 tanturn
696 3073 783 3134 modo
810 3072 956 3142 iudicant,
987 3091 1041 3133 nec
1065 3072 1120 3134 alia
1143 3092 1200 3133 res.
1242 3073 1329 3152 plane
1353 3081 1397 3133 est
1418 3090 1467 3134 ars
1490 3073 1526 3134 de

235 3174 345 3236 ultimis
368 3174 500 3256 syllabis:
525 3176 627 3254 quales
649 3177 708 3234 sint
732 3174 850 3235 ultirnae
873 3174 1017 3253 syllabae,
1042 3182 1141 3235 utrum
1164 3174 1269 3252 longae
1284 3176 1343 3235 sint
1357 3194 1394 3236 an
1410 3174 1525 3246 breves,

234 3286 364 3356 praestat
386 3296 441 3339 ars.
473 3277 672 3358 paenultinrae
689 3279 774 3336 etiam
792 3276 894 3354 quales
917 3279 989 3345 sint,
1014 3276 1082 3337 licet
1105 3296 1163 3336 non
1186 3279 1224 3336 sit
1244 3279 1401 3357 scriptum,
1426 3286 1524 3338 tamen

235 3388 330 3458 potest
353 3381 488 3439 tractari:
514 3381 602 3440 etiana
625 3379 661 3439 de
684 3379 872 3457 paenultiuris
895 3386 993 3459 polest
1009 3398 1072 3438 esse
1088 3397 1145 3448 ars,
1170 3378 1288 3456 quando
1310 3378 1524 3458 producantur,

235 3480 351 3556 qnando
380 3483 586 3559 corripiantur.
632 3481 668 3540 de
697 3483 800 3558 primis
829 3501 898 3541 vero
922 3479 1001 3541 nulla
1024 3489 1068 3540 est
1090 3499 1145 3541 ars.
1189 3479 1300 3540 idcirco
1323 3479 1466 3540 debemus
1488 3480 1561 3541 aaa

235 3581 368 3661 exempla
397 3582 575 3659 coningere,
605 3584 743 3659 quotiens
770 3602 824 3643 nos
851 3585 1016 3659 interrogat
1041 3580 1156 3659 aliquis.
1200 3589 1268 3661 puta
1296 3584 1320 3642 si
1349 3581 1430 3666 dicas
1451 3580 1524 3642 mihi

236 3701 325 3750 nune,
350 3701 368 3741 u
391 3683 487 3760 qualis
511 3684 571 3743 est?
594 3682 660 3743 dico
683 3683 751 3751 tihi,
777 3681 780 3763 1
805 3687 905 3744 nescio
929 3692 1027 3743 utrurn
1052 3682 1149 3743 brevis
1170 3685 1208 3742 sit
1230 3701 1266 3744 an
1289 3683 1443 3763 producta,
1467 3686 1523 3745 nisi

235 3802 281 3843 me
304 3784 340 3843 ad
364 3784 529 3864 exernplunr
553 3784 721 3852 contulero,

386 3905 480 3946 unus
504 3887 576 3945 erit
599 3885 776 3962 mediolin
800 3886 934 3957 fluctu,
959 3906 1063 3966 quenr
1085 3887 1242 3948 vidinrus
1265 3889 1348 3967 ipsi.

306 4070 414 4138 larma]
443 4064 521 4136 Verp.
543 4072 607 4121 Aen,
627 4076 635 4122 l
655 4073 703 4125 lto
774 4077 848 4124 2tro
868 4074 1419 4127 uatrrraliterCotroianotnraliterABL
1492 4075 1524 4128 10

235 4142 280 4189 sed
301 4142 367 4204 quod
385 4144 441 4191 dico
457 4140 490 4190 a*
509 4143 553 4191 sed
569 4143 625 4191 dico
646 4144 668 4190 A
689 4143 756 4205 quod
772 4145 828 4192 dico
848 4145 899 4193 ΒΟ
952 4147 983 4194 lo
1002 4144 1071 4193 alind
1089 4145 1189 4208 quando
1205 4146 1318 4209 (quando
1337 4146 1397 4196 add.
1417 4144 1448 4209 α)
1465 4146 1523 4195 diro

236 4211 302 4260 mala
317 4213 419 4259 miseria
437 4213 521 4262 breuis
541 4223 578 4260 est
596 4212 654 4262 AB
671 4213 720 4260 ulia
741 4213 841 4274 qnando
862 4214 928 4262 mala
945 4217 1047 4263 miseria
1066 4215 1150 4264 breuis
1170 4223 1207 4263 est
1227 4215 1248 4266 C
1265 4216 1315 4263 alin
1334 4217 1399 4265 mala
1420 4217 1523 4265 miseria

236 4282 321 4330 breuis
341 4293 377 4330 est
389 4282 419 4330 L.
435 4284 562 4332 excidisse
580 4285 695 4332 uidentur
709 4299 774 4347 qnae
790 4284 822 4331 de
837 4285 937 4333 diuerso
951 4282 1092 4349 inutraque
1105 4285 1223 4334 uocabulo
1237 4287 1375 4348 poenalitate
1390 4302 1405 4334 a
1422 4287 1524 4335 litterae

234 4352 303 4401 dicto
316 4361 390 4401 cruat
437 4353 468 4402 17
482 4353 676 4402 inueniunrurC
689 4353 815 4402 invenitur
828 4369 896 4402 corr.
908 4354 1068 4403 inueniuntur
1078 4354 1102 4403 B
1113 4356 1240 4404 inuenitur
1253 4357 1276 4404 A
1326 4355 1358 4406 18
1371 4357 1455 4417 aliqua

236 4423 380 4470 naturaliter
400 4422 424 4470 A
495 4422 528 4471 19
542 4423 591 4472 sint
610 4424 630 4473 0
647 4425 679 4473 sit
697 4438 765 4476 corr.
786 4426 835 4473 sint
850 4423 875 4473 B
894 4427 927 4472 sir
942 4426 965 4472 A
1034 4425 1068 4473 20
1086 4423 1145 4490 itur]
1167 4427 1245 4490 νειμ,
1265 4425 1332 4477 Aera.
1350 4426 1384 4474 Vl
1403 4425 1452 4475 179

235 4493 268 4540 22
287 4500 362 4558 nnus]
387 4493 465 4555 Verp.
486 4493 552 4540 Aen.
570 4493 656 4545 1584:
673 4494 707 4556 cf.
728 4494 793 4542 Aen.
814 4495 837 4542 V
856 4494 906 4544 814
960 4495 1006 4542 erit
1025 4495 1048 4543 in
1064 4496 1149 4544 medio
1168 4496 1244 4543 llucrn
1265 4496 1314 4545 GL
1329 4497 1376 4545 erit
1393 4497 1417 4544 in
1438 4496 1522 4544 medio

234 4564 272 4625 tin
286 4563 347 4612 odd.
360 4569 388 4616 ot
405 4563 482 4626 llncrr'a
498 4577 566 4612 corr.
584 4574 623 4611 -tu
637 4564 661 4611 A
678 4575 731 4612 erat
748 4564 831 4614 medio
844 4565 869 4614 in
886 4565 962 4612 lluctu
975 4563 1001 4612 B
1053 4564 1086 4615 23
1106 4565 1222 4613 similiter
1233 4575 1257 4613 et
1275 4575 1359 4614 orator
1372 4565 1456 4617 ABG

235 4633 269 4682 ‘td
286 4634 334 4682 alia
354 4648 395 4682 res
410 4632 435 4681 A
452 4632 517 4680 aliae
535 4648 575 4680 res
595 4634 662 4683 oca
732 4634 766 4684 29
784 4635 885 4697 quando
900 4635 1068 4698 producantur
1086 4635 1186 4697 qnando
1206 4636 1374 4702 corripiantur
1389 4636 1404 4684 d
1420 4636 1522 4698 quondo

235 4702 755 4769 producaturquandocorripiarnrABC
800 4705 829 4756 31
846 4704 1217 4770 coningerehfugereABC
1264 4707 1393 4757 3¹2urrnm
1407 4705 1523 4755 Odanda

236 4772 292 4822 AB
360 4772 393 4824 31
409 4773 454 4821 erit
472 4774 556 4821 medio
576 4775 600 4821 in
620 4774 697 4823 11ιιιιῖι
716 4788 783 4822 corr.
804 4787 842 4823 -ru
858 4776 882 4823 A
902 4776 948 4824 erit
965 4776 989 4822 io
1010 4775 1092 4823 naedio
1106 4774 1182 4823 ductu
1202 4775 1252 4824 LC
1269 4776 1315 4824 erit
1331 4776 1409 4825 lluctu
1426 4776 1452 4825 in
1469 4789 1522 4825 me·

237 4842 278 4889 dio
296 4854 377 4892 cerat
392 4844 475 4892 medio
491 4844 516 4891 in
534 4843 652 4892 lluctuB
723 4846 839 4893 uidemus
855 4846 879 4893 A
949 4847 996 4911 ipsi
1017 4845 1086 4894 BCo
1106 4847 1162 4909 ipse
1186 4846 1241 4893 AL
