3346 5498
126 356 191 423 454
679 358 863 422 EVTYCHIS

153 480 174 521 p.
189 441 232 509 iao.
245 469 269 507 or
285 466 307 506 ι..
1216 478 1237 519 p.
1251 464 1360 507 orso-te
1375 463 1398 506 n.

127 566 162 607 ax
185 565 301 626 quoque
326 546 370 606 rel
392 566 442 613 ex,
465 555 498 607 ut
520 565 590 607 roro
613 566 717 615 vorax,
747 547 841 608 audeo
864 547 974 616 audax,
997 558 1096 607 tumeo
1118 555 1232 616 tumnx,
1258 554 1426 607 contumeo

129 644 141 727 ll
166 656 336 717 contumax,
358 655 444 707 teneo
466 656 566 718 tenax,
590 649 657 708 dico
679 649 777 718 dicax,
801 652 886 728 capio
902 668 1009 728 capax,
1035 650 1119 727 rapio
1133 667 1239 727 rapax,
1263 650 1426 728 perspicio

126 751 296 829 perspicax,
320 750 418 809 cilicio
440 751 557 819 cllieax,
582 751 651 811 lallo
673 751 776 819 fallax,
800 769 866 811 emo
888 770 987 819 enrax,
1011 752 1077 810 rivo
1099 753 1196 815 vivax.
1220 752 1305 828 sagio
1331 748 1425 828 (trude

126 851 297 930 praesagio)
327 869 431 928 sagax,
461 851 535 912 salio
563 852 643 912 salax
673 851 767 927 (unde
796 852 1038 931 ‘caudamque
1065 853 1244 912 salacem'
1274 851 1425 913 Horatius

126 970 295 1012 sermonum
324 952 401 1013 libro
424 952 467 1034 1),
498 956 625 1014 mentior
648 953 786 1022 mendax,
816 953 894 1014 lateo
917 954 1006 1023 latex,
1037 962 1119 1014 rcrto
1142 961 1254 1014 vertex.
1301 956 1334 1014 in
1358 962 1450 1015 ter-⁶

126 1053 338 1115 minationibus
348 1064 458 1161 eutem
482 1054 697 1134 incipientibus
712 1075 727 1116 a
743 1063 922 1115 consonante
938 1073 1103 1115 consonans
1125 1055 1307 1117 antecedens
1323 1058 1423 1135 ipsam

127 1158 302 1234 positionem
332 1155 413 1216 verbi
443 1158 592 1216 invenitur·
618 1156 801 1235 praecedens
824 1159 952 1217 norninis
973 1157 1151 1227 clausulam,
1175 1159 1206 1217 in
1230 1159 1329 1236 periura
1351 1160 1423 1239 qui-

126 1258 193 1318 dem
215 1260 423 1335 coniugatione
445 1277 462 1318 a
483 1266 640 1337 sequente,
666 1260 696 1318 in
719 1258 845 1337 reliquis
859 1267 957 1320 autem
980 1260 1005 1328 i,
1030 1261 1060 1318 in
1084 1258 1186 1318 bulum
1208 1259 1256 1319 vel
1279 1261 1311 1319 in
1336 1258 1421 1329 bilis,

128 1370 158 1421 ut
180 1370 225 1421 sto
248 1369 308 1422 stas
331 1359 494 1428 stabulum,
523 1378 594 1419 roeo
618 1378 702 1420 vocas
725 1359 915 1429 vocabulum,
945 1368 1032 1438 pateo
1054 1368 1139 1439 pates
1162 1359 1346 1440 patilmlum,
1372 1363 1421 1422 in·

127 1463 217 1523 l'nndu
240 1463 372 1523 inl'undis
395 1460 629 1530 iulundilmlum,
654 1462 725 1521 item
747 1470 793 1521 sto
808 1469 868 1521 stas
884 1459 1016 1531 stabilis;
1041 1463 1111 1521 item
1135 1463 1164 1521 in
1189 1460 1323 1531 burrdus,
1348 1480 1458 1523 erroro

126 1583 210 1625 erras
238 1563 438 1632 errabundus,
469 1563 539 1623 ludo
566 1563 643 1623 ludis
670 1562 866 1633 ludibundus,
901 1565 1013 1623 morior
1047 1566 1174 1623 moreris
1207 1563 1421 1631 moribundus.

126 1667 193 1725 iuro
215 1666 291 1727 larris
313 1664 501 1726 furibundus.

211 1768 286 1828 Sunt
319 1775 349 1827 et
380 1767 455 1827 aliae
489 1766 634 1828 clausulae
668 1769 820 1826 nominum
855 1786 871 1827 a
905 1770 1053 1845 praesenti
1088 1766 1246 1828 rerlmrnm
1282 1776 1419 1849 tempore.

127 1871 279 1930 vernentes
301 1888 358 1929 non
381 1877 441 1929 tam
463 1868 617 1946 generales
640 1887 694 1928 nec
717 1870 760 1928 sic
783 1870 813 1927 in
837 1867 938 1928 multis
960 1871 1096 1929 inventae
1120 1869 1306 1939 omninibus,
1331 1879 1366 1931 ut
1389 1875 1420 1932 iu

126 1991 141 2031 a
164 1971 208 2030 rel
233 1972 263 2031 in
286 1972 331 2031 ela
355 1971 453 2056 relin
477 1988 548 2030 erna
573 1970 617 2030 vel
640 1971 671 2029 in
695 1971 743 2029 ina
767 1970 812 2029 rel
836 1971 866 2030 in
890 1970 928 2029 ile
953 1971 996 2031 rel
1020 1974 1050 2031 in
1074 1990 1091 2028 o
1113 1971 1158 2030 rel
1181 1973 1212 2030 in
1236 1971 1292 2031 edo
1315 1972 1364 2035 rel
1388 1976 1419 2033 in
1435 1988 1456 2025 15·

127 2073 175 2132 ido
204 2073 248 2131 rel
276 2074 307 2131 in
337 2074 365 2132 io
395 2071 439 2132 rel
469 2074 500 2131 iu
529 2090 563 2131 us
592 2071 637 2130 rel
660 2072 689 2130 in
714 2090 763 2130 um
787 2071 829 2131 rel
854 2073 884 2131 in
913 2090 979 2132 rum
1003 2071 1209 2133 desinentibus
1232 2083 1420 2136 consonante

126 2176 282 2253 positionis
305 2174 507 2242 antecedente,
531 2181 563 2232 ut
586 2171 687 2233 serilm
709 2173 822 2243 scriba,
847 2173 927 2234 nubo
949 2174 1099 2252 pronuba,
1132 2176 1213 2251 logio
1236 2177 1322 2253 luga,
1349 2194 1419 2256 pcr-

126 2278 207 2352 l'ngio
230 2278 367 2354 perfuga,
391 2276 515 2336 adrenio
538 2276 663 2344 advena,
687 2277 830 2335 ‹rorrrenio
852 2293 996 2345 convena,
1025 2276 1103 2335 lenio
1126 2274 1207 2345 lena,
1231 2296 1345 2358 sequor
1368 2279 1419 2339 ad·

126 2378 239 2446 secula,
263 2379 327 2438 colo
349 2377 502 2443 caelicola,
526 2380 615 2454 gigno
636 2377 680 2437 rel
704 2379 824 2456 antique
840 2396 915 2453 gono
931 2379 1096 2454 terrigena,
1123 2379 1187 2437 viro
1210 2382 1352 2451 conriva;
1375 2383 1420 2441 sic

126 2480 241 2539 insideo
264 2480 390 2540 insidiae
413 2479 569 2559 pluraliter
593 2486 715 2539 tontum.
760 2473 832 2538 item
856 2480 967 2539 candeo
990 2479 1127 2545 carrdola,
1150 2480 1456 2545 salomoniacum

125 2581 208 2640 luceo
238 2581 358 2641 lucerna
387 2581 430 2641 rel
460 2583 549 2640 eliam
578 2580 689 2645 lucina.
720 2581 797 2640 lateo
825 2579 953 2649 laterna,
985 2600 1039 2640 ruo
1062 2584 1161 2650 rrrina,
1191 2584 1276 2661 rapio
1298 2586 1417 2663 rapina.

125 2682 201 2742 cubo
228 2681 409 2753 concubina3
438 2685 509 2743 item
537 2682 613 2741 cubo
641 2680 756 2751 errlrile,
786 2682 875 2741 sedeo
904 2682 1006 2742 sedile.
1052 2686 1121 2742 itenr
1146 2686 1175 2743 iu
1198 2704 1215 2742 o
1238 2685 1416 2751 masculina.

126 2794 156 2843 ut.
179 2784 283 2863 epulor·
310 2785 411 2864 epulo,
441 2784 517 2845 lateo
544 2784 635 2851 latro,
665 2786 743 2844 lenio
771 2784 854 2855 lorro;
883 2785 1005 2844 comedo
1034 2785 1120 2864 palpo
1142 2784 1269 2845 verlrero
1292 2787 1416 2853 incubo,

126 2887 195 2945 licet
218 2889 247 2946 iu
271 2887 375 2947 eadem
398 2905 467 2946 roeo
491 2894 549 2946 tam
575 2886 663 2946 rerba
686 2894 756 2945 samt
789 2904 876 2965 quam
899 2889 1029 2947 mmrina.
1067 2889 1217 2948 ·leminina
1240 2906 1361 2968 quoque
1385 2892 1416 2950 in

124 2989 179 3048 edo
209 2989 253 3048 vel
283 2990 313 3048 in
342 2988 406 3056 ido,
436 2995 467 3047 ut
496 2998 598 3066 torpeo
622 2989 760 3066 torpedo,
791 2992 878 3067 cupno
900 2989 1022 3067 cupido,
1045 2988 1118 3049 libet
1141 2989 1250 3050 libido:
1284 2992 1450 3052 lorinidou

125 3093 195 3150 item
224 3098 254 3150 et
279 3089 375 3166 caligo
404 3109 548 3168 propago.
578 3091 717 3150 similiter
746 3097 778 3149 ut
800 3091 935 3156 comedo,
966 3093 996 3151 in
1020 3091 1122 3151 eadem
1146 3110 1216 3151 roco
1240 3100 1300 3153 tarn
1324 3093 1415 3154 rerba

123 3210 211 3270 quam
239 3194 357 3252 nomina
387 3199 465 3251 sunt.
513 3195 582 3252 itenr
612 3195 641 3251 iu
671 3195 699 3251 io
727 3210 857 3271 quoqne,
889 3201 921 3252 nt
988 3195 1093 3271 opinor
1121 3196 1236 3273 opnoio.
1267 3198 1414 3274 suspicor.

123 3297 266 3374 suspicio.
306 3296 336 3354 in
360 3312 395 3353 us
418 3312 534 3373 quoque
558 3296 632 3355 lirrnt
655 3294 848 3354 antecedente
871 3303 1051 3354 consonante
1074 3298 1243 3374 positionis,
1268 3304 1303 3357 nt
1326 3316 1416 3376 paren

126 3415 245 3474 parcan,
275 3414 346 3456 coco
368 3414 471 3465 rocos,
501 3396 569 3456 ludo
592 3396 692 3464 ludus,
717 3395 774 3455 fido
798 3398 801 3473 l
826 3396 914 3466 sulam,
938 3397 1036 3474 prarxdo
1058 3397 1187 3477 pandus,
1210 3396 1297 3457 luceo
1320 3399 1413 3467 lucus,

124 3517 211 3558 arceo
234 3517 333 3563 arens.
364 3505 461 3558 rnetno
490 3507 599 3563 metus,
629 3498 749 3574 gradior
772 3499 882 3574 gradus
907 3496 984 3577 [scio
1006 3500 1086 3557 scius
1110 3498 1277 3559 rrndtiscius
1301 3503 1447 3561 insciusu

125 3603 291 3679 praescius,
316 3601 375 3659 lluo
399 3601 510 3659 refluus
531 3598 756 3679 saprtenrllnus];
785 3602 828 3658 sic
852 3600 968 3660 invideo
991 3600 1121 3669 irnixlus,
1145 3600 1286 3679 profugio
1309 3606 1411 3681 prolu-

124 3720 193 3778 gus.
224 3721 239 3759 a
267 3704 344 3762 l'acio
373 3701 519 3761 luctificus
547 3704 695 3762 terrilicus
722 3701 866 3762 laetilicus
895 3701 1046 3762 bencllcus
1073 3702 1223 3763 malellcus
1250 3705 1409 3773 veneficus,

124 3821 139 3860 a
168 3803 235 3861 dico
264 3802 402 3861 lotidieus
430 3803 585 3862 veredicus
614 3803 788 3872 maledicus,
818 3824 833 3863 a
863 3805 927 3865 rolo
956 3807 999 3864 ris
1022 3803 1177 3864 lxenirolns
1199 3804 1367 3875 malivolus,
1396 3826 1411 3867 a

197 4074 309 4122 lmmox
329 4085 523 4122 cornumeoom.
543 4076 567 4125 B
635 4076 742 4138 ‘deaplu
759 4089 839 4139 capax
858 4077 901 4125 Bt
920 4077 1139 4138 eareoenraxl’f
1203 4078 1312 4142 leogio
1330 4094 1412 4145 sagax

125 4144 190 4190 trude
211 4145 343 4208 praesagio
360 4145 385 4191 I’
400 4145 474 4209 sagio
493 4161 573 4210 sagax
594 4145 659 4192 unde
679 4146 812 4209 praesagio
832 4155 1003 4211 praesagant
1072 4148 1251 4196 bserumnum
1271 4150 1296 4196 in
1318 4148 1386 4199 libro
1404 4150 1412 4198 1

126 4216 160 4263 l':
181 4214 245 4265 llor.
262 4221 311 4264 cert.
333 4216 381 4265 12.
401 4216 434 4263 4ῑ)
521 4217 537 4264 11
557 4222 615 4277 post
632 4215 757 4262 stalmlum
777 4216 834 4266 eod.
855 4233 919 4269 armo.
937 4224 1025 4278 posteo
1044 4217 1104 4264 nrld.
1125 4217 1183 4264 item
1200 4218 1300 4269 stribilie
1319 4219 1346 4269 B

128 4286 157 4334 lu
176 4284 233 4332 item
251 4294 291 4333 sto
309 4282 383 4331 abilis
402 4291 413 4331 t
431 4285 489 4333 item
510 4285 533 4332 io
554 4286 612 4334 bilis
632 4294 670 4332 sto
688 4300 716 4334 as
731 4285 831 4333 stabilis
845 4286 863 4348 s
877 4286 942 4334 lusto
963 4288 1044 4335 instas
1062 4285 1186 4335 instabilis
1204 4288 1236 4350 l',
1255 4304 1303 4340 one.
1318 4290 1346 4340 11

127 4356 154 4405 11
174 4355 197 4401 in
217 4368 231 4401 ιι
249 4353 287 4401 rael
308 4353 332 4400 in
355 4353 403 4402 ella
418 4355 457 4402 trel
476 4355 500 4402 iu
520 4354 566 4403 enai
586 4354 625 4404 uel
646 4357 670 4403 in
690 4371 749 4403 erno
770 4355 809 4404 nel
825 4356 849 4403 in
871 4358 912 4404 ina
930 4357 969 4405 uel
989 4357 1014 4404 in
1035 4356 1056 4405 le
1077 4355 1117 4403 uel
1137 4356 1160 4403 in
1181 4371 1195 4403 o
1216 4357 1257 4406 arel
1283 4361 1307 4407 in
1329 4360 1354 4408 io
1373 4358 1413 4407 nel

123 4427 146 4472 in
168 4423 429 4473 osdesinentlbnsB
484 4423 895 4490 lomos]inosoelion1sl’
946 4424 976 4474 17
997 4427 1112 4491 perlargio
1131 4425 1238 4490 peningo
1257 4427 1362 4495 refugio
1376 4446 1413 4479 re·

123 4495 227 4559 l'ogaB
300 4491 332 4543 18
355 4491 474 4542 adsecula
497 4494 520 4541 Ι)
538 4494 653 4543 assecula
673 4496 697 4544 B
715 4495 844 4544 odseelot
869 4494 966 4543 assecla
983 4498 1001 4556 f
1069 4496 1100 4546 le
1120 4496 1158 4543 nel
1179 4506 1205 4545 nt
1224 4499 1324 4563 antiqui
1343 4501 1414 4549 diee-

123 4566 181 4611 bant
200 4580 266 4629 geno
286 4573 308 4614 t:
328 4563 367 4613 rel
385 4578 431 4616 orn,
452 4563 477 4612 B
545 4565 579 4614 211
598 4566 695 4615 insideo
715 4568 794 4621 (corr.
811 4566 890 4625 dior)
914 4565 1021 4613 insidiae
1039 4564 1064 4613 B
1082 4566 1173 4614 lusidio
1191 4565 1276 4625 (corr,
1295 4571 1332 4623 al,
1348 4587 1412 4620 uon.

123 4633 194 4693 deo)
213 4634 321 4683 insidiae
343 4636 365 4682 l’
382 4633 489 4681 insidior
504 4634 611 4683 insidiae
626 4644 648 4683 t:
666 4636 701 4697 es.
715 4650 741 4697 p.
762 4634 831 4686 etim
919 4635 1022 4683 candeio
1043 4636 1123 4697 (corr,
1144 4635 1218 4697 olla)
1236 4639 1337 4689 sotadeo
1354 4654 1414 4689 sera-

122 4703 187 4764 della
207 4704 231 4752 11
300 4703 416 4754 :lucrum
435 4703 572 4751 eorreubinn
594 4704 788 4767 (superornet)
807 4703 888 4753 enlrile
908 4704 932 4752 B
1002 4705 1035 4753 ’111
1058 4706 1173 4754 sirrriliter
1191 4717 1219 4757 ut
1238 4710 1417 4761 comeduut

123 4772 338 4835 simililerteorr,
358 4772 475 4822 sindlitee
495 4782 520 4820 ut
540 4775 575 4832 11)
594 4776 698 4823 eonmdo
718 4776 771 4823 lrt’
841 4776 1089 4825 restrictionem
1113 4776 1135 4822 l'
1205 4777 1241 4827 28
1262 4780 1419 4847 suspitio?

190 4842 223 4891 3¹.)
243 4842 383 4907 vetlellcus]
405 4843 526 4892 mniliens
543 4844 602 4905 llas
647 4845 680 4893 33
700 4848 757 4894 ilem
777 4861 790 4893 o
810 4845 868 4896 alico
883 4845 907 4893 P
