3346 5498
247 379 308 443 194
471 451 475 468 Ι
762 446 764 450 ,
813 381 968 445 vonvmv
1002 468 1003 471 Ν

269 501 291 543 p.
305 491 394 530 tat-23
408 489 430 528 t.

243 569 388 646 iugerum,
420 587 488 629 nam
510 587 569 629 uon
593 577 690 648 potest
711 570 743 627 in
760 567 885 629 ablativo
908 569 1051 647 singulari
1073 589 1090 629 o
1113 569 1210 631 littera
1234 573 1386 631 terminari
1409 573 1440 632 in
1467 590 1539 633 neu-

244 679 289 730 tro
311 688 422 749 genere
443 672 500 731 nisi
522 689 538 730 a
561 671 741 731 nominativo
764 689 813 730 um
836 672 1007 740 terminato,
1031 670 1087 731 hoc
1109 670 1251 752 templum
1275 672 1311 733 ab
1335 672 1391 733 boc
1413 673 1538 754 templo,

243 771 299 832 hoc
327 778 438 832 tectum
467 771 504 833 ab
532 771 589 833 hoc
616 780 704 833 tecto.
748 774 773 833 si
801 774 843 833 sic
872 772 997 843 dixeris,
1028 772 1065 833 ab
1087 772 1144 833 hoc
1166 775 1284 852 iugero,
1308 775 1365 835 erit
1387 777 1537 854 iugerum.

242 873 293 933 sed
321 875 430 935 iterum
457 874 564 935 falsum
592 881 650 942 est,
680 876 762 954 quia,
792 876 818 935 si
849 874 958 935 dixeris
979 876 1132 953 iugerum,
1156 893 1259 936 omues
1281 894 1368 937 casus
1390 876 1539 938 secundae

242 984 330 1035 crunt
357 974 571 1036 declinationis.
617 994 705 1056 quem
733 976 768 1036 ad
799 975 918 1036 modum
947 976 1003 1037 hoc
1032 995 1188 1038 scamnum
1216 976 1305 1038 huius
1332 980 1447 1038 scamni
1470 979 1566 1038 huica

242 1094 362 1137 scamno
393 1076 448 1137 hoc
476 1095 644 1146 scamnum,
673 1078 715 1138 sic
743 1076 835 1138 habes
864 1085 893 1138 et
920 1078 977 1138 hoc
1006 1077 1173 1149 declinare,
1204 1078 1261 1140 boc
1288 1081 1424 1158 iugerum
1453 1078 1539 1141 buius

241 1179 352 1258 iugeri;
376 1197 436 1239 non
459 1178 547 1241 huius
569 1180 693 1256 laguis,
718 1178 770 1239 sed
794 1179 883 1239 huius
905 1180 1009 1257 iugeri.
1055 1180 1187 1241 sednon
1210 1180 1267 1241 hoc
1288 1183 1462 1259 sequimur,
1486 1180 1538 1241 sed

242 1299 422 1360 usurpamus
444 1300 545 1343 casum
568 1279 728 1341 ablativum
743 1279 938 1358 singularem:
960 1280 1070 1361 reliqui
1093 1300 1197 1343 omnes
1219 1300 1306 1343 casus
1328 1296 1539 1344 remanserunt

241 1385 272 1443 in
295 1385 382 1445 tertia
404 1382 609 1445 declinatione.

326 1486 349 1544 V
372 1487 548 1546 terminatus
570 1484 715 1546 ablativus
737 1486 908 1562 genetivum
936 1484 1081 1565 pluralem
1106 1483 1110 1568 l
1133 1487 1165 1545 in
1187 1505 1259 1547 uum
1281 1488 1384 1555 mittit,
1408 1486 1536 1549 dativum
1552 1505 1577 1543 ro
1619 1531 1622 1536 .

241 1594 271 1646 et
293 1585 452 1647 ablativum
475 1589 506 1646 in
530 1586 599 1656 bus,
629 1594 662 1647 ut
683 1586 721 1647 ab
743 1587 800 1646 hoc
826 1605 911 1648 versu
934 1585 1041 1647 borum
1064 1605 1203 1649 versuum
1222 1587 1272 1649 his
1294 1597 1324 1650 et
1345 1588 1383 1648 ab
1405 1589 1453 1650 his
1475 1607 1540 1649 ver·

57 1745 59 1750 ,
126 1701 187 1762 434,
201 1700 233 1749 28
247 1687 337 1749 sibus
375 1690 547 1768 quaeritur,
571 1697 670 1749 utrum
694 1688 855 1750 debeamus
878 1689 978 1758 dicere
1000 1689 1159 1759 versubus,
1184 1708 1271 1769 quem
1295 1690 1330 1749 ad
1354 1691 1474 1752 modum
1497 1690 1540 1750 di-

243 1792 338 1851 cimus
360 1790 505 1860 arcubus,
530 1810 618 1870 quem
642 1790 821 1850 admodum
845 1790 970 1851 dicimus
992 1790 1124 1851 artubus.
1171 1795 1211 1851 ait
1232 1778 1290 1860 sic,
1315 1793 1392 1860 ‘non
1417 1808 1539 1853 necesse

242 1896 312 1953 est'.
357 1911 413 1973 qua
442 1895 558 1953 vatione
587 1911 647 1952 non
669 1911 790 1953 necesse
814 1894 876 1952 esti
905 1893 1044 1972 quonlam
1067 1891 1116 1952 ille
1139 1891 1253 1954 dativus
1275 1892 1397 1972 pluralis
1419 1893 1464 1954 vel
1486 1893 1538 1954 ab·

242 1993 361 2062 lativus,
386 1995 504 2075 quando
527 2003 637 2056 exeunt
658 1997 689 2054 in
712 1994 802 2062 ubus,
834 1997 1008 2054 necessitate
1031 2002 1157 2062 exeunt,
1182 2012 1241 2054 non
1264 1995 1427 2056 secundum
1450 2011 1578 2073 regu-1⁵

241 2095 314 2165 lam:
345 2097 397 2158 sed
420 2096 551 2158 volentes
575 2098 672 2157 lacere
695 2097 892 2157 differentiam
915 2096 1132 2175 interponimus
1145 2097 1241 2156 ,istam
1265 2095 1391 2157 litteram
1417 2104 1446 2157 et
1467 2115 1539 2157 con·

240 2201 394 2260 vertimus.
439 2205 562 2278 utputa
585 2196 794 2258 abhocarcn
818 2206 847 2257 et
869 2196 906 2257 ab
930 2196 983 2257 hac
1007 2216 1076 2260 arce
1101 2198 1222 2258 iacimus
1250 2196 1428 2258 ablativum:
1460 2196 1538 2261 aliud

241 2307 286 2361 cst
307 2320 374 2371 arx,
400 2300 479 2361 aliud
503 2308 546 2361 est
568 2318 668 2368 arcus,
694 2298 749 2358 alia
772 2299 946 2376 significatio
970 2306 1028 2368 est;
1052 2301 1077 2358 si
1093 2299 1174 2361 dicas
1189 2298 1321 2367 arcibus,
1344 2318 1431 2361 arces
1448 2302 1538 2379 signi·

240 2404 324 2472 licas;
348 2405 372 2463 si
396 2403 477 2462 dicas
500 2400 641 2469 arcubus,
666 2419 753 2460 arcus
775 2401 933 2478 significas.
976 2408 1009 2460 ut
1031 2402 1124 2479 possit
1146 2402 1277 2471 secerni,
1302 2419 1424 2462 necesse
1447 2400 1539 2462 habes

239 2506 250 2565 i
272 2505 302 2565 iu
326 2523 346 2565 ιι
368 2513 498 2572 mutare,
522 2510 555 2563 ut
577 2501 657 2562 aliud
682 2502 843 2575 silemus,
868 2501 947 2561 aliud
972 2520 1054 2561 arces
1077 2510 1106 2561 et
1128 2501 1243 2562 similla.
1282 2510 1415 2563 ceterum
1438 2510 1470 2562 ut
1492 2503 1536 2562 di·
1551 2521 1576 2560 ao

238 2623 342 2667 camus
365 2604 510 2666 versubus
533 2612 583 2664 aut
606 2603 756 2672 versibus,
781 2621 855 2681 quae
879 2606 936 2665 erit
959 2602 1142 2663 dillerential
1164 2603 1305 2683 numquid
1329 2604 1448 2684 quando
1471 2605 1538 2666 dico

239 2708 398 2776 versuhus,
423 2705 502 2767 aliud
526 2708 599 2774 evit,
625 2705 793 2784 siquando
816 2705 883 2765 dieo
906 2704 1048 2772 versibus,
1072 2704 1151 2764 aliud
1175 2707 1248 2765 evit?
1278 2725 1348 2767 non.
1382 2708 1464 2767 unde
1486 2725 1539 2786 ap·

240 2818 326 2889 paret
347 2813 414 2889 quia
438 2827 497 2869 non
522 2807 709 2868 retinendum
734 2816 786 2867 est.
817 2805 918 2884 regula
935 2809 1013 2866 enim
1030 2808 1092 2885 ipsa
1115 2809 1159 2886 sic
1182 2807 1287 2867 tradita
1311 2818 1369 2874 est.
1395 2808 1539 2869 ablativus

239 2910 397 2988 singularis
420 2931 439 2970 u
461 2910 557 2971 littera
582 2911 757 2970 terminatus
780 2909 908 2968 dativum
932 2915 961 2968 ot
983 2907 1141 2967 ablativum
1158 2907 1301 2987 pluralem
1319 2912 1348 2970 iu
1366 2909 1419 2971 hus
1435 2913 1532 2980 mittit,

238 3013 476 3074 uininvutata
503 3030 631 3091 semper.
676 3010 797 3070 abhoc
826 3029 927 3078 versu,
963 3020 1042 3070 muta
1071 3028 1090 3069 u
1118 3011 1195 3078 ini,
1219 3009 1388 3080 addebus,
1414 3013 1576 3072 etlacitso
1658 3022 1661 3025 ’

241 3113 387 3183 versibus;
412 3114 448 3175 ab
472 3113 527 3174 hac
550 3132 636 3174 manu
661 3114 730 3173 lacit
748 3112 750 3172 l
769 3112 918 3180 manibus;
943 3110 980 3172 ab
994 3112 1048 3171 hac
1064 3113 1193 3190 porticu,
1218 3130 1237 3170 u
1260 3113 1290 3171 in
1313 3113 1322 3171 i
1346 3121 1435 3179 muta,
1460 3113 1535 3175 adde

241 3215 311 3284 hus,
341 3223 370 3277 et
397 3216 467 3276 lacit
496 3217 624 3277 dativum
653 3223 682 3276 et
710 3213 869 3275 ablativum
900 3213 1058 3294 pluralem,
1089 3211 1135 3273 his
1163 3220 1192 3272 et
1220 3212 1257 3272 ab
1285 3213 1331 3274 bis
1359 3214 1535 3293 porticibus.

240 3318 358 3399 quando
391 3328 490 3380 autem
523 3325 658 3379 remanet
691 3337 724 3387 u,
758 3335 879 3378 necesse
908 3315 996 3376 habet
1025 3333 1181 3376 remanere
1211 3333 1301 3376 causa
1328 3315 1534 3387 discretionis;

239 3421 356 3500 qnando
380 3421 505 3482 dicimus
527 3419 654 3482 arcubus
677 3427 706 3479 et
728 3418 864 3487 arcibus,
889 3437 927 3478 ue
950 3419 987 3477 sit
1010 3416 1110 3496 aliqua.
1129 3417 1277 3483 conlusio,
1302 3413 1424 3478 necesse
1447 3418 1537 3480 habe·

240 3541 306 3583 mus
334 3523 390 3583 hoc
420 3522 588 3583 observare.
634 3531 664 3582 et
693 3523 764 3580 item
793 3538 830 3580 ue
859 3520 993 3580 conlusio
1016 3519 1056 3578 sit
1077 3519 1154 3579 iuter
1177 3526 1257 3579 artus
1280 3527 1308 3592 ot
1329 3528 1425 3588 artes,
1449 3538 1536 3581 causa
1551 3541 1576 3581 so

240 3622 426 3684 discretionis
454 3625 510 3684 hoc
540 3642 664 3684 necesse
694 3621 838 3682 habemus
864 3621 977 3690 lacere,
1011 3628 1044 3680 ut
1075 3639 1094 3680 u
1127 3628 1288 3681 remaneat.
1332 3620 1389 3681 hoc
1417 3622 1536 3701 quidem

241 3723 326 3786 beno.
373 3734 403 3786 et
425 3744 515 3805 quare
538 3724 595 3785 sibi
618 3727 702 3785 istam
727 3723 854 3783 litteram
878 3723 1055 3803 adsumpsit,
1079 3723 1116 3782 ul
1144 3741 1236 3803 quare
1259 3741 1317 3782 uon
1341 3723 1467 3783 dicimus
1490 3742 1536 3784 ar·

240 3825 347 3896 cobus,
372 3827 423 3887 sed
448 3826 594 3887 arcubus?
619 3825 753 3906 [quando
776 3826 910 3885 conlusio
935 3834 992 3894 est,
1016 3843 1075 3885 non
1100 3832 1203 3884 vacant
1224 3826 1296 3883 istae
1320 3842 1423 3884 omnes
1446 3827 1537 3885 ratio·

241 3925 306 4008 nes]
336 3931 475 4006 quoniam
504 3929 681 3988 antistichon
712 3934 763 3986 est.
808 3927 986 3988 antistichon
1016 3927 1136 3993 dicitur,
1172 3926 1289 4004 qvvando
1318 3924 1408 3985 altera
1437 3924 1537 3988 littera

239 4048 294 4109 pro
322 4028 412 4090 altera
441 4032 570 4110 ponitur.
616 4030 671 4089 hae
700 4036 798 4089 autem
828 4029 908 4089 solae
938 4032 999 4090 eius
1028 4028 1108 4088 modi
1131 4036 1212 4096 sunt,
1236 4046 1311 4107 quae.
1334 4046 1389 4107 pro
1411 4047 1442 4087 se
1465 4031 1537 4107 poni
1550 4050 1582 4090 as

239 4139 377 4211 possunt,
402 4152 422 4191 u
445 4140 474 4191 et
495 4134 505 4191 i
527 4131 639 4199 littera;
664 4133 734 4191 istas
762 4128 875 4190 litteras
903 4149 1062 4210 possumus
1085 4131 1162 4189 inter
1184 4148 1216 4189 se
1239 4138 1361 4190 mutare.
1393 4132 1436 4190 vis
1459 4133 1536 4191 scire

311 4303 342 4352 12
361 4302 559 4351 debemusAB
633 4301 664 4352 13
682 4302 789 4350 arcubus
806 4309 830 4350 et
849 4301 997 4350 avtuhnsA
1069 4300 1477 4362 ltqnaratvonenonnecesse
1497 4310 1536 4351 est

239 4388 286 4427 om,
301 4373 365 4430 AB,
381 4374 442 4422 odd.
462 4372 498 4422 ab
553 4372 783 4422 tommosam
804 4372 850 4420 bns
871 4371 952 4422 ABG
1007 4370 1037 4419 17
1057 4371 1126 4418 allud
1146 4380 1184 4419 est
1201 4386 1248 4419 arx
1266 4370 1334 4419 aliud
1357 4385 1430 4420 arcus
1445 4371 1465 4420 C
1483 4371 1536 4420 allo

240 4453 278 4495 est
298 4458 345 4493 arx
369 4442 439 4493 aliud
463 4453 500 4491 est
520 4443 571 4504 (est
589 4459 634 4497 ona,
653 4442 803 4499 Balacrus
822 4440 878 4490 AB
951 4443 983 4488 24
1003 4437 1102 4488 (latinos
1121 4450 1145 4489 et
1164 4441 1291 4490 ablatiuos
1310 4441 1423 4505 plurales
1440 4443 1463 4489 A

239 4518 340 4565 mittunt
358 4514 411 4565 AG
480 4513 513 4562 25
536 4528 611 4562 uerso
638 4522 706 4561 muta
726 4526 741 4559 u
761 4511 809 4560 Bu
833 4525 907 4560 uersu
934 4519 1029 4560 mutato
1054 4525 1068 4557 u
1087 4509 1112 4558 A
1122 4511 1143 4560 C
1211 4512 1245 4561 ab
1264 4526 1277 4558 ιι
1298 4511 1322 4560 in
1343 4512 1350 4559 i
1370 4521 1465 4560 mutata
1483 4511 1536 4561 BG

307 4583 341 4634 29
359 4585 459 4633 arcibus
478 4582 528 4631 nisi
546 4583 679 4633 sitABC
729 4580 1292 4631 30hocobseruarcAChocseruareBa
1346 4579 1385 4637 31,
1404 4590 1534 4631 remaneat

229 4655 272 4703 ·ab
297 4654 344 4703 hoc
361 4655 386 4703 A
411 4665 539 4703 remaneat
563 4652 594 4698 ob
620 4652 667 4702 hoc
686 4651 710 4700 B
780 4653 813 4700 32
839 4648 957 4717 litteram]
980 4650 1093 4715 regulam
1113 4651 1139 4699 B
1208 4649 1241 4699 33
1261 4650 1431 4700 conlusumC
1498 4651 1532 4701 34

239 4725 358 4786 quoniam
378 4722 528 4773 antistichon
547 4722 641 4780 (littero
661 4722 722 4771 add.
739 4719 765 4781 c)
782 4731 819 4770 est
839 4719 993 4770 antistichon
1015 4720 1106 4769 dicitur
1121 4719 1143 4769 0
1159 4720 1276 4783 quoniam
1297 4721 1432 4770 antistivon
1452 4721 1532 4770 lanti-

238 4792 337 4842 sthieon
351 4794 389 4857 A)
403 4794 485 4842 littera
504 4804 542 4842 est
561 4793 696 4840 ιιιιιίιιιίιοιι
714 4790 846 4855 (anthioco
862 4792 885 4841 A
903 4790 1056 4839 antitistiron
1070 4787 1100 4852 a)
1118 4790 1210 4837 dicitur
1225 4791 1279 4839 AB
1330 4791 1431 4853 quando
1450 4788 1530 4840 alteru

238 4864 321 4912 littera
339 4879 355 4912 a
373 4865 474 4927 qvvundo
493 4878 508 4912 a
524 4863 605 4911 littera
624 4863 648 4910 A
666 4861 768 4924 qivando
786 4863 835 4911 alia
850 4861 931 4910 littera
948 4860 973 4909 B
991 4859 1092 4922 qrrnndo
1113 4860 1192 4908 alteru
1212 4859 1232 4909 G
