3346 5498
473 413 674 474 biennem
697 412 899 473 nnnlnnsm
920 408 1056 471 20-27
1344 405 1406 469 643

1214 530 1236 569 p.
1252 519 1339 558 tsr-rd
1354 515 1381 555 V.

122 604 196 661 verit
219 601 424 680 yrrrreellarum.
456 621 541 661 onrne
564 603 726 680 optativum
750 619 891 679 praesens
914 600 1049 678 idemque
1067 602 1263 678 inperfectam
1280 599 1406 658 activum

122 707 151 763 in
175 723 237 763 rem
261 701 400 782 syllabam
425 705 534 763 desiuit
556 703 648 763 vocali
671 703 888 780 coniugationis
910 720 980 761 suae
1004 702 1210 768 antecedente,
1242 710 1272 760 ut
1295 703 1406 760 utinam

123 823 252 866 amarem
270 824 427 875 ‚rrronerem
450 805 583 865 audirem
607 806 746 883 legerem.
783 807 869 865 citius
890 822 919 863 m
943 803 1040 863 littera
1064 805 1094 862 in
1118 823 1131 860 s
1154 810 1332 863 comunitate
1354 821 1406 861 na-

121 909 215 967 scitur
237 908 383 976 secunda,
407 907 569 986 eademque
593 909 623 966 in
647 917 658 966 t
680 925 819 967 conversa
843 908 875 967 fit
897 907 1002 973 tertia,
1020 923 1149 965 amarem
1165 923 1280 964 amares
1296 911 1407 964 anraret

95 1033 107 1069 s
130 1009 304 1087 etreliqua.
338 1012 432 1089 prima
456 1008 578 1088 pluralis
600 1027 636 1068 eu
658 1011 754 1086 prima
775 1010 907 1068 nascitur
928 1006 1068 1084 singulari
1093 1007 1207 1067 adiecta
1231 1026 1265 1066 us
1287 1004 1406 1084 syllaba,

121 1120 152 1168 nt
175 1129 304 1170 ornarem
327 1130 494 1172 ornaremus
517 1119 546 1169 et
569 1108 692 1189 reliqua.
737 1110 867 1170 secunda
895 1109 1018 1189 pluralis
1046 1127 1080 1167 ex
1109 1110 1205 1187 prima
1227 1110 1278 1168 fiet
1300 1105 1405 1186 plurali

120 1230 185 1271 mus
207 1212 310 1272 ultima
339 1214 370 1271 in
398 1213 434 1271 tis
462 1212 604 1290 syllabam
631 1231 788 1280 conversa,
817 1219 850 1272 ut
878 1229 1045 1270 amaremus
1067 1213 1208 1270 amaretis
1230 1220 1259 1269 et
1281 1208 1405 1287 reliqna.

121 1316 206 1372 tertia
230 1313 353 1392 pluralis
375 1334 410 1373 ex
434 1316 519 1401 tertia
542 1317 675 1374 nascitur
703 1315 886 1392 singularia
910 1314 1009 1373 littera
1032 1320 1099 1372 ante
1125 1321 1135 1371 t
1157 1313 1289 1373 ultimam
1315 1314 1406 1370 inter·

120 1418 230 1494 posita,
255 1424 366 1475 anvaret
388 1425 529 1476 arviarent.
555 1415 558 1495 l
584 1435 670 1476 omne
686 1419 847 1495 optativum
863 1417 1060 1494 praeteritum
1083 1416 1246 1493 perfectura
1270 1413 1406 1491 idemque

84 1543 107 1579 ro
122 1517 445 1596 plusquamperfectum
474 1537 508 1577 ex
532 1521 693 1596 praeterito
722 1519 853 1597 perfecto
876 1517 1036 1578 indicativo
1058 1524 1175 1576 creatur
1197 1516 1319 1576 ultimae
1342 1516 1407 1574 eius

121 1618 249 1697 syllabae
271 1636 286 1676 s
307 1619 405 1679 littera
428 1619 542 1680 adiecta
565 1628 594 1680 et
616 1620 714 1680 addita
737 1640 798 1680 sem
821 1618 948 1698 syllaba,
972 1621 1065 1678 nutavi
1095 1620 1282 1686 amavissem,
1306 1618 1406 1676 monui

121 1723 316 1789 mornrissem,
341 1721 440 1781 audivi
462 1721 654 1791 audivissem,
686 1723 743 1799 legi
773 1722 920 1799 legissem.
965 1720 1015 1779 sed
1039 1720 1216 1797 aliquotiens
1239 1721 1264 1778 vi
1287 1739 1323 1778 ex
1346 1736 1406 1778 me·

121 1822 169 1880 dio
192 1823 356 1901 intercepta
385 1823 588 1883 contrahimus
611 1823 753 1902 syllabas,
782 1832 814 1883 ut
836 1824 968 1883 dicamus
991 1840 1133 1883 arrrassem
1157 1821 1314 1881 audissem.
1360 1839 1406 1879 re·

121 1923 221 1982 siduas
251 1942 394 2002 personas
422 1927 452 1983 in
476 1933 600 2003 utroque
623 1944 747 1986 numero
775 1926 810 1986 ad
833 1924 1244 2002 similitudinemsuperioris
1267 1923 1408 2002 temporis

85 2048 108 2087 ιι
122 2028 292 2101 figuramus.
338 2044 423 2085 omne
452 2029 614 2104 optativum
643 2029 775 2088 futurum
804 2029 931 2088 activum
965 2045 1001 2086 ex
1034 2029 1132 2106 primo
1165 2025 1294 2085 themate
1323 2023 1407 2083 verbi

121 2129 268 2194 nascitur,
292 2128 323 2185 in
345 2129 441 2205 prima
464 2129 584 2207 quidem
607 2132 814 2206 coniugatione
843 2149 860 2188 o
886 2129 1047 2188 novissimo
1069 2130 1099 2188 in
1123 2147 1170 2187 em
1193 2125 1348 2206 syllabam,
1377 2128 1407 2185 in

121 2230 231 2287 ceteris
254 2237 353 2287 autem
376 2231 406 2288 in
430 2250 476 2290 am
498 2250 651 2299 contremo,
682 2240 714 2292 ut
736 2250 801 2291 amo
824 2250 929 2300 amem,
953 2248 1059 2289 moneo
1081 2247 1225 2298 moneant,
1250 2229 1335 2287 audio
1358 2245 1408 2287 au·

122 2330 216 2397 diam,
246 2328 311 2404 lego
340 2329 445 2406 legam.
490 2333 626 2393 residuae
654 2352 797 2413 personae
827 2333 862 2393 ad
891 2332 1115 2392 similitudinem
1139 2332 1326 2410 superiorum
1348 2331 1408 2389 for·

122 2438 248 2490 tuantur.
295 2434 393 2492 evnrrria
422 2436 550 2511 optativa
578 2438 693 2513 passiva
716 2444 843 2512 praeter
871 2437 1065 2514 praeteritum
1088 2434 1254 2511 perfeetum
1277 2442 1306 2490 et
1329 2431 1408 2510 plus·

84 2535 377 2614 avqnauqnufeetum
401 2553 434 2594 ex
459 2538 563 2596 activis
586 2540 663 2606 suis,
694 2539 772 2597 siout
800 2539 830 2597 in
858 2534 1120 2616 praecedentibus,
1151 2533 1357 2594 formabuntur
1380 2551 1408 2590 m

124 2640 153 2696 iu
177 2657 193 2696 r
215 2643 393 2696 conunutata
416 2637 598 2718 reliquisque
622 2639 677 2699 sub
700 2640 804 2699 eadem
826 2639 1031 2698 observatione
1055 2636 1187 2695 deflexis.
1210 2634 1214 2717 l

206 2737 248 2797 ne
272 2740 460 2798 coniunctivo
483 2741 579 2801 modo.
630 2744 816 2802 coniunctim
840 2741 1011 2802 Latinorum
1034 2738 1157 2797 eandem
1180 2736 1258 2816 apud
1281 2735 1410 2795 Graecos
1427 2742 1525 2797 ela-tr

45 2836 55 2857 '
122 2841 233 2900 babent
255 2859 373 2901 causam
396 2842 529 2903 vocabuli
551 2851 580 2904 et
602 2863 636 2902 ex
659 2862 717 2903 una
740 2843 900 2920 eademque
917 2843 1032 2917 origine
1055 2847 1219 2899 traxerunt.
1250 2857 1307 2898 non
1331 2839 1411 2896 enim

122 2943 191 3002 buic
215 2942 310 3010 modo,
335 2952 367 3003 ut
389 2946 512 3013 ceteris,
537 2964 572 3003 ex
595 2945 762 3013 intellectu,
787 2945 890 3004 sodex
913 2943 976 3002 solo
999 2942 1146 3001 accidenti
1169 2958 1275 3000 nornen
1298 2947 1344 2998 est
1366 2940 1410 2998 iu·

84 3043 227 3104 uelitum.
273 3046 350 3122 siqui
381 3044 453 3106 dicit
482 3046 562 3122 lego,
592 3045 665 3107 uibil
694 3046 816 3106 dubium
845 3045 987 3124 relinquit
1017 3046 1088 3123 quin
1111 3043 1210 3118 legere
1234 3061 1265 3101 se
1288 3041 1411 3107 indicet,

124 3146 190 3205 ideo
214 3146 391 3205 imlieativus
413 3147 592 3225 appellatnv·;
616 3150 666 3226 qui
690 3148 762 3208 dicit
784 3148 862 3224 lege,
887 3156 988 3226 aperte
1011 3145 1082 3225 quid
1106 3147 1154 3204 frat
1177 3146 1317 3222 imperat,
1342 3141 1411 3202 iude

123 3249 332 3326 irnpevativns;
364 3249 474 3308 ritiriam
504 3247 599 3326 legam
627 3268 693 3308 cmn
722 3250 844 3318 (licitur,
874 3257 993 3327 optatur
1021 3248 1098 3326 quod
1127 3248 1191 3306 [ieri
1214 3243 1411 3310 desideratur,

123 3359 153 3408 et
175 3351 323 3427 optativus
352 3359 487 3418 vocatum
517 3350 630 3427 legere,
655 3353 723 3429 qnia
746 3351 858 3411 nullum
881 3352 971 3410 animi
996 3351 1097 3409 definit
1121 3349 1273 3415 affectum,
1302 3346 1411 3406 infruiti

124 3469 229 3509 nomeu
258 3453 382 3527 aceepit.
427 3453 453 3510 si
482 3467 550 3510 vero
581 3453 683 3512 dixero
711 3472 778 3513 cum
807 3451 903 3530 legam
930 3471 997 3511 cuni
1027 3452 1152 3528 legerim
1180 3467 1247 3508 curn
1275 3446 1412 3525 legissem

84 3569 190 3610 :ncruu
221 3550 335 3626 legero,
364 3552 487 3611 ostendo
515 3553 626 3614 nullum
656 3562 772 3633 tempus
801 3555 879 3615 modi
908 3556 993 3614 istius
1022 3556 1079 3613 uisi
1110 3554 1299 3611 coniunctum
1329 3549 1412 3609 alteri

124 3655 200 3730 parti
225 3654 368 3711 orationis
390 3673 477 3732 posse
502 3658 641 3734 proferri.
672 3656 740 3715 ideo
763 3675 821 3715 non
844 3675 880 3715 ex
902 3674 1007 3724 sensu,
1030 3657 1081 3734 qni
1105 3653 1202 3714 adhue
1225 3652 1334 3712 dubius
1356 3660 1411 3717 est,

122 3754 173 3813 sod
205 3774 240 3812 ex
269 3752 328 3813 sola
357 3758 564 3818 eorriunctione
593 3777 668 3837 quae
698 3760 725 3817 ei
744 3758 863 3845 ⁴‚accidit
891 3759 1096 3817 corrinnetivus
1125 3755 1228 3815 modus
1250 3752 1414 3833 appellatus

123 3866 177 3915 est.
210 3855 286 3915 vinde
310 3865 339 3916 et
362 3858 466 3918 Graeci
491 3851 715 3939 ὑποτακτικὸν
737 3853 793 3920 διὰ
814 3852 852 3919 τὸ
873 3852 1100 3936 ὑποτετάχθαι
1123 3864 1312 3925 vocaverunt,
1335 3855 1413 3935 quod

124 3976 245 4017 neeesse
269 3966 313 4017 est
334 3958 377 4019 illi
400 3962 562 4038 praemisso
586 3961 698 4041 aliquid
720 3961 822 4030 subdi,
848 3971 879 4021 ut
901 3980 1007 4021 sensus
1029 3963 1146 4037 integer
1167 3961 1217 4019 fiat
1233 3967 1263 4019 et
1285 3958 1412 4038 planior,

85 4085 109 4121 :a
276 4078 354 4120 eum
377 4062 508 4122 faciani
530 4063 647 4123 vitula
671 4082 738 4143 pro
761 4062 954 4139 frugibus,
977 4065 1057 4142 ipse
1082 4063 1219 4121 venito.

123 4160 239 4221 notabis
267 4163 297 4220 in
326 4162 380 4222 hoo
410 4165 496 4223 modo
523 4165 600 4243 quod
630 4183 687 4225 nou
717 4184 798 4225 inore
822 4165 1002 4224 Graecormn
1030 4165 1155 4223 iunctim
1184 4162 1253 4223 bina
1277 4171 1410 4240 tempora

123 4263 297 4331 «inflectunt,
327 4264 377 4323 sed
407 4266 521 4343 singula
550 4269 726 4345 separatim,
756 4285 823 4326 cnut
851 4269 882 4326 in
911 4268 1041 4345 optativo
1069 4274 1171 4324 eontra
1194 4283 1282 4343 quam
1305 4263 1411 4323 Graeci

123 4365 206 4429 birra,
240 4384 297 4424 non
326 4365 440 4442 singula
471 4368 630 4428 declinent.
675 4377 863 4428 scrutantem
887 4369 989 4427 eadem
1012 4386 1087 4446 quae
1111 4369 1140 4425 in
1164 4367 1293 4443 optativo
1316 4371 1345 4422 et
1368 4365 1412 4422 in-

123 4486 212 4545 super
242 4470 437 4546 praeteritnm
467 4473 632 4547 perfeetum
661 4479 686 4528 et
719 4472 851 4530 futurum
874 4470 929 4528 snb
953 4469 1248 4534 diversafmalitate,
1273 4483 1415 4544 praesens

89 4597 113 4632 ιιι
128 4568 264 4648 idemque
293 4572 426 4629 faturum
456 4573 616 4649 optativum
646 4591 713 4632 oum
743 4572 853 4649 legam,
887 4573 1083 4650 praeteritum
1116 4570 1316 4648 inperfectum
1348 4586 1416 4626 cum

191 4759 204 4805 7
223 4772 373 4806 conuersum
396 4774 464 4808 corr.
484 4774 525 4806 ·sa
544 4758 568 4806 B
639 4760 669 4808 18
687 4758 787 4807 residue
805 4758 830 4807 B
900 4758 931 4807 ta
950 4769 1049 4822 praeter
1066 4773 1113 4808 om.
1132 4755 1169 4816 B,
1188 4757 1249 4805 add.
1269 4753 1349 4802 Ianus

123 4825 290 4874 23eaorn.f›‘
359 4825 549 4886 ‘ZbreliquidB
621 4825 754 4891 indigetB
822 4827 855 4875 ‘29
873 4824 1038 4892 acceperitB
1106 4826 1139 4874 35
1157 4819 1226 4889 cum]
1245 4822 1415 4887 Verqbnrof.

124 4897 148 4949 3,
162 4894 192 4940 77
256 4895 288 4943 37
305 4893 418 4959 singulas
433 4895 566 4959 separatim
581 4894 607 4943 B
