<?xml version="1.0" encoding="UTF-8"?>
<!DOCTYPE html PUBLIC "-//W3C//DTD XHTML 1.0 Transitional//EN"
    "http://www.w3.org/TR/xhtml1/DTD/xhtml1-transitional.dtd">
<html xmlns="http://www.w3.org/1999/xhtml" xml:lang="en" lang="en">
 <head>
  <title>
</title>
<meta http-equiv="Content-Type" content="text/html;charset=utf-8" />
  <meta name='ocr-system' content='tesseract 3.04.00' />
  <meta name='ocr-capabilities' content='ocr_page ocr_carea ocr_par ocr_line ocrx_word'/>
</head>
<body>
  <div class='ocr_page' id='page_1' title='image "./grammaticilatin03keilgoog_0415.png"; bbox 0 0 3346 5498; ppageno 0'>
   <div class='ocr_carea' id='block_1_1' title="bbox 357 414 1099 479">
    <p class='ocr_par' dir='ltr' id='par_1_1' title="bbox 357 414 1099 479">
     <span class='ocr_line' id='line_1_1' title="bbox 357 414 1099 479; baseline -0.007 0"><span class='ocrx_word' id='word_1_1' title='bbox 357 414 420 479; x_wconf 79' lang='lat'>392</span> <span class='ocrx_word' id='word_1_2' title='bbox 898 414 1099 478; x_wconf 78' lang='lat' dir='ltr'>consulturi</span> 
     </span>
    </p>
   </div>
   <div class='ocr_carea' id='block_1_2' title="bbox 327 523 1672 4350">
    <p class='ocr_par' dir='ltr' id='par_1_2' title="bbox 327 523 1673 4350">
     <span class='ocr_line' id='line_1_2' title="bbox 383 523 1619 578; baseline -0.001 -14"><span class='ocrx_word' id='word_1_3' title='bbox 383 538 404 578; x_wconf 79' lang='lat' dir='ltr'>p.</span> <span class='ocrx_word' id='word_1_4' title='bbox 420 526 494 565; x_wconf 76' lang='lat' dir='ltr'>14-1e</span> <span class='ocrx_word' id='word_1_5' title='bbox 508 523 532 563; x_wconf 81' lang='grc' dir='ltr'>Β.</span> <span class='ocrx_word' id='word_1_6' title='bbox 1553 536 1571 563; x_wconf 80' lang='lat' dir='ltr'>c.</span> <span class='ocrx_word' id='word_1_7' title='bbox 1586 525 1619 566; x_wconf 84' lang='lat' dir='ltr'>ao.</span> 
     </span>
     <span class='ocr_line' id='line_1_3' title="bbox 358 603 1645 684; baseline -0.001 -19"><span class='ocrx_word' id='word_1_8' title='bbox 358 606 472 684; x_wconf 93' lang='lat' dir='ltr'>coperit</span> <span class='ocrx_word' id='word_1_9' title='bbox 494 622 548 683; x_wconf 95' lang='lat' dir='ltr'>pro</span> <span class='ocrx_word' id='word_1_10' title='bbox 576 603 685 681; x_wconf 90' lang='lat' dir='ltr'>operit,</span> <span class='ocrx_word' id='word_1_11' title='bbox 714 604 795 679; x_wconf 88' lang='lat' dir='ltr'>gruit</span> <span class='ocrx_word' id='word_1_12' title='bbox 822 620 877 680; x_wconf 93' lang='lat' dir='ltr'>pro</span> <span class='ocrx_word' id='word_1_13' title='bbox 900 603 975 672; x_wconf 90' lang='lat' dir='ltr'>ruit,</span> <span class='ocrx_word' id='word_1_14' title='bbox 1005 609 1110 662; x_wconf 91' lang='lat' dir='ltr'>tottum</span> <span class='ocrx_word' id='word_1_15' title='bbox 1133 609 1284 682; x_wconf 91' lang='lat' dir='ltr'>prototo,</span> <span class='ocrx_word' id='word_1_16' title='bbox 1309 603 1427 663; x_wconf 76' lang='lat' dir='ltr'>cottidie</span> <span class='ocrx_word' id='word_1_17' title='bbox 1449 621 1503 682; x_wconf 93' lang='lat' dir='ltr'>pro</span> <span class='ocrx_word' id='word_1_18' title='bbox 1526 605 1645 675; x_wconf 78' lang='lat' dir='ltr'>cotidie,</span> 
     </span>
     <span class='ocr_line' id='line_1_4' title="bbox 358 702 1644 786; baseline 0 -21"><span class='ocrx_word' id='word_1_19' title='bbox 358 706 503 786; x_wconf 91' lang='lat' dir='ltr'>quandius</span> <span class='ocrx_word' id='word_1_20' title='bbox 524 724 579 785; x_wconf 92' lang='lat' dir='ltr'>pro</span> <span class='ocrx_word' id='word_1_21' title='bbox 602 704 747 784; x_wconf 87' lang='lat' dir='ltr'>quandiu;</span> <span class='ocrx_word' id='word_1_22' title='bbox 777 702 917 783; x_wconf 78' lang='lat' dir='ltr'>syllabae,</span> <span class='ocrx_word' id='word_1_23' title='bbox 940 710 974 763; x_wconf 92' lang='lat' dir='ltr'>ut</span> <span class='ocrx_word' id='word_1_24' title='bbox 995 704 1020 762; x_wconf 91' lang='lat' dir='ltr'>si</span> <span class='ocrx_word' id='word_1_25' title='bbox 1043 703 1123 763; x_wconf 91' lang='lat' dir='ltr'>dieas</span> <span class='ocrx_word' id='word_1_26' title='bbox 1144 706 1265 764; x_wconf 85' lang='lat' dir='ltr'>tutrusit</span> <span class='ocrx_word' id='word_1_27' title='bbox 1287 722 1341 784; x_wconf 95' lang='lat' dir='ltr'>pro</span> <span class='ocrx_word' id='word_1_28' title='bbox 1363 705 1465 774; x_wconf 91' lang='lat' dir='ltr'>trusit;</span> <span class='ocrx_word' id='word_1_29' title='bbox 1490 707 1644 784; x_wconf 88' lang='lat' dir='ltr'>temporis,</span> 
     </span>
     <span class='ocr_line' id='line_1_5' title="bbox 357 804 1645 888; baseline 0 -20"><span class='ocrx_word' id='word_1_30' title='bbox 357 816 390 868; x_wconf 91' lang='lat' dir='ltr'>ut</span> <span class='ocrx_word' id='word_1_31' title='bbox 417 808 537 888; x_wconf 91' lang='lat' dir='ltr'>quidam</span> <span class='ocrx_word' id='word_1_32' title='bbox 565 806 667 867; x_wconf 89' lang='lat' dir='ltr'>dieunt</span> <span class='ocrx_word' id='word_1_33' title='bbox 694 806 781 885; x_wconf 75' lang='lat' dir='ltr'>pIper</span> <span class='ocrx_word' id='word_1_34' title='bbox 809 805 951 885; x_wconf 88' lang='lat' dir='ltr'>producta</span> <span class='ocrx_word' id='word_1_35' title='bbox 978 805 1077 883; x_wconf 90' lang='lat' dir='ltr'>priore</span> <span class='ocrx_word' id='word_1_36' title='bbox 1107 804 1231 883; x_wconf 77' lang='lat' dir='ltr'>syllaba,</span> <span class='ocrx_word' id='word_1_37' title='bbox 1260 824 1326 865; x_wconf 91' lang='lat' dir='ltr'>eum</span> <span class='ocrx_word' id='word_1_38' title='bbox 1356 807 1394 866; x_wconf 91' lang='lat' dir='ltr'>sit</span> <span class='ocrx_word' id='word_1_39' title='bbox 1421 806 1534 876; x_wconf 87' lang='lat' dir='ltr'>brevis,</span> <span class='ocrx_word' id='word_1_40' title='bbox 1564 808 1645 888; x_wconf 91' lang='lat' dir='ltr'>quod</span> 
     </span>
     <span class='ocr_line' id='line_1_6' title="bbox 358 906 1644 988; baseline 0 -19"><span class='ocrx_word' id='word_1_41' title='bbox 358 911 460 970; x_wconf 88' lang='lat' dir='ltr'>vitium</span> <span class='ocrx_word' id='word_1_42' title='bbox 483 910 621 970; x_wconf 76' lang='lat' dir='ltr'>Afrorum</span> <span class='ocrx_word' id='word_1_43' title='bbox 644 908 787 968; x_wconf 77' lang='lat' dir='ltr'>familiare</span> <span class='ocrx_word' id='word_1_44' title='bbox 810 914 870 976; x_wconf 78' lang='lat' dir='ltr'>est:</span> <span class='ocrx_word' id='word_1_45' title='bbox 899 913 1053 975; x_wconf 88' lang='lat' dir='ltr'>accentus,</span> <span class='ocrx_word' id='word_1_46' title='bbox 1076 913 1110 966; x_wconf 92' lang='lat' dir='ltr'>ut</span> <span class='ocrx_word' id='word_1_47' title='bbox 1130 906 1222 985; x_wconf 82' lang='lat' dir='ltr'>siquis</span> <span class='ocrx_word' id='word_1_48' title='bbox 1244 907 1346 968; x_wconf 89' lang='lat' dir='ltr'>dicens</span> <span class='ocrx_word' id='word_1_49' title='bbox 1368 909 1489 985; x_wconf 86' lang='lat' dir='ltr'>triginta</span> <span class='ocrx_word' id='word_1_50' title='bbox 1511 910 1644 988; x_wconf 77' lang='lat' dir='ltr'>priorem</span> 
     </span>
     <span class='ocr_line' id='line_1_7' title="bbox 357 1000 1671 1090; baseline -0.001 -20"><span class='ocrx_word' id='word_1_51' title='bbox 357 1009 499 1090; x_wconf 88' lang='lat' dir='ltr'>syllabam</span> <span class='ocrx_word' id='word_1_52' title='bbox 522 1018 608 1071; x_wconf 92' lang='lat' dir='ltr'>acuat</span> <span class='ocrx_word' id='word_1_53' title='bbox 630 1017 661 1069; x_wconf 93' lang='lat' dir='ltr'>et</span> <span class='ocrx_word' id='word_1_54' title='bbox 682 1016 856 1089; x_wconf 84' lang='lat' dir='ltr'>sequentem</span> <span class='ocrx_word' id='word_1_55' title='bbox 879 1000 1007 1086; x_wconf 75' lang='lat' dir='ltr'>graviter</span> <span class='ocrx_word' id='word_1_56' title='bbox 1030 1007 1177 1076; x_wconf 87' lang='lat' dir='ltr'>enuntiet,</span> <span class='ocrx_word' id='word_1_57' title='bbox 1207 1011 1257 1088; x_wconf 91' lang='lat' dir='ltr'>qui</span> <span class='ocrx_word' id='word_1_58' title='bbox 1282 1010 1386 1070; x_wconf 90' lang='lat' dir='ltr'>modus</span> <span class='ocrx_word' id='word_1_59' title='bbox 1408 1018 1439 1070; x_wconf 92' lang='lat' dir='ltr'>et</span> <span class='ocrx_word' id='word_1_60' title='bbox 1461 1029 1515 1089; x_wconf 90' lang='lat' dir='ltr'>per</span> <span class='ocrx_word' id='word_1_61' title='bbox 1535 1002 1671 1071; x_wconf 76' lang='lat' dir='ltr'>immua</span> 
     </span>
     <span class='ocr_line' id='line_1_8' title="bbox 358 1110 1646 1191; baseline -0.002 -18"><span class='ocrx_word' id='word_1_62' title='bbox 358 1115 500 1173; x_wconf 90' lang='lat' dir='ltr'>tationem</span> <span class='ocrx_word' id='word_1_63' title='bbox 524 1113 588 1172; x_wconf 84' lang='lat' dir='ltr'>lieri</span> <span class='ocrx_word' id='word_1_64' title='bbox 609 1112 742 1182; x_wconf 64' lang='lat' dir='ltr'>videtum</span> <span class='ocrx_word' id='word_1_65' title='bbox 766 1112 969 1190; x_wconf 81' lang='lat' dir='ltr'>aspirationis,</span> <span class='ocrx_word' id='word_1_66' title='bbox 998 1118 1030 1171; x_wconf 94' lang='lat' dir='ltr'>ut</span> <span class='ocrx_word' id='word_1_67' title='bbox 1051 1111 1144 1189; x_wconf 92' lang='lat' dir='ltr'>siquis</span> <span class='ocrx_word' id='word_1_68' title='bbox 1166 1111 1273 1170; x_wconf 86' lang='lat' dir='ltr'>lromen</span> <span class='ocrx_word' id='word_1_69' title='bbox 1296 1110 1430 1171; x_wconf 89' lang='lat' dir='ltr'>scribens</span> <span class='ocrx_word' id='word_1_70' title='bbox 1453 1112 1559 1172; x_wconf 86' lang='lat' dir='ltr'>adiciat</span> <span class='ocrx_word' id='word_1_71' title='bbox 1582 1113 1646 1191; x_wconf 93' lang='lat' dir='ltr'>pri·</span> 
     </span>
     <span class='ocr_line' id='line_1_9' title="bbox 357 1212 1645 1294; baseline -0.002 -19"><span class='ocrx_word' id='word_1_72' title='bbox 357 1233 422 1274; x_wconf 93' lang='lat' dir='ltr'>mae</span> <span class='ocrx_word' id='word_1_73' title='bbox 445 1213 574 1294; x_wconf 79' lang='lat' dir='ltr'>syllabae</span> <span class='ocrx_word' id='word_1_74' title='bbox 597 1214 817 1292; x_wconf 83' lang='lat' dir='ltr'>aspirationem.</span> <span class='ocrx_word' id='word_1_75' title='bbox 861 1231 914 1292; x_wconf 93' lang='lat' dir='ltr'>per</span> <span class='ocrx_word' id='word_1_76' title='bbox 943 1212 1155 1272; x_wconf 81' lang='lat' dir='ltr'>detractionem</span> <span class='ocrx_word' id='word_1_77' title='bbox 1183 1213 1257 1272; x_wconf 88' lang='lat' dir='ltr'>liunt</span> <span class='ocrx_word' id='word_1_78' title='bbox 1279 1212 1456 1273; x_wconf 83' lang='lat' dir='ltr'>barbarismi</span> <span class='ocrx_word' id='word_1_79' title='bbox 1478 1215 1535 1273; x_wconf 90' lang='lat' dir='ltr'>sio:</span> <span class='ocrx_word' id='word_1_80' title='bbox 1565 1213 1645 1274; x_wconf 88' lang='lat' dir='ltr'>litte·</span> 
     </span>
     <span class='ocr_line' id='line_1_10' title="bbox 358 1312 1646 1396; baseline -0.002 -19"><span class='ocrx_word' id='word_1_81' title='bbox 358 1335 425 1386; x_wconf 91' lang='lat' dir='ltr'>rae,</span> <span class='ocrx_word' id='word_1_82' title='bbox 448 1324 482 1376; x_wconf 94' lang='lat' dir='ltr'>ut</span> <span class='ocrx_word' id='word_1_83' title='bbox 504 1317 596 1396; x_wconf 91' lang='lat' dir='ltr'>siquis</span> <span class='ocrx_word' id='word_1_84' title='bbox 620 1316 623 1395; x_wconf 77' lang='lat' dir='ltr'>l</span> <span class='ocrx_word' id='word_1_85' title='bbox 649 1314 726 1374; x_wconf 91' lang='lat' dir='ltr'>dieat</span> <span class='ocrx_word' id='word_1_86' title='bbox 741 1314 828 1374; x_wconf 87' lang='lat' dir='ltr'>vllam</span> <span class='ocrx_word' id='word_1_87' title='bbox 843 1332 898 1392; x_wconf 94' lang='lat' dir='ltr'>pro</span> <span class='ocrx_word' id='word_1_88' title='bbox 912 1312 1025 1383; x_wconf 88' lang='lat' dir='ltr'>villam,</span> <span class='ocrx_word' id='word_1_89' title='bbox 1048 1313 1116 1374; x_wconf 90' lang='lat' dir='ltr'>mile</span> <span class='ocrx_word' id='word_1_90' title='bbox 1132 1332 1187 1393; x_wconf 94' lang='lat' dir='ltr'>pro</span> <span class='ocrx_word' id='word_1_91' title='bbox 1203 1314 1296 1383; x_wconf 90' lang='lat' dir='ltr'>mille,</span> <span class='ocrx_word' id='word_1_92' title='bbox 1319 1321 1370 1374; x_wconf 94' lang='lat' dir='ltr'>aut</span> <span class='ocrx_word' id='word_1_93' title='bbox 1392 1333 1526 1375; x_wconf 91' lang='lat' dir='ltr'>socerum</span> <span class='ocrx_word' id='word_1_94' title='bbox 1542 1315 1646 1387; x_wconf 82' lang='lat' dir='ltr'>rolens</span> 
     </span>
     <span class='ocr_line' id='line_1_11' title="bbox 327 1405 1645 1495; baseline -0.001 -17"><span class='ocrx_word' id='word_1_95' title='bbox 327 1418 458 1478; x_wconf 80' lang='lat' dir='ltr'>&#39;dicere</span> <span class='ocrx_word' id='word_1_96' title='bbox 481 1405 559 1478; x_wconf 79' lang='lat' dir='ltr'>dieat</span> <span class='ocrx_word' id='word_1_97' title='bbox 586 1435 703 1477; x_wconf 92' lang='lat' dir='ltr'>socrum</span> <span class='ocrx_word' id='word_1_98' title='bbox 732 1434 846 1484; x_wconf 92' lang='lat' dir='ltr'>meum,</span> <span class='ocrx_word' id='word_1_99' title='bbox 874 1405 906 1475; x_wconf 92' lang='lat' dir='ltr'>in</span> <span class='ocrx_word' id='word_1_100' title='bbox 928 1433 986 1494; x_wconf 90' lang='lat' dir='ltr'>quo</span> <span class='ocrx_word' id='word_1_101' title='bbox 1008 1415 1065 1474; x_wconf 91' lang='lat' dir='ltr'>erit</span> <span class='ocrx_word' id='word_1_102' title='bbox 1088 1423 1118 1475; x_wconf 88' lang='lat' dir='ltr'>et</span> <span class='ocrx_word' id='word_1_103' title='bbox 1139 1415 1345 1484; x_wconf 88' lang='lat' dir='ltr'>soloecismus,</span> <span class='ocrx_word' id='word_1_104' title='bbox 1373 1418 1441 1495; x_wconf 92' lang='lat' dir='ltr'>quia</span> <span class='ocrx_word' id='word_1_105' title='bbox 1470 1424 1572 1477; x_wconf 91' lang='lat' dir='ltr'>contra</span> <span class='ocrx_word' id='word_1_106' title='bbox 1595 1436 1645 1477; x_wconf 92' lang='lat' dir='ltr'>re·</span> 
     </span>
     <span class='ocr_line' id='line_1_12' title="bbox 357 1515 1671 1598; baseline 0.002 -20"><span class='ocrx_word' id='word_1_107' title='bbox 357 1520 456 1598; x_wconf 84' lang='lat' dir='ltr'>gulam</span> <span class='ocrx_word' id='word_1_108' title='bbox 486 1526 530 1579; x_wconf 94' lang='lat' dir='ltr'>est</span> <span class='ocrx_word' id='word_1_109' title='bbox 560 1519 691 1580; x_wconf 89' lang='lat' dir='ltr'>eiusdem</span> <span class='ocrx_word' id='word_1_110' title='bbox 721 1517 863 1586; x_wconf 88' lang='lat' dir='ltr'>nominis;</span> <span class='ocrx_word' id='word_1_111' title='bbox 892 1515 1037 1595; x_wconf 85' lang='lat' dir='ltr'>syllabae,</span> <span class='ocrx_word' id='word_1_112' title='bbox 1065 1524 1098 1576; x_wconf 94' lang='lat' dir='ltr'>ut</span> <span class='ocrx_word' id='word_1_113' title='bbox 1125 1517 1303 1578; x_wconf 90' lang='lat' dir='ltr'>salmentum</span> <span class='ocrx_word' id='word_1_114' title='bbox 1330 1536 1385 1597; x_wconf 93' lang='lat' dir='ltr'>pro</span> <span class='ocrx_word' id='word_1_115' title='bbox 1418 1518 1671 1588; x_wconf 89' lang='lat' dir='ltr'>salsamentum;1</span> 
     </span>
     <span class='ocr_line' id='line_1_13' title="bbox 360 1618 1646 1700; baseline 0 -18"><span class='ocrx_word' id='word_1_116' title='bbox 360 1623 516 1700; x_wconf 90' lang='lat' dir='ltr'>temporis,</span> <span class='ocrx_word' id='word_1_117' title='bbox 541 1629 573 1681; x_wconf 92' lang='lat' dir='ltr'>ut</span> <span class='ocrx_word' id='word_1_118' title='bbox 596 1621 689 1698; x_wconf 89' lang='lat' dir='ltr'>siquis</span> <span class='ocrx_word' id='word_1_119' title='bbox 704 1619 781 1680; x_wconf 91' lang='lat' dir='ltr'>dicat</span> <span class='ocrx_word' id='word_1_120' title='bbox 797 1624 896 1678; x_wconf 91' lang='lat' dir='ltr'>orator</span> <span class='ocrx_word' id='word_1_121' title='bbox 912 1625 1047 1697; x_wconf 91' lang='lat' dir='ltr'>correpta</span> <span class='ocrx_word' id='word_1_122' title='bbox 1070 1618 1169 1697; x_wconf 90' lang='lat' dir='ltr'>priore</span> <span class='ocrx_word' id='word_1_123' title='bbox 1186 1619 1305 1698; x_wconf 76' lang='lat' dir='ltr'>syllaba,</span> <span class='ocrx_word' id='word_1_124' title='bbox 1321 1620 1399 1698; x_wconf 89' lang='lat' dir='ltr'>quod</span> <span class='ocrx_word' id='word_1_125' title='bbox 1421 1620 1517 1699; x_wconf 90' lang='lat' dir='ltr'>ipsum</span> <span class='ocrx_word' id='word_1_126' title='bbox 1540 1622 1646 1682; x_wconf 91' lang='lat' dir='ltr'>vitium</span> 
     </span>
     <span class='ocr_line' id='line_1_14' title="bbox 358 1721 1647 1803; baseline 0 -20"><span class='ocrx_word' id='word_1_127' title='bbox 358 1724 496 1784; x_wconf 75' lang='lat' dir='ltr'>dirorum</span> <span class='ocrx_word' id='word_1_128' title='bbox 520 1722 646 1801; x_wconf 90' lang='lat' dir='ltr'>speciale</span> <span class='ocrx_word' id='word_1_129' title='bbox 670 1729 730 1789; x_wconf 85' lang='lat' dir='ltr'>est:</span> <span class='ocrx_word' id='word_1_130' title='bbox 754 1727 908 1789; x_wconf 85' lang='lat' dir='ltr'>accentus,</span> <span class='ocrx_word' id='word_1_131' title='bbox 933 1727 965 1779; x_wconf 95' lang='lat' dir='ltr'>ut</span> <span class='ocrx_word' id='word_1_132' title='bbox 987 1721 1078 1795; x_wconf 78' lang='lat' dir='ltr'>siquis</span> <span class='ocrx_word' id='word_1_133' title='bbox 1105 1728 1253 1781; x_wconf 92' lang='lat' dir='ltr'>oratorem</span> <span class='ocrx_word' id='word_1_134' title='bbox 1281 1723 1383 1782; x_wconf 83' lang='lat' dir='ltr'>diceus</span> <span class='ocrx_word' id='word_1_135' title='bbox 1404 1723 1534 1803; x_wconf 87' lang='lat' dir='ltr'>priorem</span> <span class='ocrx_word' id='word_1_136' title='bbox 1558 1723 1647 1802; x_wconf 86' lang='lat' dir='ltr'>sylla-</span> 
     </span>
     <span class='ocr_line' id='line_1_15' title="bbox 358 1823 1648 1902; baseline -0.002 -18"><span class='ocrx_word' id='word_1_137' title='bbox 358 1824 426 1884; x_wconf 89' lang='lat' dir='ltr'>bam</span> <span class='ocrx_word' id='word_1_138' title='bbox 450 1825 640 1885; x_wconf 83' lang='lat' dir='ltr'>circumflexo</span> <span class='ocrx_word' id='word_1_139' title='bbox 662 1831 785 1884; x_wconf 87' lang='lat' dir='ltr'>accentu</span> <span class='ocrx_word' id='word_1_140' title='bbox 808 1823 995 1901; x_wconf 89' lang='lat' dir='ltr'>pronuntiet;</span> <span class='ocrx_word' id='word_1_141' title='bbox 1019 1823 1221 1900; x_wconf 86' lang='lat' dir='ltr'>aspirationis,</span> <span class='ocrx_word' id='word_1_142' title='bbox 1245 1830 1278 1882; x_wconf 95' lang='lat' dir='ltr'>ut</span> <span class='ocrx_word' id='word_1_143' title='bbox 1292 1824 1384 1902; x_wconf 90' lang='lat' dir='ltr'>siquis</span> <span class='ocrx_word' id='word_1_144' title='bbox 1399 1842 1520 1884; x_wconf 93' lang='lat' dir='ltr'>onorem</span> <span class='ocrx_word' id='word_1_145' title='bbox 1543 1824 1648 1884; x_wconf 86' lang='lat' dir='ltr'>dicens</span> 
     </span>
     <span class='ocr_line' id='line_1_16' title="bbox 358 1923 1648 2004; baseline 0 -18"><span class='ocrx_word' id='word_1_146' title='bbox 358 1928 431 1986; x_wconf 90' lang='lat' dir='ltr'>eitra</span> <span class='ocrx_word' id='word_1_147' title='bbox 461 1927 669 2004; x_wconf 88' lang='lat' dir='ltr'>aspirationem</span> <span class='ocrx_word' id='word_1_148' title='bbox 699 1926 829 2003; x_wconf 86' lang='lat' dir='ltr'>priorem</span> <span class='ocrx_word' id='word_1_149' title='bbox 857 1923 998 2003; x_wconf 90' lang='lat' dir='ltr'>syllabam</span> <span class='ocrx_word' id='word_1_150' title='bbox 1032 1925 1174 2002; x_wconf 80' lang='lat' dir='ltr'>proterat.</span> <span class='ocrx_word' id='word_1_151' title='bbox 1218 1943 1272 2002; x_wconf 92' lang='lat' dir='ltr'>per</span> <span class='ocrx_word' id='word_1_152' title='bbox 1305 1926 1538 1985; x_wconf 90' lang='lat' dir='ltr'>immutationem</span> <span class='ocrx_word' id='word_1_153' title='bbox 1571 1927 1648 1986; x_wconf 81' lang='lat' dir='ltr'>stunt</span> 
     </span>
     <span class='ocr_line' id='line_1_17' title="bbox 359 2025 1672 2106; baseline 0 -19"><span class='ocrx_word' id='word_1_154' title='bbox 359 2027 536 2087; x_wconf 91' lang='lat' dir='ltr'>barbarismi</span> <span class='ocrx_word' id='word_1_155' title='bbox 558 2029 615 2088; x_wconf 90' lang='lat' dir='ltr'>sic:</span> <span class='ocrx_word' id='word_1_156' title='bbox 639 2027 770 2095; x_wconf 87' lang='lat' dir='ltr'>litterae,</span> <span class='ocrx_word' id='word_1_157' title='bbox 793 2033 826 2086; x_wconf 92' lang='lat' dir='ltr'>ut</span> <span class='ocrx_word' id='word_1_158' title='bbox 848 2027 940 2106; x_wconf 90' lang='lat' dir='ltr'>siquis</span> <span class='ocrx_word' id='word_1_159' title='bbox 960 2026 1037 2086; x_wconf 89' lang='lat' dir='ltr'>dicat</span> <span class='ocrx_word' id='word_1_160' title='bbox 1054 2025 1139 2085; x_wconf 89' lang='lat' dir='ltr'>bobis</span> <span class='ocrx_word' id='word_1_161' title='bbox 1160 2045 1214 2104; x_wconf 89' lang='lat' dir='ltr'>pro</span> <span class='ocrx_word' id='word_1_162' title='bbox 1237 2025 1333 2095; x_wconf 85' lang='lat' dir='ltr'>robis,</span> <span class='ocrx_word' id='word_1_163' title='bbox 1357 2045 1444 2105; x_wconf 90' lang='lat' dir='ltr'>peres</span> <span class='ocrx_word' id='word_1_164' title='bbox 1465 2045 1520 2106; x_wconf 94' lang='lat' dir='ltr'>pro</span> <span class='ocrx_word' id='word_1_165' title='bbox 1542 2028 1672 2106; x_wconf 86' lang='lat' dir='ltr'>pedes,1</span> 
     </span>
     <span class='ocr_line' id='line_1_18' title="bbox 357 2127 1647 2209; baseline 0.001 -21"><span class='ocrx_word' id='word_1_166' title='bbox 357 2130 455 2189; x_wconf 90' lang='lat' dir='ltr'>stetim</span> <span class='ocrx_word' id='word_1_167' title='bbox 479 2149 532 2209; x_wconf 91' lang='lat' dir='ltr'>pro</span> <span class='ocrx_word' id='word_1_168' title='bbox 556 2130 670 2197; x_wconf 91' lang='lat' dir='ltr'>statim,</span> <span class='ocrx_word' id='word_1_169' title='bbox 695 2128 772 2208; x_wconf 93' lang='lat' dir='ltr'>quod</span> <span class='ocrx_word' id='word_1_170' title='bbox 795 2129 896 2188; x_wconf 77' lang='lat' dir='ltr'>vitium</span> <span class='ocrx_word' id='word_1_171' title='bbox 918 2127 1034 2207; x_wconf 91' lang='lat' dir='ltr'>plebem</span> <span class='ocrx_word' id='word_1_172' title='bbox 1064 2127 1224 2187; x_wconf 86' lang='lat' dir='ltr'>Romanam</span> <span class='ocrx_word' id='word_1_173' title='bbox 1247 2128 1372 2206; x_wconf 85' lang='lat' dir='ltr'>quadam</span> <span class='ocrx_word' id='word_1_174' title='bbox 1400 2128 1539 2189; x_wconf 89' lang='lat' dir='ltr'>deliciosa</span> <span class='ocrx_word' id='word_1_175' title='bbox 1561 2131 1647 2190; x_wconf 86' lang='lat' dir='ltr'>non&#39;-</span> 
     </span>
     <span class='ocr_line' id='line_1_19' title="bbox 359 2228 1646 2309; baseline 0 -19"><span class='ocrx_word' id='word_1_176' title='bbox 359 2232 425 2290; x_wconf 91' lang='lat' dir='ltr'>tatis</span> <span class='ocrx_word' id='word_1_177' title='bbox 448 2232 602 2291; x_wconf 80' lang='lat' dir='ltr'>allectione</span> <span class='ocrx_word' id='word_1_178' title='bbox 625 2230 804 2308; x_wconf 90' lang='lat' dir='ltr'>corrumpit;</span> <span class='ocrx_word' id='word_1_179' title='bbox 827 2228 972 2308; x_wconf 84' lang='lat' dir='ltr'>syllabae,</span> <span class='ocrx_word' id='word_1_180' title='bbox 995 2237 1028 2288; x_wconf 91' lang='lat' dir='ltr'>ut</span> <span class='ocrx_word' id='word_1_181' title='bbox 1043 2230 1135 2308; x_wconf 91' lang='lat' dir='ltr'>siquis</span> <span class='ocrx_word' id='word_1_182' title='bbox 1150 2229 1226 2289; x_wconf 89' lang='lat' dir='ltr'>dieat</span> <span class='ocrx_word' id='word_1_183' title='bbox 1241 2236 1384 2289; x_wconf 90' lang='lat' dir='ltr'>tarterum</span> <span class='ocrx_word' id='word_1_184' title='bbox 1407 2249 1461 2309; x_wconf 93' lang='lat' dir='ltr'>pro</span> <span class='ocrx_word' id='word_1_185' title='bbox 1484 2238 1646 2299; x_wconf 80' lang='lat' dir='ltr'>tartarum:</span> 
     </span>
     <span class='ocr_line' id='line_1_20' title="bbox 358 2329 1648 2412; baseline 0.001 -20"><span class='ocrx_word' id='word_1_186' title='bbox 358 2333 514 2411; x_wconf 91' lang='lat' dir='ltr'>temporis,</span> <span class='ocrx_word' id='word_1_187' title='bbox 543 2340 576 2393; x_wconf 94' lang='lat' dir='ltr'>ut</span> <span class='ocrx_word' id='word_1_188' title='bbox 603 2332 697 2411; x_wconf 88' lang='lat' dir='ltr'>siquis</span> <span class='ocrx_word' id='word_1_189' title='bbox 725 2332 806 2409; x_wconf 88' lang='lat' dir='ltr'>pices</span> <span class='ocrx_word' id='word_1_190' title='bbox 835 2330 937 2391; x_wconf 85' lang='lat' dir='ltr'>dicens</span> <span class='ocrx_word' id='word_1_191' title='bbox 965 2332 1093 2410; x_wconf 88' lang='lat' dir='ltr'>priorem</span> <span class='ocrx_word' id='word_1_192' title='bbox 1121 2329 1274 2401; x_wconf 82' lang='lat' dir='ltr'>extendat;</span> <span class='ocrx_word' id='word_1_193' title='bbox 1309 2339 1463 2401; x_wconf 89' lang='lat' dir='ltr'>accentus,</span> <span class='ocrx_word' id='word_1_194' title='bbox 1491 2340 1524 2392; x_wconf 92' lang='lat' dir='ltr'>ut</span> <span class='ocrx_word' id='word_1_195' title='bbox 1552 2334 1648 2412; x_wconf 87' lang='lat' dir='ltr'>siquis</span> 
     </span>
     <span class='ocr_line' id='line_1_21' title="bbox 358 2433 1647 2512; baseline 0 -17"><span class='ocrx_word' id='word_1_196' title='bbox 358 2442 505 2495; x_wconf 91' lang='lat' dir='ltr'>oratorem</span> <span class='ocrx_word' id='word_1_197' title='bbox 534 2435 635 2494; x_wconf 89' lang='lat' dir='ltr'>dicens</span> <span class='ocrx_word' id='word_1_198' title='bbox 664 2434 789 2512; x_wconf 88' lang='lat' dir='ltr'>primam</span> <span class='ocrx_word' id='word_1_199' title='bbox 819 2439 919 2500; x_wconf 90' lang='lat' dir='ltr'>acuat;</span> <span class='ocrx_word' id='word_1_200' title='bbox 951 2433 1153 2511; x_wconf 90' lang='lat' dir='ltr'>aspirationis,</span> <span class='ocrx_word' id='word_1_201' title='bbox 1182 2440 1215 2492; x_wconf 92' lang='lat' dir='ltr'>ut</span> <span class='ocrx_word' id='word_1_202' title='bbox 1245 2435 1339 2512; x_wconf 90' lang='lat' dir='ltr'>siquis</span> <span class='ocrx_word' id='word_1_203' title='bbox 1373 2433 1506 2493; x_wconf 86' lang='lat' dir='ltr'>Traciam</span> <span class='ocrx_word' id='word_1_204' title='bbox 1542 2433 1647 2495; x_wconf 89' lang='lat' dir='ltr'>dicens</span> 
     </span>
     <span class='ocr_line' id='line_1_22' title="bbox 358 2534 1667 2615; baseline 0.002 -20"><span class='ocrx_word' id='word_1_205' title='bbox 358 2538 482 2615; x_wconf 88' lang='lat' dir='ltr'>primam</span> <span class='ocrx_word' id='word_1_206' title='bbox 511 2535 661 2596; x_wconf 86' lang='lat' dir='ltr'>subtiliter</span> <span class='ocrx_word' id='word_1_207' title='bbox 684 2536 808 2602; x_wconf 82' lang='lat' dir='ltr'>ecferat,</span> <span class='ocrx_word' id='word_1_208' title='bbox 838 2541 888 2593; x_wconf 96' lang='lat' dir='ltr'>aut</span> <span class='ocrx_word' id='word_1_209' title='bbox 909 2534 1115 2612; x_wconf 81' lang='lat' dir='ltr'>Cbartaginem</span> <span class='ocrx_word' id='word_1_210' title='bbox 1143 2535 1243 2595; x_wconf 89' lang='lat' dir='ltr'>dicens</span> <span class='ocrx_word' id='word_1_211' title='bbox 1272 2535 1397 2612; x_wconf 88' lang='lat' dir='ltr'>primam</span> <span class='ocrx_word' id='word_1_212' title='bbox 1420 2537 1554 2596; x_wconf 88' lang='lat' dir='ltr'>enuntiet</span> <span class='ocrx_word' id='word_1_213' title='bbox 1576 2555 1667 2597; x_wconf 91' lang='lat' dir='ltr'>eum</span> 
     </span>
     <span class='ocr_line' id='line_1_23' title="bbox 358 2635 1646 2718; baseline 0.001 -20"><span class='ocrx_word' id='word_1_214' title='bbox 358 2639 552 2717; x_wconf 88' lang='lat' dir='ltr'>aspiratione,</span> <span class='ocrx_word' id='word_1_215' title='bbox 576 2644 627 2697; x_wconf 91' lang='lat' dir='ltr'>aut</span> <span class='ocrx_word' id='word_1_216' title='bbox 649 2638 675 2696; x_wconf 91' lang='lat' dir='ltr'>si</span> <span class='ocrx_word' id='word_1_217' title='bbox 696 2636 773 2696; x_wconf 88' lang='lat' dir='ltr'>dieat</span> <span class='ocrx_word' id='word_1_218' title='bbox 794 2655 849 2715; x_wconf 92' lang='lat' dir='ltr'>pro</span> <span class='ocrx_word' id='word_1_219' title='bbox 871 2635 952 2696; x_wconf 87' lang='lat' dir='ltr'>Ebro</span> <span class='ocrx_word' id='word_1_220' title='bbox 978 2636 1126 2707; x_wconf 86' lang='lat' dir='ltr'>Hebrum,</span> <span class='ocrx_word' id='word_1_221' title='bbox 1156 2645 1187 2697; x_wconf 94' lang='lat' dir='ltr'>ut</span> <span class='ocrx_word' id='word_1_222' title='bbox 1210 2637 1418 2716; x_wconf 86' lang='lat' dir='ltr'>aspirationem</span> <span class='ocrx_word' id='word_1_223' title='bbox 1442 2638 1529 2699; x_wconf 92' lang='lat' dir='ltr'>addat</span> <span class='ocrx_word' id='word_1_224' title='bbox 1551 2640 1646 2718; x_wconf 90' lang='lat' dir='ltr'>priori</span> 
     </span>
     <span class='ocr_line' id='line_1_24' title="bbox 358 2738 1647 2820; baseline 0.002 -20"><span class='ocrx_word' id='word_1_225' title='bbox 358 2740 502 2820; x_wconf 87' lang='lat' dir='ltr'>syllabae:</span> <span class='ocrx_word' id='word_1_226' title='bbox 533 2740 584 2799; x_wconf 92' lang='lat' dir='ltr'>sed</span> <span class='ocrx_word' id='word_1_227' title='bbox 611 2739 659 2798; x_wconf 90' lang='lat' dir='ltr'>bic</span> <span class='ocrx_word' id='word_1_228' title='bbox 689 2738 793 2798; x_wconf 92' lang='lat' dir='ltr'>modus</span> <span class='ocrx_word' id='word_1_229' title='bbox 822 2739 878 2796; x_wconf 93' lang='lat' dir='ltr'>erit</span> <span class='ocrx_word' id='word_1_230' title='bbox 905 2745 935 2797; x_wconf 89' lang='lat' dir='ltr'>et</span> <span class='ocrx_word' id='word_1_231' title='bbox 963 2757 1016 2817; x_wconf 92' lang='lat' dir='ltr'>per</span> <span class='ocrx_word' id='word_1_232' title='bbox 1044 2739 1247 2798; x_wconf 88' lang='lat' dir='ltr'>adiectionem.</span> <span class='ocrx_word' id='word_1_233' title='bbox 1293 2757 1347 2818; x_wconf 91' lang='lat' dir='ltr'>per</span> <span class='ocrx_word' id='word_1_234' title='bbox 1369 2744 1647 2802; x_wconf 88' lang='lat' dir='ltr'>transmutationem</span> 
     </span>
     <span class='ocr_line' id='line_1_25' title="bbox 358 2838 1647 2921; baseline 0.002 -19"><span class='ocrx_word' id='word_1_235' title='bbox 358 2843 399 2902; x_wconf 91' lang='lat' dir='ltr'>sie</span> <span class='ocrx_word' id='word_1_236' title='bbox 421 2844 496 2902; x_wconf 87' lang='lat' dir='ltr'>liunt</span> <span class='ocrx_word' id='word_1_237' title='bbox 518 2840 711 2902; x_wconf 90' lang='lat' dir='ltr'>barbarismi:</span> <span class='ocrx_word' id='word_1_238' title='bbox 735 2839 865 2908; x_wconf 91' lang='lat' dir='ltr'>litterae,</span> <span class='ocrx_word' id='word_1_239' title='bbox 888 2847 921 2899; x_wconf 93' lang='lat' dir='ltr'>ut</span> <span class='ocrx_word' id='word_1_240' title='bbox 943 2840 1036 2918; x_wconf 92' lang='lat' dir='ltr'>siquis</span> <span class='ocrx_word' id='word_1_241' title='bbox 1058 2839 1136 2899; x_wconf 87' lang='lat' dir='ltr'>dicat</span> <span class='ocrx_word' id='word_1_242' title='bbox 1158 2840 1273 2919; x_wconf 90' lang='lat' dir='ltr'>perlum</span> <span class='ocrx_word' id='word_1_243' title='bbox 1296 2859 1351 2919; x_wconf 93' lang='lat' dir='ltr'>pro</span> <span class='ocrx_word' id='word_1_244' title='bbox 1373 2838 1378 2921; x_wconf 75' lang='lat' dir='ltr'>l</span> <span class='ocrx_word' id='word_1_245' title='bbox 1403 2842 1551 2920; x_wconf 91' lang='lat' dir='ltr'>praelum,</span> <span class='ocrx_word' id='word_1_246' title='bbox 1574 2844 1647 2904; x_wconf 90' lang='lat' dir='ltr'>reil-</span> 
     </span>
     <span class='ocr_line' id='line_1_26' title="bbox 357 2942 1646 3025; baseline 0.002 -22"><span class='ocrx_word' id='word_1_247' title='bbox 357 2962 448 3023; x_wconf 90' lang='lat' dir='ltr'>qnum</span> <span class='ocrx_word' id='word_1_248' title='bbox 470 2961 524 3022; x_wconf 94' lang='lat' dir='ltr'>pro</span> <span class='ocrx_word' id='word_1_249' title='bbox 547 2942 708 3022; x_wconf 89' lang='lat' dir='ltr'>reliquum,</span> <span class='ocrx_word' id='word_1_250' title='bbox 733 2942 914 3020; x_wconf 89' lang='lat' dir='ltr'>interpertor</span> <span class='ocrx_word' id='word_1_251' title='bbox 942 2959 996 3020; x_wconf 94' lang='lat' dir='ltr'>pro</span> <span class='ocrx_word' id='word_1_252' title='bbox 1024 2942 1219 3021; x_wconf 90' lang='lat' dir='ltr'>interpretor,</span> <span class='ocrx_word' id='word_1_253' title='bbox 1244 2943 1342 3002; x_wconf 92' lang='lat' dir='ltr'>coacla</span> <span class='ocrx_word' id='word_1_254' title='bbox 1365 2961 1419 3021; x_wconf 94' lang='lat' dir='ltr'>pro</span> <span class='ocrx_word' id='word_1_255' title='bbox 1441 2944 1555 3014; x_wconf 89' lang='lat' dir='ltr'>cloaca;</span> <span class='ocrx_word' id='word_1_256' title='bbox 1584 2946 1646 3025; x_wconf 90' lang='lat' dir='ltr'>syl-</span> 
     </span>
     <span class='ocr_line' id='line_1_27' title="bbox 358 3042 1667 3125; baseline 0 -19"><span class='ocrx_word' id='word_1_257' title='bbox 358 3045 456 3114; x_wconf 91' lang='lat' dir='ltr'>labae,</span> <span class='ocrx_word' id='word_1_258' title='bbox 480 3053 513 3106; x_wconf 90' lang='lat' dir='ltr'>ut</span> <span class='ocrx_word' id='word_1_259' title='bbox 535 3044 689 3123; x_wconf 89' lang='lat' dir='ltr'>displicina</span> <span class='ocrx_word' id='word_1_260' title='bbox 712 3061 765 3122; x_wconf 92' lang='lat' dir='ltr'>pro</span> <span class='ocrx_word' id='word_1_261' title='bbox 788 3042 957 3121; x_wconf 90' lang='lat' dir='ltr'>disciplina;</span> <span class='ocrx_word' id='word_1_262' title='bbox 985 3045 1143 3122; x_wconf 91' lang='lat' dir='ltr'>temporis,</span> <span class='ocrx_word' id='word_1_263' title='bbox 1172 3051 1204 3103; x_wconf 89' lang='lat' dir='ltr'>ut</span> <span class='ocrx_word' id='word_1_264' title='bbox 1226 3045 1317 3122; x_wconf 89' lang='lat' dir='ltr'>siquis</span> <span class='ocrx_word' id='word_1_265' title='bbox 1340 3045 1441 3105; x_wconf 89' lang='lat' dir='ltr'>dicens</span> <span class='ocrx_word' id='word_1_266' title='bbox 1468 3047 1550 3124; x_wconf 89' lang='lat' dir='ltr'>pices</span> <span class='ocrx_word' id='word_1_267' title='bbox 1571 3066 1667 3125; x_wconf 92' lang='lat' dir='ltr'>pro-</span> 
     </span>
     <span class='ocr_line' id='line_1_28' title="bbox 358 3144 1646 3226; baseline 0.002 -20"><span class='ocrx_word' id='word_1_268' title='bbox 358 3149 446 3208; x_wconf 87' lang='lat' dir='ltr'>ducta</span> <span class='ocrx_word' id='word_1_269' title='bbox 468 3147 567 3226; x_wconf 90' lang='lat' dir='ltr'>priore</span> <span class='ocrx_word' id='word_1_270' title='bbox 591 3154 620 3205; x_wconf 91' lang='lat' dir='ltr'>et</span> <span class='ocrx_word' id='word_1_271' title='bbox 643 3152 779 3223; x_wconf 90' lang='lat' dir='ltr'>correpta</span> <span class='ocrx_word' id='word_1_272' title='bbox 796 3147 931 3224; x_wconf 81' lang='lat' dir='ltr'>sequenti</span> <span class='ocrx_word' id='word_1_273' title='bbox 953 3144 1140 3224; x_wconf 81' lang='lat' dir='ltr'>pronuntiet:</span> <span class='ocrx_word' id='word_1_274' title='bbox 1164 3154 1317 3214; x_wconf 90' lang='lat' dir='ltr'>accentus,</span> <span class='ocrx_word' id='word_1_275' title='bbox 1343 3155 1374 3205; x_wconf 91' lang='lat' dir='ltr'>ut</span> <span class='ocrx_word' id='word_1_276' title='bbox 1389 3148 1480 3226; x_wconf 90' lang='lat' dir='ltr'>siquis</span> <span class='ocrx_word' id='word_1_277' title='bbox 1495 3156 1646 3209; x_wconf 90' lang='lat' dir='ltr'>oratorem</span> 
     </span>
     <span class='ocr_line' id='line_1_29' title="bbox 358 3245 1646 3328; baseline 0.003 -20"><span class='ocrx_word' id='word_1_278' title='bbox 358 3250 552 3328; x_wconf 89' lang='lat' dir='ltr'>pronuntians</span> <span class='ocrx_word' id='word_1_279' title='bbox 579 3249 704 3327; x_wconf 91' lang='lat' dir='ltr'>primam</span> <span class='ocrx_word' id='word_1_280' title='bbox 734 3245 874 3326; x_wconf 87' lang='lat' dir='ltr'>syllabam</span> <span class='ocrx_word' id='word_1_281' title='bbox 898 3246 1126 3317; x_wconf 76' lang='lat' dir='ltr'>circumflectat3</span> <span class='ocrx_word' id='word_1_282' title='bbox 1155 3248 1357 3327; x_wconf 89' lang='lat' dir='ltr'>aspirationis,</span> <span class='ocrx_word' id='word_1_283' title='bbox 1381 3258 1413 3309; x_wconf 89' lang='lat' dir='ltr'>ut</span> <span class='ocrx_word' id='word_1_284' title='bbox 1436 3250 1526 3328; x_wconf 89' lang='lat' dir='ltr'>siquis</span> <span class='ocrx_word' id='word_1_285' title='bbox 1549 3249 1646 3312; x_wconf 81' lang='lat' dir='ltr'>&#39;lbra-</span> 
     </span>
     <span class='ocr_line' id='line_1_30' title="bbox 357 3349 1648 3429; baseline 0.002 -20"><span class='ocrx_word' id='word_1_286' title='bbox 357 3353 434 3411; x_wconf 88' lang='lat' dir='ltr'>riam</span> <span class='ocrx_word' id='word_1_287' title='bbox 456 3369 595 3429; x_wconf 85' lang='lat' dir='ltr'>perversa</span> <span class='ocrx_word' id='word_1_288' title='bbox 619 3349 796 3427; x_wconf 88' lang='lat' dir='ltr'>aspiratione</span> <span class='ocrx_word' id='word_1_289' title='bbox 819 3350 952 3428; x_wconf 80' lang='lat' dir='ltr'>proterat</span> <span class='ocrx_word' id='word_1_290' title='bbox 974 3356 1004 3408; x_wconf 90' lang='lat' dir='ltr'>et</span> <span class='ocrx_word' id='word_1_291' title='bbox 1025 3349 1103 3411; x_wconf 89' lang='lat' dir='ltr'>dieat</span> <span class='ocrx_word' id='word_1_292' title='bbox 1125 3349 1290 3410; x_wconf 88' lang='lat' dir='ltr'>Trachiam.</span> <span class='ocrx_word' id='word_1_293' title='bbox 1335 3351 1366 3410; x_wconf 91' lang='lat' dir='ltr'>bi</span> <span class='ocrx_word' id='word_1_294' title='bbox 1388 3359 1457 3411; x_wconf 91' lang='lat' dir='ltr'>sunt</span> <span class='ocrx_word' id='word_1_295' title='bbox 1478 3352 1541 3411; x_wconf 86' lang='lat' dir='ltr'>lere</span> <span class='ocrx_word' id='word_1_296' title='bbox 1565 3353 1648 3413; x_wconf 90' lang='lat' dir='ltr'>modi</span> 
     </span>
     <span class='ocr_line' id='line_1_31' title="bbox 358 3449 1647 3531; baseline 0.003 -21"><span class='ocrx_word' id='word_1_297' title='bbox 358 3451 626 3520; x_wconf 90' lang='lat' dir='ltr'>barbarismorum,</span> <span class='ocrx_word' id='word_1_298' title='bbox 651 3469 685 3510; x_wconf 81' lang='lat' dir='ltr'>ex</span> <span class='ocrx_word' id='word_1_299' title='bbox 708 3449 815 3529; x_wconf 88' lang='lat' dir='ltr'>quibus</span> <span class='ocrx_word' id='word_1_300' title='bbox 839 3459 961 3530; x_wconf 92' lang='lat' dir='ltr'>apparet</span> <span class='ocrx_word' id='word_1_301' title='bbox 983 3458 1012 3511; x_wconf 92' lang='lat' dir='ltr'>et</span> <span class='ocrx_word' id='word_1_302' title='bbox 1041 3453 1218 3531; x_wconf 90' lang='lat' dir='ltr'>aspiratione</span> <span class='ocrx_word' id='word_1_303' title='bbox 1241 3460 1271 3512; x_wconf 92' lang='lat' dir='ltr'>et</span> <span class='ocrx_word' id='word_1_304' title='bbox 1293 3460 1417 3512; x_wconf 88' lang='lat' dir='ltr'>accentu</span> <span class='ocrx_word' id='word_1_305' title='bbox 1439 3471 1497 3513; x_wconf 92' lang='lat' dir='ltr'>non</span> <span class='ocrx_word' id='word_1_306' title='bbox 1519 3455 1561 3512; x_wconf 90' lang='lat' dir='ltr'>ita</span> <span class='ocrx_word' id='word_1_307' title='bbox 1584 3456 1647 3515; x_wconf 87' lang='lat' dir='ltr'>lre·</span> 
     </span>
     <span class='ocr_line' id='line_1_32' title="bbox 358 3552 1646 3634; baseline 0.003 -21"><span class='ocrx_word' id='word_1_308' title='bbox 358 3561 484 3633; x_wconf 92' lang='lat' dir='ltr'>quenter</span> <span class='ocrx_word' id='word_1_309' title='bbox 506 3554 570 3614; x_wconf 86' lang='lat' dir='ltr'>[ieri</span> <span class='ocrx_word' id='word_1_310' title='bbox 592 3552 815 3632; x_wconf 91' lang='lat' dir='ltr'>metaplasmos,</span> <span class='ocrx_word' id='word_1_311' title='bbox 840 3561 870 3612; x_wconf 90' lang='lat' dir='ltr'>et</span> <span class='ocrx_word' id='word_1_312' title='bbox 891 3553 1019 3612; x_wconf 89' lang='lat' dir='ltr'>vicissim</span> <span class='ocrx_word' id='word_1_313' title='bbox 1042 3553 1154 3632; x_wconf 89' lang='lat' dir='ltr'>aliquos</span> <span class='ocrx_word' id='word_1_314' title='bbox 1175 3554 1279 3614; x_wconf 91' lang='lat' dir='ltr'>modos</span> <span class='ocrx_word' id='word_1_315' title='bbox 1302 3555 1337 3614; x_wconf 94' lang='lat' dir='ltr'>de</span> <span class='ocrx_word' id='word_1_316' title='bbox 1361 3555 1562 3634; x_wconf 90' lang='lat' dir='ltr'>metaplasmis</span> <span class='ocrx_word' id='word_1_317' title='bbox 1584 3575 1646 3617; x_wconf 88' lang='lat' dir='ltr'>non</span> 
     </span>
     <span class='ocr_line' id='line_1_33' title="bbox 359 3653 1648 3735; baseline 0.004 -21"><span class='ocrx_word' id='word_1_318' title='bbox 359 3656 469 3735; x_wconf 89' lang='lat' dir='ltr'>positos</span> <span class='ocrx_word' id='word_1_319' title='bbox 492 3675 508 3714; x_wconf 95' lang='lat' dir='ltr'>a</span> <span class='ocrx_word' id='word_1_320' title='bbox 531 3653 741 3734; x_wconf 89' lang='lat' dir='ltr'>scriptoribus,</span> <span class='ocrx_word' id='word_1_321' title='bbox 764 3661 798 3713; x_wconf 94' lang='lat' dir='ltr'>ut</span> <span class='ocrx_word' id='word_1_322' title='bbox 821 3653 998 3713; x_wconf 91' lang='lat' dir='ltr'>barbarismi</span> <span class='ocrx_word' id='word_1_323' title='bbox 1021 3654 1155 3715; x_wconf 89' lang='lat' dir='ltr'>similiter</span> <span class='ocrx_word' id='word_1_324' title='bbox 1170 3658 1235 3716; x_wconf 87' lang='lat' dir='ltr'>lieri</span> <span class='ocrx_word' id='word_1_325' title='bbox 1256 3675 1343 3734; x_wconf 90' lang='lat' dir='ltr'>posse</span> <span class='ocrx_word' id='word_1_326' title='bbox 1367 3656 1529 3727; x_wconf 88' lang='lat' dir='ltr'>videantur,</span> <span class='ocrx_word' id='word_1_327' title='bbox 1553 3659 1648 3719; x_wconf 85' lang='lat' dir='ltr'>veluti</span> 
     </span>
     <span class='ocr_line' id='line_1_34' title="bbox 359 3755 1652 3840; baseline 0.005 -24"><span class='ocrx_word' id='word_1_328' title='bbox 359 3766 404 3818; x_wconf 89' lang='lat' dir='ltr'>est</span> <span class='ocrx_word' id='word_1_329' title='bbox 426 3758 568 3817; x_wconf 86' lang='lat' dir='ltr'>diaeresis</span> <span class='ocrx_word' id='word_1_330' title='bbox 596 3763 626 3815; x_wconf 87' lang='lat' dir='ltr'>et</span> <span class='ocrx_word' id='word_1_331' title='bbox 654 3755 866 3835; x_wconf 88' lang='lat' dir='ltr'>episynalipbe.</span> <span class='ocrx_word' id='word_1_332' title='bbox 912 3756 963 3815; x_wconf 87' lang='lat' dir='ltr'>sed</span> <span class='ocrx_word' id='word_1_333' title='bbox 991 3756 1044 3816; x_wconf 92' lang='lat' dir='ltr'>hos</span> <span class='ocrx_word' id='word_1_334' title='bbox 1072 3756 1174 3818; x_wconf 92' lang='lat' dir='ltr'>modos</span> <span class='ocrx_word' id='word_1_335' title='bbox 1201 3766 1232 3818; x_wconf 90' lang='lat' dir='ltr'>et</span> <span class='ocrx_word' id='word_1_336' title='bbox 1260 3766 1391 3828; x_wconf 89' lang='lat' dir='ltr'>eeteros,</span> <span class='ocrx_word' id='word_1_337' title='bbox 1419 3759 1528 3840; x_wconf 92' lang='lat' dir='ltr'>quibus</span> <span class='ocrx_word' id='word_1_338' title='bbox 1549 3769 1652 3822; x_wconf 91' lang='lat' dir='ltr'>meta-</span> 
     </span>
     <span class='ocr_line' id='line_1_35' title="bbox 358 3857 1648 3941; baseline 0.005 -23"><span class='ocrx_word' id='word_1_339' title='bbox 358 3860 462 3939; x_wconf 90' lang='lat' dir='ltr'>plasmi</span> <span class='ocrx_word' id='word_1_340' title='bbox 485 3861 574 3927; x_wconf 83' lang='lat' dir='ltr'>fiunt,</span> <span class='ocrx_word' id='word_1_341' title='bbox 604 3859 626 3917; x_wconf 88' lang='lat' dir='ltr'>si</span> <span class='ocrx_word' id='word_1_342' title='bbox 650 3857 775 3917; x_wconf 86' lang='lat' dir='ltr'>velimus</span> <span class='ocrx_word' id='word_1_343' title='bbox 803 3857 1037 3919; x_wconf 88' lang='lat' dir='ltr'>animadvertere</span> <span class='ocrx_word' id='word_1_344' title='bbox 1064 3879 1119 3938; x_wconf 92' lang='lat' dir='ltr'>per</span> <span class='ocrx_word' id='word_1_345' title='bbox 1141 3861 1209 3920; x_wconf 86' lang='lat' dir='ltr'>vitia</span> <span class='ocrx_word' id='word_1_346' title='bbox 1232 3879 1290 3920; x_wconf 92' lang='lat' dir='ltr'>non</span> <span class='ocrx_word' id='word_1_347' title='bbox 1314 3861 1407 3921; x_wconf 93' lang='lat' dir='ltr'>solum</span> <span class='ocrx_word' id='word_1_348' title='bbox 1431 3861 1568 3941; x_wconf 86' lang='lat' dir='ltr'>specialia</span> <span class='ocrx_word' id='word_1_349' title='bbox 1592 3863 1648 3924; x_wconf 93' lang='lat' dir='ltr'>ho·</span> 
     </span>
     <span class='ocr_line' id='line_1_36' title="bbox 359 3958 1649 4037; baseline 0.005 -17"><span class='ocrx_word' id='word_1_350' title='bbox 359 3963 484 4029; x_wconf 91' lang='lat' dir='ltr'>minum,</span> <span class='ocrx_word' id='word_1_351' title='bbox 513 3959 564 4019; x_wconf 92' lang='lat' dir='ltr'>sed</span> <span class='ocrx_word' id='word_1_352' title='bbox 594 3958 741 4036; x_wconf 83' lang='lat' dir='ltr'>generalia</span> <span class='ocrx_word' id='word_1_353' title='bbox 771 3959 954 4037; x_wconf 92' lang='lat' dir='ltr'>quarundam</span> <span class='ocrx_word' id='word_1_354' title='bbox 984 3962 1148 4031; x_wconf 90' lang='lat' dir='ltr'>nationum,</span> <span class='ocrx_word' id='word_1_355' title='bbox 1180 3963 1448 4023; x_wconf 84' lang='lat' dir='ltr'>animadvertemus</span> <span class='ocrx_word' id='word_1_356' title='bbox 1476 3965 1566 4025; x_wconf 88' lang='lat' dir='ltr'>etiam</span> <span class='ocrx_word' id='word_1_357' title='bbox 1591 3965 1649 4027; x_wconf 91' lang='lat' dir='ltr'>bos</span> 
     </span>
     <span class='ocr_line' id='line_1_37' title="bbox 358 4059 1670 4143; baseline 0.005 -22"><span class='ocrx_word' id='word_1_358' title='bbox 358 4062 459 4121; x_wconf 89' lang='lat' dir='ltr'>modos</span> <span class='ocrx_word' id='word_1_359' title='bbox 487 4061 516 4120; x_wconf 94' lang='lat' dir='ltr'>in</span> <span class='ocrx_word' id='word_1_360' title='bbox 547 4059 739 4120; x_wconf 89' lang='lat' dir='ltr'>barbarismis</span> <span class='ocrx_word' id='word_1_361' title='bbox 768 4078 848 4128; x_wconf 89' lang='lat' dir='ltr'>esse,</span> <span class='ocrx_word' id='word_1_362' title='bbox 877 4080 950 4140; x_wconf 90' lang='lat' dir='ltr'>quos</span> <span class='ocrx_word' id='word_1_363' title='bbox 979 4064 1139 4141; x_wconf 90' lang='lat' dir='ltr'>scriptores</span> <span class='ocrx_word' id='word_1_364' title='bbox 1160 4066 1437 4143; x_wconf 86' lang='lat' dir='ltr'>praetermiserunt.</span> <span class='ocrx_word' id='word_1_365' title='bbox 1482 4084 1550 4126; x_wconf 93' lang='lat' dir='ltr'>nam</span> <span class='ocrx_word' id='word_1_366' title='bbox 1574 4086 1670 4128; x_wconf 87' lang='lat' dir='ltr'>ecee</span> 
     </span>
     <span class='ocr_line' id='line_1_38' title="bbox 357 4160 1648 4246; baseline 0.005 -23"><span class='ocrx_word' id='word_1_367' title='bbox 357 4182 454 4223; x_wconf 91' lang='lat' dir='ltr'>nonne</span> <span class='ocrx_word' id='word_1_368' title='bbox 484 4163 599 4221; x_wconf 89' lang='lat' dir='ltr'>videtur</span> <span class='ocrx_word' id='word_1_369' title='bbox 626 4180 680 4240; x_wconf 92' lang='lat' dir='ltr'>per</span> <span class='ocrx_word' id='word_1_370' title='bbox 708 4160 855 4221; x_wconf 85' lang='lat' dir='ltr'>diaeresin</span> <span class='ocrx_word' id='word_1_371' title='bbox 885 4164 983 4223; x_wconf 90' lang='lat' dir='ltr'>lacere</span> <span class='ocrx_word' id='word_1_372' title='bbox 1013 4164 1244 4233; x_wconf 80' lang='lat' dir='ltr'>barbarismum,</span> <span class='ocrx_word' id='word_1_373' title='bbox 1279 4169 1343 4246; x_wconf 91' lang='lat' dir='ltr'>qui,</span> <span class='ocrx_word' id='word_1_374' title='bbox 1379 4177 1410 4227; x_wconf 93' lang='lat' dir='ltr'>ut</span> <span class='ocrx_word' id='word_1_375' title='bbox 1438 4167 1515 4227; x_wconf 88' lang='lat' dir='ltr'>dicat</span> <span class='ocrx_word' id='word_1_376' title='bbox 1548 4169 1648 4237; x_wconf 89' lang='lat' dir='ltr'>solvit,</span> 
     </span>
     <span class='ocr_line' id='line_1_39' title="bbox 357 4263 1649 4350; baseline 0.005 -25"><span class='ocrx_word' id='word_1_377' title='bbox 357 4264 435 4345; x_wconf 89' lang='lat' dir='ltr'>quod</span> <span class='ocrx_word' id='word_1_378' title='bbox 456 4269 500 4324; x_wconf 88' lang='lat' dir='ltr'>est</span> <span class='ocrx_word' id='word_1_379' title='bbox 522 4263 711 4342; x_wconf 86' lang='lat' dir='ltr'>disyllabum,</span> <span class='ocrx_word' id='word_1_380' title='bbox 736 4264 807 4324; x_wconf 89' lang='lat' dir='ltr'>dicit</span> <span class='ocrx_word' id='word_1_381' title='bbox 829 4265 935 4324; x_wconf 78' lang='lat' dir='ltr'>soluit?</span> <span class='ocrx_word' id='word_1_382' title='bbox 964 4273 992 4324; x_wconf 89' lang='lat' dir='ltr'>et</span> <span class='ocrx_word' id='word_1_383' title='bbox 1020 4285 1136 4327; x_wconf 88' lang='lat' dir='ltr'>rursum</span> <span class='ocrx_word' id='word_1_384' title='bbox 1167 4287 1263 4328; x_wconf 90' lang='lat' dir='ltr'>nonne</span> <span class='ocrx_word' id='word_1_385' title='bbox 1286 4270 1403 4328; x_wconf 80' lang='lat' dir='ltr'>ridetur</span> <span class='ocrx_word' id='word_1_386' title='bbox 1432 4289 1485 4348; x_wconf 86' lang='lat' dir='ltr'>per</span> <span class='ocrx_word' id='word_1_387' title='bbox 1507 4272 1649 4350; x_wconf 90' lang='lat' dir='ltr'>episyna-</span> 
     </span>
    </p>
   </div>
   <div class='ocr_carea' id='block_1_3' title="bbox 356 4467 1651 4954">
    <p class='ocr_par' dir='ltr' id='par_1_3' title="bbox 356 4467 1651 4954">
     <span class='ocr_line' id='line_1_40' title="bbox 425 4467 1650 4532; baseline 0.006 -13"><span class='ocrx_word' id='word_1_388' title='bbox 425 4474 486 4519; x_wconf 84' lang='lat' dir='ltr'>4ut</span> <span class='ocrx_word' id='word_1_389' title='bbox 507 4470 549 4532; x_wconf 87' lang='lat' dir='ltr'>qni</span> <span class='ocrx_word' id='word_1_390' title='bbox 568 4469 654 4518; x_wconf 82' lang='lat' dir='ltr'>dieena</span> <span class='ocrx_word' id='word_1_391' title='bbox 673 4467 705 4517; x_wconf 89' lang='lat' dir='ltr'><em>M</em></span> <span class='ocrx_word' id='word_1_392' title='bbox 774 4471 918 4520; x_wconf 72' lang='lat' dir='ltr'>denuntiat</span> <span class='ocrx_word' id='word_1_393' title='bbox 938 4471 969 4520; x_wconf 99' lang='grc' dir='ltr'><em>Μ</em></span> <span class='ocrx_word' id='word_1_394' title='bbox 1036 4471 1177 4521; x_wconf 81' lang='lat' dir='ltr'>dadieeiat</span> <span class='ocrx_word' id='word_1_395' title='bbox 1196 4473 1228 4522; x_wconf 87' lang='lat' dir='ltr'><em>M</em></span> <span class='ocrx_word' id='word_1_396' title='bbox 1296 4473 1478 4523; x_wconf 75' lang='lat' dir='ltr'>ibarbarismi</span> <span class='ocrx_word' id='word_1_397' title='bbox 1495 4475 1595 4525; x_wconf 85' lang='lat' dir='ltr'>litterae</span> <span class='ocrx_word' id='word_1_398' title='bbox 1609 4479 1650 4526; x_wconf 82' lang='lat' dir='ltr'>sic</span> 
     </span>
     <span class='ocr_line' id='line_1_41' title="bbox 357 4538 1650 4606; baseline 0.006 -18"><span class='ocrx_word' id='word_1_399' title='bbox 357 4547 384 4588; x_wconf 91' lang='lat' dir='ltr'>ut</span> <span class='ocrx_word' id='word_1_400' title='bbox 403 4538 435 4588; x_wconf 87' lang='grc' dir='ltr'><em>Μ</em></span> <span class='ocrx_word' id='word_1_401' title='bbox 505 4538 536 4589; x_wconf 85' lang='grc'>12</span> <span class='ocrx_word' id='word_1_402' title='bbox 556 4546 582 4586; x_wconf 90' lang='lat' dir='ltr'>nt</span> <span class='ocrx_word' id='word_1_403' title='bbox 600 4538 620 4586; x_wconf 82' lang='lat' dir='ltr'>si</span> <span class='ocrx_word' id='word_1_404' title='bbox 642 4546 764 4588; x_wconf 83' lang='lat' dir='ltr'>oratorem</span> <span class='ocrx_word' id='word_1_405' title='bbox 783 4541 893 4606; x_wconf 88' lang='lat' dir='ltr'>priorem</span> <span class='ocrx_word' id='word_1_406' title='bbox 910 4540 942 4589; x_wconf 90' lang='lat' dir='ltr'><em>M</em></span> <span class='ocrx_word' id='word_1_407' title='bbox 1014 4541 1041 4590; x_wconf 84' lang='grc'>17</span> <span class='ocrx_word' id='word_1_408' title='bbox 1061 4541 1187 4590; x_wconf 88' lang='lat' dir='ltr'>tarderum</span> <span class='ocrx_word' id='word_1_409' title='bbox 1206 4545 1310 4593; x_wconf 78' lang='lat' dir='ltr'>coniecit</span> <span class='ocrx_word' id='word_1_410' title='bbox 1330 4544 1493 4594; x_wconf 75' lang='lat' dir='ltr'>Buttmaaaue</span> <span class='ocrx_word' id='word_1_411' title='bbox 1566 4545 1601 4596; x_wconf 89' lang='lat'>18</span> <span class='ocrx_word' id='word_1_412' title='bbox 1621 4558 1650 4596; x_wconf 85' lang='lat' dir='ltr'>ut</span> 
     </span>
     <span class='ocr_line' id='line_1_42' title="bbox 356 4607 1648 4679; baseline 0.005 -21"><span class='ocrx_word' id='word_1_413' title='bbox 356 4609 438 4672; x_wconf 86' lang='lat' dir='ltr'>siquis</span> <span class='ocrx_word' id='word_1_414' title='bbox 456 4609 608 4672; x_wconf 85' lang='lat' dir='ltr'>dieatpiees</span> <span class='ocrx_word' id='word_1_415' title='bbox 626 4607 712 4658; x_wconf 82' lang='lat' dir='ltr'>dicens</span> <span class='ocrx_word' id='word_1_416' title='bbox 732 4609 763 4657; x_wconf 89' lang='lat' dir='ltr'><em>M</em></span> <span class='ocrx_word' id='word_1_417' title='bbox 849 4611 883 4660; x_wconf 77' lang='lat'>20</span> <span class='ocrx_word' id='word_1_418' title='bbox 899 4610 1012 4659; x_wconf 84' lang='lat' dir='ltr'>enuntiat</span> <span class='ocrx_word' id='word_1_419' title='bbox 1028 4611 1061 4659; x_wconf 89' lang='lat' dir='ltr'><em>M</em></span> <span class='ocrx_word' id='word_1_420' title='bbox 1145 4611 1178 4660; x_wconf 82' lang='lat'>‘23</span> <span class='ocrx_word' id='word_1_421' title='bbox 1197 4623 1224 4661; x_wconf 87' lang='lat' dir='ltr'>ut</span> <span class='ocrx_word' id='word_1_422' title='bbox 1249 4612 1369 4677; x_wconf 86' lang='lat' dir='ltr'>leriquias</span> <span class='ocrx_word' id='word_1_423' title='bbox 1393 4616 1479 4679; x_wconf 83' lang='lat' dir='ltr'>siper</span> <span class='ocrx_word' id='word_1_424' title='bbox 1501 4614 1508 4662; x_wconf 95' lang='lat' dir='ltr'>l</span> <span class='ocrx_word' id='word_1_425' title='bbox 1534 4614 1648 4666; x_wconf 87' lang='lat' dir='ltr'>litteram</span> 
     </span>
     <span class='ocr_line' id='line_1_43' title="bbox 357 4679 1586 4747; baseline 0.008 -21"><span class='ocrx_word' id='word_1_426' title='bbox 357 4681 556 4742; x_wconf 78' lang='lat' dir='ltr'>pronuntiemus,</span> <span class='ocrx_word' id='word_1_427' title='bbox 576 4693 631 4727; x_wconf 89' lang='lat' dir='ltr'>eum</span> <span class='ocrx_word' id='word_1_428' title='bbox 649 4679 738 4728; x_wconf 90' lang='lat' dir='ltr'>debeat</span> <span class='ocrx_word' id='word_1_429' title='bbox 756 4696 801 4744; x_wconf 88' lang='lat' dir='ltr'>per</span> <span class='ocrx_word' id='word_1_430' title='bbox 820 4695 832 4727; x_wconf 95' lang='lat' dir='ltr'>r</span> <span class='ocrx_word' id='word_1_431' title='bbox 849 4681 930 4746; x_wconf 85' lang='lat' dir='ltr'>prima</span> <span class='ocrx_word' id='word_1_432' title='bbox 947 4680 1042 4744; x_wconf 88' lang='lat' dir='ltr'>syllaba</span> <span class='ocrx_word' id='word_1_433' title='bbox 1062 4681 1121 4742; x_wconf 89' lang='lat' dir='ltr'>dici,</span> <span class='ocrx_word' id='word_1_434' title='bbox 1141 4681 1259 4745; x_wconf 88' lang='lat' dir='ltr'>reliquiae</span> <span class='ocrx_word' id='word_1_435' title='bbox 1279 4685 1411 4735; x_wconf 83' lang='lat' dir='ltr'>lliomedes</span> <span class='ocrx_word' id='word_1_436' title='bbox 1427 4701 1454 4747; x_wconf 85' lang='grc' dir='ltr'>ρ.</span> <span class='ocrx_word' id='word_1_437' title='bbox 1469 4685 1532 4747; x_wconf 72' lang='grc'>452,</span> <span class='ocrx_word' id='word_1_438' title='bbox 1550 4685 1586 4736; x_wconf 87' lang='grc'>30</span> 
     </span>
     <span class='ocr_line' id='line_1_44' title="bbox 357 4746 1649 4820; baseline 0.009 -24"><span class='ocrx_word' id='word_1_439' title='bbox 357 4746 505 4815; x_wconf 69' lang='grc' dir='ltr'>ἳῧάἰοεηε]</span> <span class='ocrx_word' id='word_1_440' title='bbox 527 4749 593 4797; x_wconf 89' lang='lat' dir='ltr'>dieat</span> <span class='ocrx_word' id='word_1_441' title='bbox 613 4748 645 4796; x_wconf 85' lang='lat' dir='ltr'><em>M</em></span> <span class='ocrx_word' id='word_1_442' title='bbox 713 4749 746 4801; x_wconf 85' lang='lat'>30</span> <span class='ocrx_word' id='word_1_443' title='bbox 763 4747 870 4814; x_wconf 86' lang='lat' dir='ltr'>aliquos]</span> <span class='ocrx_word' id='word_1_444' title='bbox 893 4750 956 4799; x_wconf 89' lang='lat' dir='ltr'>alios</span> <span class='ocrx_word' id='word_1_445' title='bbox 972 4749 1081 4800; x_wconf 81' lang='lat' dir='ltr'>Clemens</span> <span class='ocrx_word' id='word_1_446' title='bbox 1151 4751 1185 4800; x_wconf 81' lang='lat'>32</span> <span class='ocrx_word' id='word_1_447' title='bbox 1206 4753 1309 4802; x_wconf 83' lang='lat' dir='ltr'>diarisis</span> <span class='ocrx_word' id='word_1_448' title='bbox 1328 4754 1359 4800; x_wconf 91' lang='lat' dir='ltr'><em>M</em></span> <span class='ocrx_word' id='word_1_449' title='bbox 1429 4755 1517 4803; x_wconf 90' lang='lat' dir='ltr'>modos</span> <span class='ocrx_word' id='word_1_450' title='bbox 1536 4772 1584 4806; x_wconf 83' lang='lat' dir='ltr'>om.</span> <span class='ocrx_word' id='word_1_451' title='bbox 1607 4757 1649 4820; x_wconf 82' lang='lat' dir='ltr'>M,</span> 
     </span>
     <span class='ocr_line' id='line_1_45' title="bbox 357 4816 1651 4878; baseline 0.011 -14"><span class='ocrx_word' id='word_1_452' title='bbox 357 4817 417 4871; x_wconf 86' lang='lat' dir='ltr'>odd.</span> <span class='ocrx_word' id='word_1_453' title='bbox 437 4819 547 4869; x_wconf 81' lang='lat' dir='ltr'>Clemens</span> <span class='ocrx_word' id='word_1_454' title='bbox 616 4816 649 4867; x_wconf 81' lang='lat'>34</span> <span class='ocrx_word' id='word_1_455' title='bbox 666 4820 893 4868; x_wconf 82' lang='lat' dir='ltr'>atrinrodvertemus</span> <span class='ocrx_word' id='word_1_456' title='bbox 912 4820 1078 4869; x_wconf 83' lang='lat' dir='ltr'>Buttmoaaua</span> <span class='ocrx_word' id='word_1_457' title='bbox 1095 4823 1318 4871; x_wconf 84' lang='lat' dir='ltr'>animaduertimus</span> <span class='ocrx_word' id='word_1_458' title='bbox 1336 4824 1368 4873; x_wconf 90' lang='grc' dir='ltr'><em>Μ</em></span> <span class='ocrx_word' id='word_1_459' title='bbox 1434 4825 1468 4874; x_wconf 86' lang='grc'>36</span> <span class='ocrx_word' id='word_1_460' title='bbox 1487 4826 1598 4876; x_wconf 74' lang='lat' dir='ltr'>‹liarisin</span> <span class='ocrx_word' id='word_1_461' title='bbox 1618 4828 1651 4878; x_wconf 88' lang='lat' dir='ltr'><em>M</em></span> 
     </span>
     <span class='ocr_line' id='line_1_46' title="bbox 425 4885 978 4954; baseline 0 -18"><span class='ocrx_word' id='word_1_462' title='bbox 425 4885 458 4937; x_wconf 80' lang='lat'>37</span> <span class='ocrx_word' id='word_1_463' title='bbox 477 4896 515 4936; x_wconf 83' lang='lat' dir='ltr'>est</span> <span class='ocrx_word' id='word_1_464' title='bbox 531 4904 576 4939; x_wconf 81' lang='lat' dir='ltr'>orn.</span> <span class='ocrx_word' id='word_1_465' title='bbox 598 4887 631 4936; x_wconf 88' lang='lat' dir='ltr'><em>M</em></span> <span class='ocrx_word' id='word_1_466' title='bbox 698 4905 742 4954; x_wconf 92' lang='lat' dir='ltr'>per</span> <span class='ocrx_word' id='word_1_467' title='bbox 760 4888 927 4954; x_wconf 87' lang='lat' dir='ltr'>episinalipbe</span> <span class='ocrx_word' id='word_1_468' title='bbox 948 4889 978 4936; x_wconf 90' lang='lat' dir='ltr'><em>M</em></span> 
     </span>
    </p>
   </div>
   <div class='ocr_carea' id='block_1_4' title="bbox 0 0 1678 5498">
    <p class='ocr_par' dir='ltr' id='par_1_4' title="bbox 0 0 1678 5498">
     <span class='ocr_line' id='line_1_47' title="bbox 0 0 1678 5498; baseline 0 0"><span class='ocrx_word' id='word_1_469' title='bbox 0 0 1678 5498; x_wconf 95' lang='lat' dir='ltr'> </span> 
     </span>
    </p>
   </div>
  </div>
 </body>
</html>
