3382 5498
256 374 318 438 184
476 398 484 413 ·
824 372 977 435 ΡΟΜΡΕΙΙ

280 498 302 538 p.
316 483 452 527 tes—2011„

200 598 202 603 ·
255 584 341 644 quem
372 563 406 625 ad
436 562 557 623 modum
585 563 616 623 lit
643 569 675 623 ut
701 563 732 622 in
760 568 906 641 potestate
935 545 984 622 tua
1013 563 1051 622 sit
1073 560 1119 623 vel
1146 561 1229 624 illum
1259 581 1359 625 casum
1381 563 1480 624 iecere
1503 562 1547 624 vel

257 667 464 727 elocutionem.
510 666 549 725 ita
573 666 618 726 fit:
649 665 745 724 omnia
769 681 844 743 quae
867 664 1033 724 accusativo
1056 681 1214 743 possumus
1237 683 1303 726 oum
1327 667 1549 745 praepositione

255 771 394 847 iungere,
425 769 450 828 si
471 769 628 845 iungamus
650 766 747 828 dativo
769 767 834 826 sine
862 767 1097 845 praepositione,
1127 784 1197 827 ecce
1224 768 1267 826 sic
1293 768 1335 828 lit.
1381 785 1452 845 ergo
1475 767 1548 828 baec

256 878 300 932 εει
323 870 464 945 elocutio,
489 887 565 949 quae
587 876 685 948 potest
706 869 790 946 iuugi
817 869 984 929 accusativo
1007 886 1074 928 cum
1097 871 1333 947 praepositione,
1363 870 1389 929 si
1409 869 1548 946 iungatur

256 973 352 1036 dativo
379 974 443 1033 sine
470 972 699 1051 praepositione.
744 971 785 1031 ‘it
812 968 924 1030 clamor
951 971 982 1031 in
1011 969 1154 1039 caelum',
1186 969 1253 1031 ‘ille
1275 972 1299 1031 it
1321 969 1375 1031 sub
1398 975 1575 1031 murum’:s

256 1077 296 1135 ‘it
317 1075 429 1138 clamor
456 1075 485 1134 in
516 1073 658 1142 caelum’,
688 1074 719 1132 in
747 1073 925 1152 praepositio
954 1078 1012 1140 est,
1036 1072 1152 1133 caelum
1175 1074 1359 1135 accusativus
1382 1080 1441 1153 est:
1479 1071 1550 1133 tolle

256 1177 325 1237 inde
348 1177 611 1257 praepositionem,
636 1180 714 1234 muta
737 1175 934 1234 accusativum
950 1192 1051 1234 casum
1073 1175 1104 1234 iu
1127 1173 1271 1245 dativum,
1295 1184 1324 1235 et
1346 1174 1443 1235 iecisti
1466 1173 1549 1245 illud,

257 1265 438 1339 ‘it'clamor
467 1276 576 1339 caelo'.
623 1278 663 1336 ‘it
690 1275 739 1336 ille
772 1275 827 1336 sub
861 1280 1005 1350 murum',
1040 1275 1095 1336 sub
1129 1278 1308 1357 praepositio
1344 1286 1402 1347 est,
1432 1295 1549 1338 murum

258 1382 440 1442 accusativus
468 1385 524 1439 est:
554 1378 623 1439 tolle
650 1378 720 1439 iude
747 1378 815 1448 sub,
845 1386 925 1451 muta
954 1376 1036 1438 illum
1066 1396 1181 1448 casum,
1214 1380 1261 1439 lac
1283 1398 1385 1449 muro,
1409 1387 1438 1440 et
1459 1378 1551 1440 habes

259 1482 344 1553 illud,
374 1480 521 1542 ‘subeunt
550 1483 665 1542 muro'.
711 1488 740 1541 et
769 1480 839 1541 inde
867 1481 923 1542 ista
946 1481 1043 1540 omnis
1065 1478 1194 1541 elocutio
1216 1481 1257 1541 lit.
1303 1489 1401 1542 tamen
1423 1480 1589 1560 legimusro

259 1584 436 1665 aliquotiens
458 1582 536 1661 quod
560 1581 686 1644 elocutio
709 1591 768 1651 est,
794 1581 970 1662 aliquotiens
992 1581 1070 1662 quod
1093 1589 1214 1643 octavus
1237 1601 1323 1645 casus
1346 1590 1397 1645 est.

144 1700 250 1762 433,26
348 1686 431 1746 Scire
464 1684 607 1746 debemus
640 1684 717 1765 quod
752 1703 856 1745 omues
888 1703 973 1746 casus
1000 1686 1096 1744 varios
1124 1683 1235 1745 babent
1262 1686 1368 1746 exitus.
1413 1687 1476 1765 ipsa
1509 1693 1553 1746 est

261 1790 371 1869 optima
394 1786 569 1856 declinatio,
599 1806 674 1867 quae
704 1788 734 1847 iu
757 1789 838 1847 omni
861 1805 929 1847 casu
958 1788 1053 1848 exitus
1081 1787 1173 1847 vsriat
1196 1783 1279 1866 [puta
1303 1787 1501 1849 nominativus
1522 1789 1552 1847 in
1645 1843 1649 1850 .

260 1872 295 1952 us
325 1898 357 1951 ut
389 1897 488 1958 exeat,
517 1890 670 1966 genetivus
697 1891 728 1949 in
755 1891 781 1958 i,
811 1889 925 1950 dativus
951 1890 981 1949 iu
1016 1886 1056 1969 ol.
1102 1889 1367 1968 quotienscumque
1401 1897 1552 1950 mutantur

260 2011 363 2054 omues
385 2010 479 2061 casus,
502 1999 573 2052 tuuc
596 1993 705 2070 optima
729 1999 773 2051 est
796 1990 962 2060 declinatio,
986 1997 1018 2052 ut
1040 1998 1085 2050 est
1107 2008 1198 2050 unus:
1224 2009 1292 2051 eece
1317 2009 1406 2061 uuus,
1430 1993 1590 2054 mutavitrs

261 2097 363 2164 unius,
387 2095 509 2155 mutavit
531 2095 594 2162 uni,
619 2094 741 2154 mutavit
763 2111 865 2153 unum.
902 2101 991 2154 erunt
1009 2093 1014 2173 Ι
1034 2091 1209 2153 inllesiones
1231 2094 1262 2152 in
1285 2092 1396 2153 ultimis
1419 2092 1552 2175 syllabis:

260 2197 325 2258 vide
354 2215 392 2257 ue
421 2195 593 2257 consideres
622 2197 738 2274 priores
765 2194 905 2276 syllabas:
936 2194 1004 2256 illae
1027 2195 1106 2254 enim
1130 2213 1190 2255 non
1212 2193 1419 2255 inllectuntur:
1451 2214 1553 2257 omues

181 2307 183 2312 '
259 2300 435 2361 inllexioues
456 2300 487 2358 in
510 2295 621 2358 ultimis
643 2296 762 2378 syllabis
784 2298 867 2358 liunt.
898 2297 940 2358 ibi
955 2296 1111 2358 considera
1127 2298 1222 2358 exitus
1247 2297 1350 2356 varios.
1381 2314 1451 2374 ergo
1468 2287 1552 2366 unus,

260 2403 384 2462 mutavit
412 2403 513 2469 unius,
543 2401 665 2460 mutavit
693 2401 759 2469 uni,
789 2400 912 2462 mutavit
941 2417 1048 2460 unum:
1078 2416 1182 2459 omnes
1210 2417 1295 2459 casus
1324 2400 1395 2459 varii
1417 2408 1500 2468 sunt,
1525 2408 1555 2459 et

260 2504 369 2564 dicitur
397 2504 450 2563 ista
478 2502 636 2562 declinatio
664 2501 837 2581 hexaptota,
866 2500 944 2581 quod
968 2519 1019 2561 sex
1042 2499 1132 2562 babet
1154 2519 1276 2561 casuum
1301 2501 1462 2561 varietates.
1508 2502 1552 2560 in·
1567 2524 1593 2565 so

183 2589 186 2594 ’
262 2607 420 2667 veniuntur
441 2604 619 2684 aliquotiens
640 2611 823 2684 pentaptota.
868 2611 1039 2683 pentaptota
1067 2611 1151 2671 suut,
1175 2605 1313 2682 quotiens
1335 2602 1465 2683 quinque
1487 2611 1556 2664 sunt

261 2709 419 2768 varietates
445 2712 475 2765 et
501 2723 552 2765 sex
582 2724 676 2767 casus.
723 2713 752 2766 et
781 2725 839 2786 quo
867 2704 956 2766 modo
983 2713 1081 2785 potest
1102 2705 1166 2765 lieri
1188 2710 1221 2763 nt
1243 2722 1295 2765 sex
1317 2722 1403 2765 casus
1426 2706 1556 2783 quinque

262 2809 391 2870 babeant
418 2809 592 2869 varietates?
628 2804 672 2887 [et
700 2808 849 2887 quomodo
877 2813 974 2887 potest
1002 2808 1067 2868 lieri
1100 2804 1188 2887 buci]
1219 2808 1244 2866 si
1272 2807 1331 2866 siut
1359 2806 1416 2866 duo
1445 2805 1556 2867 similes

264 2928 359 2972 casus.
404 2918 471 2990 puta
495 2910 521 2969 si
543 2911 740 2970 nominativus
763 2918 792 2970 et
814 2912 963 2971 vocativus
987 2927 1006 2963 s
1042 2911 1073 2970 in
1096 2928 1131 2969 us
1153 2915 1269 2969 exeunt.
1316 2927 1385 2969 ecce
1408 2927 1496 2989 quem
1520 2908 1556 2968 ad

264 3012 384 3075 modum
407 3013 440 3071 lit
461 3017 679 3091 pentaptotum,
704 3022 737 3072 ut
758 3012 827 3073 buic
851 3012 948 3073 docto
961 3019 990 3072 ει
1011 3011 1048 3072 ab
1070 3011 1127 3072 hoc
1151 3010 1247 3071 docto.
1283 3011 1342 3071 iam
1365 3010 1454 3072 babet
1474 3012 1554 3071 simi·
1568 3037 1595 3077 ss

264 3114 320 3174 lem
350 3113 479 3174 dativum
510 3121 538 3172 et
565 3112 739 3184 ablativum,
768 3113 837 3174 buic
865 3113 953 3174 docto
982 3121 1011 3174 et
1039 3113 1076 3174 ab
1105 3113 1161 3173 hoc
1190 3112 1291 3173 docto:
1321 3131 1389 3172 uam
1418 3120 1448 3173 et
1469 3111 1556 3172 docto

264 3217 390 3277 dicimus
419 3214 515 3275 dativo
544 3225 573 3275 et
600 3214 687 3276 docto
716 3215 841 3276 dicimus
869 3206 1004 3276 ablativo.
1050 3216 1099 3275 bic
1128 3214 1231 3275 doctus
1258 3213 1348 3275 buius
1383 3213 1461 3274 docti
1489 3213 1557 3274 huic

264 3321 351 3380 docto
374 3317 453 3379 bunc
476 3317 596 3378 doctum
621 3325 649 3378 et
671 3337 688 3378 o
711 3317 811 3386 docte;
836 3336 905 3378 ecce
927 3315 1019 3377 babes
1042 3323 1255 3396 pentaptotum.
1287 3324 1477 3396 tetraptotum
1501 3325 1555 3384 est,

264 3423 402 3502 quotiens
425 3428 566 3499 quattuor
587 3428 657 3481 sunt
679 3422 849 3491 varietates,
873 3438 924 3480 sex
947 3427 1045 3492 tamen
1069 3437 1161 3479 casus.
1192 3437 1279 3498 quem
1304 3418 1339 3478 ad
1363 3418 1483 3478 modum
1506 3437 1557 3479 au·

265 3533 324 3583 tem
352 3524 401 3583 liti
438 3523 575 3602 quotiens
603 3524 799 3583 nominativus
828 3530 857 3582 et
885 3524 1047 3595 vocativus,
1077 3521 1191 3580 dativus
1220 3531 1249 3581 et
1270 3521 1423 3598 genetivus
1446 3520 1597 3584 similesne

265 3633 347 3685 suut:
377 3630 446 3703 puta
474 3623 522 3683 bic
551 3623 614 3684 dies
642 3633 673 3683 et
700 3643 717 3683 o
745 3624 823 3693 dies;
853 3626 882 3682 iu
907 3641 938 3684 εε
961 3626 1021 3684 exit
1044 3632 1217 3703 utrumque:
1246 3621 1334 3682 buius
1356 3621 1415 3681 diei
1438 3628 1467 3682 et
1489 3623 1558 3682 huic

266 3726 339 3792 utet:
365 3743 434 3785 eece
458 3724 530 3785 duas
552 3726 721 3795 varietates;
745 3726 824 3786 bunc
847 3724 924 3785 diem
947 3733 976 3785 et
998 3725 1035 3785 ab
1051 3725 1108 3786 hoc
1123 3724 1186 3794 die,
1211 3743 1280 3784 ecee
1303 3731 1441 3801 quattuor
1463 3725 1558 3783 varie-

267 3833 349 3886 tates.
396 3828 549 3905 triptotum
577 3835 635 3896 est,
665 3830 801 3905 quotiens
829 3834 891 3887 tres
918 3835 987 3888 sunt
1014 3823 1180 3910 varietaltes
1208 3834 1237 3887 et
1259 3845 1310 3888 sex
1334 3845 1437 3896 casus,
1460 3833 1493 3886 ut
1515 3834 1560 3886 est

266 3926 423 4007 templum:
459 3928 516 3988 boc
545 3928 701 4008 templum,
731 3929 787 3989 boc
816 3928 974 4010 templum,
1004 3949 1021 3990 o
1051 3928 1208 4008 templum,
1238 3929 1266 3989 id
1296 3935 1340 3988 est
1362 3930 1560 3989 nominativus

266 4031 447 4090 aecusativus
474 4038 504 4090 et
531 4032 679 4092 vocativus
706 4049 799 4091 unum
827 4033 937 4092 exitum
965 4031 1088 4099 babent:
1116 4032 1187 4091 item
1218 4030 1331 4092 dativus
1354 4037 1384 4090 et
1406 4029 1598 4100 ablativusas

266 4131 336 4220 buic
368 4131 479 4210 templo
514 4141 542 4191 et
575 4131 612 4192 ab
645 4133 701 4193 hoc
737 4131 860 4211 templo;
895 4142 924 4192 et
951 4136 1104 4212 genetivus
1132 4132 1296 4204 dissimilis,
1331 4133 1419 4192 buius
1447 4132 1558 4212 templi.

267 4234 413 4313 diptotum
439 4238 499 4304 est,
529 4236 667 4312 quotiens
694 4241 756 4296 tres
784 4235 896 4296 similes
923 4243 992 4297 sunt
1020 4255 1105 4297 casus
1134 4243 1164 4297 et
1197 4243 1257 4296 tres
1291 4233 1455 4296 dissimiles.
1487 4236 1559 4296 boc

336 4455 823 4525 dsiiungsmusBCasiiungssA
876 4455 1156 4510 haeeACbhoeBa
1205 4457 1558 4510 litolleiudo-iloccu-

268 4529 365 4578 sstiuus
381 4536 419 4577 est
431 4542 479 4577 om.
493 4526 527 4588 A,
543 4527 604 4576 add.
616 4544 632 4576 a
687 4531 702 4579 7
721 4530 746 4577 iu
761 4529 846 4579 dstiuo
858 4529 911 4580 Bo
962 4530 994 4580 12
1008 4528 1101 4580 habeut
1115 4531 1208 4580 babere
1220 4528 1304 4579 ABG
1315 4529 1408 4577 debent
1422 4527 1515 4577 babere
1527 4526 1558 4576 a*

336 4599 369 4648 24
389 4599 415 4647 in
435 4613 465 4648 us
484 4605 579 4646 exeunt
596 4599 621 4647 A
637 4599 661 4647 in
678 4615 708 4648 us
728 4608 818 4650 exeant
834 4586 1139 4663 Bea:penra1ivotorum
1155 4601 1313 4663 dungeuera
1330 4602 1445 4662 posuisse
1460 4598 1559 4648 ridetur

268 4670 451 4733 qravunraticus,
469 4669 574 4718 alterruu
588 4684 672 4720 eorwu
689 4685 791 4736 quorum
804 4672 965 4723 nominatiores
980 4678 1004 4721 et
1015 4674 1141 4722 vocativus
1156 4669 1248 4720 similes
1266 4677 1334 4727 suut,
1353 4670 1456 4718 alterum
1476 4684 1559 4718 eorwu

268 4752 369 4804 quornm
381 4739 482 4790 dadous
495 4747 521 4789 et
534 4740 666 4801 ablativus,
681 4741 749 4804 quod
759 4741 851 4792 accidit
861 4740 998 4794 nominibus
1014 4743 1162 4793 nominative
1173 4739 1297 4801 singulari
1312 4739 1338 4787 in
1352 4754 1382 4787 us
1400 4738 1558 4792 exeuntibus.

266 4811 352 4928 itaqpqe
369 4810 482 4929 lffm
500 4810 610 4861 Monoi
675 4809 978 4864 ascenaentem
1040 4812 1074 4864 37
1096 4820 1120 4862 ει
1134 4817 1185 4859 tres
1203 4808 1342 4858 dissimiles
1362 4807 1434 4859 BOo
1458 4816 1482 4858 et
1506 4816 1558 4858 tros

268 4891 316 4929 sun
337 4893 366 4930 ss
1363 4893 1366 4902 ⁴
