3346 5498
238 391 277 457 12
792 396 965 461 stabunt!

262 516 283 559 p.
296 505 353 546 1868.
366 505 392 545 64
405 503 427 544 Ρ.

386 587 560 663 corniger
582 584 833 666 Hesperidum
857 585 998 647 lluvius
1020 593 1199 664 regnator
1223 601 1394 663 aquarum

237 705 290 766 pro
312 686 408 747 liuvie.
445 689 655 748 nominativum
678 696 708 749 ct
728 691 889 750 vocativum
912 686 1058 769 pluralem
1080 688 1199 765 generis
1221 684 1373 746 masculini
1395 692 1424 745 et
1439 686 1522 745 lemi-

236 790 298 849 nini
313 789 369 847 ini
390 788 470 858 lacit,
494 788 525 849 hi
540 799 601 850 eto
618 792 765 868 magistri,
789 791 845 852 bae
861 800 890 852 et
904 809 922 851 o
937 791 1053 851 fraxini.
1070 823 1110 831 —
1134 787 1246 848 Casus
1269 795 1356 847 sunt
1377 805 1454 847 sex:
1479 796 1523 847 est

236 898 265 952 et
291 892 433 969 septimus
460 909 544 951 casus
572 891 691 954 ablativi
716 892 820 954 similis
848 894 912 954 sine
948 891 1180 971 praepositione,
1213 897 1244 949 ut
1273 886 1401 949 velocior
1429 906 1523 968 equos

236 1010 327 1070 equo,
356 1011 416 1053 nou
444 990 481 1052 ab
506 1009 592 1070 equo.
629 1002 673 1056 est
701 1002 730 1055 et
759 1003 877 1057 octavus
906 994 994 1056 dativi
1021 992 1141 1061 similis,
1170 992 1221 1070 qui
1255 991 1409 1051 accusativi
1437 1007 1548 1050 casuss

235 1101 440 1175 repraesentat
456 1097 585 1174 speciem
602 1097 715 1157 etfacit
730 1097 934 1166 elocutionem,
951 1102 983 1156 ut
1004 1096 1049 1155 ‘it
1070 1092 1208 1154 clamor
1229 1092 1358 1161 caelo’,
1380 1092 1410 1153 id
1426 1091 1521 1153 estad

121 1213 179 1273 356,
193 1213 222 1261 11
238 1194 362 1258 caelum.
382 1229 418 1239 -
436 1194 461 1256 N
468 1196 678 1259 ominatiri:
699 1203 704 1273 Ι
724 1207 828 1262 neutra
851 1199 968 1260 nomina
992 1204 1050 1257 tam
1066 1198 1097 1256 in
1111 1194 1252 1274 singulari
1268 1212 1353 1274 quam
1369 1195 1399 1253 in
1415 1192 1521 1271 plurali

236 1316 361 1359 numero
382 1305 444 1358 tres
472 1316 555 1359 casus
582 1299 693 1361 similes
721 1300 843 1372 babent,
869 1301 1078 1362 nominativum
1114 1301 1316 1359 accusativum
1348 1298 1522 1357 vocativum.

193 1407 280 1457 27-
299 1399 346 1461 db
369 1399 435 1459 boc
464 1407 498 1460 et
520 1399 562 1459 ab
585 1399 650 1461 bac
673 1410 709 1462 et
730 1402 772 1463 ab
794 1403 861 1464 boc
883 1401 1002 1463 lelici:
1034 1399 1177 1462 ablativus
1205 1396 1362 1476 singularis
1389 1399 1419 1457 in
1442 1398 1521 1457 omni

236 1519 378 1579 geueree
401 1509 430 1561 et
451 1502 461 1560 i
484 1519 671 1564 communem
700 1503 790 1565 babet
811 1511 933 1584 propter
955 1504 1124 1582 genetivum
1146 1499 1305 1579 pluralem,
1334 1501 1384 1579 qui
1407 1501 1438 1559 in
1460 1501 1522 1560 ium
1537 1520 1561 1558 ro

237 1602 329 1663 vadet.
367 1610 396 1662 et
417 1621 489 1664 sane
511 1604 664 1665 sciendum
692 1607 723 1665 in
746 1605 872 1666 ablativo
894 1604 1036 1682 singulari
1059 1603 1211 1684 participia
1235 1603 1313 1661 iuxta
1336 1603 1522 1680 superiorem

236 1705 360 1765 lormam
383 1707 412 1765 in
438 1724 453 1765 e
476 1706 572 1775 exire,
596 1709 716 1767 nomina
738 1709 768 1768 in
791 1709 810 1768 i.

321 1806 491 1867 Praefectus
506 1807 588 1869 urbis
603 1809 807 1870 rationabilius
823 1809 929 1870 dicitur
944 1827 1030 1889 quam
1046 1807 1211 1888 praelectus
1226 1804 1308 1874 urbi,
1332 1808 1399 1885 quia
1414 1825 1523 1867 nomen

237 1914 281 1970 est
308 1907 471 1986 dignitatis,
507 1927 567 1969 non
595 1912 795 1990 participium.
841 1911 889 1971 bic
912 1912 990 1971 enim
1019 1917 1063 1970 est
1089 1909 1271 1988 praelectus,
1306 1926 1394 1986 quem
1418 1908 1523 1969 Graeci

235 2002 388 2090 ὕπαρχον
409 2010 524 2079 dicunt,
549 2019 581 2072 ut
603 2012 736 2073 videatur
758 2015 876 2092 praeire
900 2030 1017 2081 omues,
1049 2029 1108 2071 non
1131 2029 1166 2071 ex
1191 2029 1226 2071 eo
1255 2008 1333 2089 quod
1355 2010 1523 2089 praelectus
1537 2027 1561 2065 15

236 2113 274 2171 sit
295 2113 414 2172 civitati.
452 2111 527 2172 adde
556 2113 633 2192 quod
657 2114 759 2175 Cicero
784 2116 974 2175 Verrinarum
1002 2114 1144 2193 septimo,
1174 2111 1204 2171 id
1232 2118 1278 2171 est
1298 2110 1521 2191 suppliciorum,

236 2213 307 2274 dicit
322 2215 428 2274 totiens
449 2215 633 2294 ‘praelectus
655 2215 774 2277 classis'
795 2224 825 2277 et
845 2216 1029 2295 ‘praelectus
1044 2212 1183 2275 classium
1199 2212 1392 2275 Cleomenes’.
1417 2212 1523 2274 deiude

238 2313 301 2391 lde
325 2316 423 2375 tuturo
451 2315 602 2394 praelecto
630 2317 699 2397 quid
728 2317 826 2377 dices?
855 2317 920 2377 ‘bic
949 2317 1116 2396 praelectus
1139 2315 1293 2376 faciendus
1321 2323 1367 2375 cst
1394 2317 1524 2375 crastino

236 2415 309 2476 die’.
334 2416 496 2495 quomodo
512 2417 569 2477 duo
585 2426 717 2499 tempora
733 2418 789 2478 sibi
804 2420 951 2479 contraria
967 2417 1139 2486 confundes,
1156 2418 1347 2497 praeteritum
1360 2418 1523 2495 perlectum
1563 2458 1569 2466 -

237 2528 266 2579 et
281 2520 431 2580 luturnml
451 2519 547 2580 tribus
568 2521 647 2581 euim
663 2518 848 2597 temporibus
865 2521 1017 2599 participia
1037 2528 1182 2580 coustant.
1207 2520 1375 2599 praelectus
1392 2518 1417 2578 si
1432 2521 1522 2597 parti·
1537 2540 1562 2577 ao

236 2623 317 2701 piam
333 2621 442 2681 dixeris
454 2625 651 2698 praeteritum
660 2620 840 2697 perfectum,
863 2629 892 2681 et
912 2622 1043 2683 futurum
1059 2629 1115 2691 est,
1140 2629 1169 2681 et
1184 2640 1242 2681 non
1259 2627 1352 2699 potes,
1369 2627 1524 2698 antequam

236 2725 294 2791 fiat,
312 2722 413 2783 dicere
427 2724 546 2785 factum.
571 2726 668 2784 eterit
682 2741 800 2792 nomen,
817 2740 877 2783 non
892 2725 1089 2804 participium,
1106 2742 1164 2804 quo
1178 2722 1360 2801 iungendum
1377 2730 1420 2782 cst
1435 2739 1524 2800 gene·

237 2826 296 2885 tivo
311 2827 406 2894 casui,
430 2843 490 2886 non
505 2825 609 2887 dativo.
656 2844 724 2886 nam
740 2827 765 2886 si
780 2823 907 2887 volueris
929 2825 1012 2887 verbi
1027 2827 1121 2904 gratia
1137 2825 1209 2885 mibi
1224 2825 1325 2885 dicere
1341 2826 1460 2884 ‘nescio
1476 2843 1525 2884 ur-

238 2925 314 2996 bem,
332 2928 478 2988 civitatem
494 2928 562 2986 novi
578 2926 664 2996 diei’,
681 2935 710 2988 et
726 2929 886 3006 quiaesieris
899 2947 914 2988 a
926 2946 973 2988 me
989 2930 1051 3008 ‘qui
1067 2909 1226 2996 transiitl’,
1243 2927 1383 2988 nimirum
1396 2927 1526 2988 dictonis

237 3027 289 3088 tibi
306 3047 370 3089 sum
386 3030 552 3109 praelectus
567 3030 700 3090 civitatis.
729 3029 873 3106 numquid
896 3029 973 3089 bene
996 3029 1078 3100 dico,
1101 3031 1125 3090 si
1149 3028 1250 3089 dixero
1273 3029 1441 3108 praelectus
1456 3031 1525 3090 civi-
1539 3050 1564 3086 25

236 3128 312 3220 tatii
322 3130 458 3192 similiter
474 3132 560 3191 etiam
577 3130 743 3210 praelectus
758 3132 897 3211 praetorii
913 3131 973 3191 dici
988 3129 1092 3200 debet,
1110 3148 1169 3191 uon
1185 3131 1351 3209 praelectus
1367 3133 1524 3210 practorio,

207 3234 331 3321 Qut
352 3233 538 3321 praepositus
558 3231 700 3302 cubiculi,
724 3250 784 3293 non
806 3231 952 3294 cubiculo.
983 3232 1034 3294 ille
1056 3251 1123 3294 nam
1143 3229 1148 3314 l
1168 3232 1226 3292 dici
1248 3232 1337 3293 debet
1358 3219 1526 3312 praelectus

237 3326 286 3395 atil
305 3337 417 3396 ‘civitati
440 3343 490 3398 aut
512 3336 675 3415 praetorio,
705 3337 755 3414 qui
783 3335 1097 3417 superpositusluerit
1118 3354 1133 3395 a
1156 3335 1306 3414 praelecto
1328 3332 1374 3393 vel
1396 3330 1526 3396 labri‘cae

236 3439 376 3517 praetorii
392 3436 436 3497 vel
451 3429 627 3499 victualibus
642 3438 775 3498 civitatis.
806 3456 866 3498 non
882 3438 960 3498 enim
974 3438 1086 3516 poteris
1108 3437 1209 3497 dicere
1231 3436 1268 3496 de
1291 3435 1426 3520 iaciendo
1441 3456 1526 3516 prae-

237 3539 314 3599 lecto
337 3539 498 3599 ‘cras'iste
520 3538 735 3619 praeficiendus
758 3549 803 3599 est
824 3541 959 3607 civitati’,
983 3538 1034 3599 sed
1058 3538 1133 3600 dicis
1155 3543 1238 3600 ‘cras
1259 3540 1315 3599 iste
1344 3537 1459 3599 iuturus
1482 3546 1564 3598 estro

237 3641 415 3718 praelectus’
438 3647 488 3699 aut
510 3639 681 3700 ‘laciendus
703 3647 749 3700 est
769 3641 963 3719 praelectus’.

321 3740 484 3801 Proconsul
506 3758 522 3799 a
545 3739 662 3801 disertis
685 3724 761 3802 bene
784 3741 900 3812 dicitur,
924 3761 984 3803 non
1006 3750 1039 3802 ut
1061 3741 1180 3820 quidam
1202 3748 1307 3820 putant
1329 3742 1377 3802 bic
1399 3761 1526 3822 procon-

237 3841 301 3903 sule
324 3843 397 3912 dici,
427 3843 496 3920 quia
518 3859 627 3901 nomen
655 3849 699 3901 cst
726 3841 887 3921 dignitatis,
919 3863 977 3904 non
1005 3842 1061 3904 snb
1084 3842 1195 3903 duabus
1217 3842 1353 3922 partibus
1375 3847 1525 3913 orationis

237 3945 288 4005 sed
311 3943 367 4005 snb
391 3963 457 4006 una.
489 3962 556 4004 nam
579 3946 602 4003 si
626 3943 736 4005 dixeris
758 3935 949 4024 proconsule,
979 3946 1035 4006 erit
1063 3953 1257 4025 monoptoton
1281 3945 1445 4006 secundum
1469 3947 1538 4025 [lo-⁸

184 4103 185 4108 ,
238 4056 338 4107 natum
362 4054 391 4106 et
413 4046 501 4115 alios,
524 4048 575 4126 qui
599 4046 700 4106 dicunt
722 4065 755 4107 ea
778 4054 861 4126 parte
884 4045 1026 4107 declinari
1049 4066 1172 4116 nomen,
1202 4066 1257 4127 qua
1280 4048 1369 4107 merit
1391 4049 1420 4106 in
1444 4067 1523 4107 com-
1539 4070 1564 4105 :rs

175 4173 180 4182 ·
238 4150 384 4228 positione
411 4166 496 4209 casus
524 4149 727 4209 nominativus.
772 4145 931 4211 absurdum
966 4149 1055 4226 igitur
1089 4150 1145 4208 erit
1177 4148 1276 4209 dicere
1310 4152 1343 4208 ‘a
1377 4151 1526 4227 praetorio

308 4352 620 4405 ooa.Bern.15-o*.
692 4352 876 4418 lesperidum
951 4355 1034 4418 2pro
1055 4353 1149 4403 lluuiae
1220 4351 1285 4403 diu
1311 4369 1356 4405 om.
1430 4353 1525 4402 ieta

241 4425 353 4489 magistri
371 4423 434 4474 haec
456 4432 480 4472 et
496 4423 543 4473 boc
564 4424 589 4473 .l.
609 4432 633 4473 et
651 4438 665 4471 o
685 4424 778 4473 lraxiui
848 4433 872 4472 et
889 4430 927 4473 est
996 4427 1013 4473 4
1033 4422 1160 4473 ablaticus
1178 4423 1270 4473 similis
1340 4423 1431 4487 bqrrio
1450 4438 1524 4471 acerr-

239 4496 337 4546 satiuus
407 4493 629 4557 deloquutionem
698 4491 727 4559 it]
744 4494 773 4542 iit
842 4494 870 4543 id
886 4490 936 4558 est]
952 4502 978 4543 nt
994 4503 1033 4542 est
1101 4493 1523 4544 8accrrsatiuumuccatinnmorvi.

309 4565 342 4615 10
355 4563 448 4614 habent
519 4564 551 4614 14
571 4561 624 4629 hic]
643 4563 691 4614 boc
761 4564 793 4614 17
812 4561 913 4628 classis]
932 4564 1007 4615 clusis
1078 4564 1240 4614 2dccutraut
1271 4588 1276 4594 -
1310 4563 1341 4613 ²1
1362 4565 1525 4628 praeteritum

241 4635 380 4701 perlectum
399 4649 444 4686 orn.
515 4634 549 4684 34
568 4643 741 4699 monoptotum
763 4650 831 4686 corr.
855 4649 899 4683 -on
971 4633 1005 4684 36
1022 4634 1169 4684 nominatiui

309 4806 373 4874 dit]
392 4770 475 4873 'Vera
493 4806 558 4859 Aen.
578 4807 600 4854 V
617 4807 667 4857 451
756 4809 789 4857 22
808 4807 875 4870 quod
893 4806 1049 4871 iungendum
1067 4813 1105 4856 est
1124 4801 1257 4854 Putsclrius
1347 4804 1380 4856 23
1398 4805 1524 4854 civitatem

241 4892 291 4927 nou
309 4879 377 4944 novi,
394 4878 435 4929 dic
452 4879 556 4929 content
573 4877 695 4941 Hapevus
763 4877 797 4929 34
816 4877 954 4928 secundum
971 4872 1107 4941 Donatum]
1125 4889 1152 4938 p.
1166 4872 1227 4933 377,
1246 4872 1277 4924 ll
