3382 5498
739 370 975 433 countnutvtt
1112 360 1115 366 ’
1443 370 1506 435 249

1320 493 1341 534 r·
1354 482 1444 523 sss-n
1458 479 1481 521 r.

217 558 271 621 beo
293 558 394 621 dicere
416 558 454 620 dc
475 561 565 630 intus,
588 558 625 620 de
647 559 730 630 ioris,
754 567 786 621 ut
808 561 914 638 iungas
935 560 1180 640 praepositiones.
1211 577 1283 639 ergo
1305 578 1416 641 usurpa
1433 559 1505 622 illud

218 667 247 722 et
264 658 362 742 aliqua
384 662 428 723 sie
450 660 511 731 die,
538 659 544 742 Ι
567 660 604 722 ad
632 661 711 724 intro
740 669 769 720 et
797 660 832 723 ad
855 660 944 723 locas.
990 680 1064 741 cogo
1094 671 1122 723 te
1145 679 1217 740 ergo
1240 670 1271 723 et
1292 663 1335 723 sie
1355 660 1451 740 ioqui,
1481 664 1505 724 si

216 763 340 841 iungere
362 761 491 825 volueris
513 765 764 843 praepositiones:
796 771 828 823 ut
848 764 998 843 possimus
1019 767 1150 844 apertius
1175 763 1364 843 intellegere,
1389 764 1505 844 quando

216 872 283 926 sunt
302 865 360 925 ista
383 866 413 926 in
436 864 512 935 ioco,
536 865 654 945 quando
677 866 713 926 de
742 864 822 933 loco,
852 864 995 926 debemus
1017 865 1127 927 addere
1155 867 1404 946 praepositiones,
1432 883 1504 944 quo-

191 967 292 1029 satam
315 967 353 1028 de
374 967 519 1047 signifieat
540 966 578 1028 de
600 966 666 1029 loco
688 986 762 1036 esse,
786 965 823 1027 de
845 968 926 1028 intus
948 974 977 1027 et
999 965 1036 1027 de
1058 968 1141 1030 ioris.
1175 987 1247 1047 ergo
1269 970 1294 1029 si
1316 968 1373 1029 hoc
1396 975 1448 1037 est,
1473 976 1506 1028 nt

214 1068 281 1130 ideo
309 1069 409 1130 dicant
435 1068 600 1130 addendam
631 1087 697 1130 esse
732 1071 995 1149 praepositionem,
1030 1072 1168 1146 quoniam
1197 1071 1342 1149 signilieat
1369 1069 1406 1131 de
1439 1069 1505 1130 loco

215 1179 325 1253 aperte,
350 1189 405 1250 ego
428 1189 502 1250 eogo
525 1181 554 1232 te
576 1171 676 1232 dicere
697 1170 732 1230 ad
755 1173 845 1241 intro,
870 1170 905 1231 ad
928 1171 1017 1241 foras,
1041 1180 1073 1232 ut
1088 1174 1218 1252 apertius
1240 1171 1276 1233 ad
1299 1171 1396 1233 locum
1415 1172 1505 1249 signi·

215 1273 292 1335 dces.
338 1275 472 1335 novimus
495 1275 575 1334 enim
598 1275 666 1352 quia
687 1273 723 1335 ad
747 1272 784 1335 ad
806 1272 904 1333 locum
926 1273 1080 1352 signifieat.
1126 1291 1198 1352 ergo
1227 1273 1318 1335 debes
1347 1272 1447 1333 dicere
1469 1272 1505 1333 ad

216 1377 308 1446 intro,
345 1383 379 1437 ut
406 1377 538 1455 apertius
567 1376 715 1453 significes
744 1374 779 1435 ad
809 1373 915 1438 locum.
968 1374 1020 1436 sed
1049 1375 1106 1436 hoc
1136 1392 1322 1454 nequaquam
1349 1393 1508 1456 possumus

182 1476 323 1547 telaeere,
348 1485 378 1538 et
399 1478 509 1539 utimur
531 1479 596 1538 sine
617 1478 847 1557 praepositione.
885 1485 915 1538 et
936 1476 1054 1554 quando
1077 1479 1115 1539 sit
1138 1479 1312 1556 significatio
1334 1477 1379 1538 vel
1394 1479 1424 1538 in
1439 1477 1506 1539 ioco

217 1564 257 1640 let
280 1579 416 1650 deloco,
441 1579 478 1640 de
501 1578 600 1640 verbis
620 1578 778 1658 intellegis.

297 1681 411 1744 terion
425 1683 512 1742 etiam
524 1684 695 1762 conparatio
707 1680 863 1743 adverbiis.
888 1683 1113 1761 cooperationes
1129 1681 1335 1744 adverbiorum
1346 1690 1408 1745 tres
1422 1689 1505 1745 sunl:
1520 1687 1535 1735 4
1538 1688 1578 1774 .¹⁵’
1591 1688 1624 1735 ‘at

218 1793 264 1845 aut
276 1785 355 1845 enim
368 1785 525 1864 positivum
537 1783 660 1862 gradum
676 1785 825 1863 recipiunt
840 1791 890 1844 aut
904 1785 1125 1863 conparativum
1139 1791 1188 1844 aut
1203 1784 1423 1864 superlativum.
1448 1787 1507 1865 pri·
1520 1756 1579 1872 ἓῗὲ·
1594 1757 1625 1872 J}

218 1904 295 1948 mum
315 1888 394 1947 scire
416 1885 507 1948 debes
529 1905 590 1947 non
613 1887 710 1947 omnia
734 1884 873 1947 adverbia
895 1887 1031 1965 recipere
1047 1888 1283 1965 conparationes,
1307 1887 1358 1948 sed
1383 1906 1507 1967 eaquae
1572 1859 1578 1884 ’

186 1988 328 2054 lidueunt
343 1989 487 2067 originem
505 1987 704 2049 anominibus
721 1987 933 2068 recipientibus
949 1990 1203 2068 conparationem.
1225 2007 1285 2048 non
1301 2008 1389 2050 omne
1404 1989 1507 2050 advec-

218 2090 296 2152 bium
311 2090 419 2169 recipit
434 2091 685 2170 conparationem,
712 2089 763 2151 sed
784 2089 813 2150 id
830 2089 1011 2160 adverbium,
1034 2090 1112 2171 quod
1129 2092 1235 2170 recipit
1256 2094 1507 2172 conparationem,

220 2194 294 2254 venit
310 2210 326 2252 a
343 2191 512 2253 nominibus
533 2192 745 2273 recipientibus
761 2194 1013 2272 conparationem.
1037 2201 1107 2272 puta
1124 2192 1228 2254 doctus
1244 2194 1351 2273 recipit
1364 2211 1507 2274 conpara·

218 2295 335 2364 tionem,
353 2294 440 2354 docte
462 2282 587 2362 doctius.
624 2312 656 2355 ea
674 2313 745 2373 ergo
763 2292 901 2355 adverbia
918 2296 1066 2373 recipiunt
1083 2297 1333 2373 conparationem,
1352 2313 1427 2373 quae
1444 2295 1507 2375 du]-

219 2403 286 2458 cunt
301 2396 446 2473 originem
463 2415 478 2456 a
495 2394 664 2457 nominibus
680 2395 891 2475 recipientibus
906 2399 1159 2476 conparationem.
1183 2398 1252 2474 quid
1269 2415 1340 2476 ergo
1356 2399 1508 2476 sequitur?

188 2496 263 2558 vitta
286 2496 434 2567 adverbia,
459 2516 535 2576 quac
558 2496 669 2560 ducunt
691 2500 836 2576 originem
852 2517 867 2557 a
884 2498 984 2569 verbo,
1009 2518 1068 2559 non
1091 2502 1240 2579 recipiunt
1257 2501 1507 2579 conparationem,

219 2602 354 2677 quoniam
386 2599 507 2661 verbum
543 2618 601 2660 non
630 2602 737 2680 recipit
770 2602 1022 2679 conparationem.
1074 2609 1105 2661 ut
1138 2610 1208 2680 puta
1241 2603 1353 2662 cursim
1383 2604 1507 2664 strictim

219 2720 275 2763 uon
304 2703 454 2781 recipiunt
483 2705 742 2781 conparationem,
776 2704 914 2783 quoniam
943 2702 1055 2764 ducunt
1081 2705 1224 2781 originem
1253 2722 1268 2762 a
1295 2703 1400 2772 verbo,
1430 2701 1507 2780 quod

219 2803 338 2865 verbum
362 2822 419 2864 non
444 2807 550 2883 recipit
572 2805 823 2883 conparationem.
859 2805 928 2882 quid
952 2804 999 2864 illa
1023 2803 1171 2873 adverbia,
1196 2822 1271 2882 quae
1295 2806 1438 2883 originem
1455 2803 1507 2864 du-

220 2911 286 2965 cunt
313 2923 329 2964 a
358 2908 547 2985 pronomine,
579 2906 696 2966 meatim
726 2908 847 2968 tuatim?
881 2924 941 2967 non
970 2909 1119 2985 recipiunt
1147 2909 1404 2986 conparationem,
1436 2923 1508 2985 quo·

188 3007 294 3070 auam
323 3026 378 3068 nec
408 3027 572 3088 pronomen
603 3009 710 3087 recipit
738 3011 989 3088 conparationem.
1034 3009 1104 3087 quid
1133 3011 1157 3069 si
1186 3017 1255 3088 puta
1288 3008 1337 3069 itta
1371 3006 1508 3068 adverbia

219 3110 361 3188 originem
384 3110 494 3171 ducant
517 3129 533 3170 a
557 3111 784 3171 coniunctione?
820 3129 880 3170 non
909 3112 1059 3190 recipiunt
1082 3113 1334 3190 conparationem.
1380 3127 1451 3187 ergo
1474 3129 1508 3169 ea

219 3211 352 3275 adverbia
374 3214 523 3291 recipiunt
545 3213 802 3291 conparationem,
827 3229 901 3289 quae
925 3212 1038 3273 ducunt
1060 3214 1204 3291 originem
1232 3230 1247 3272 a
1270 3211 1439 3272 nominibus
1461 3230 1508 3272 re·

219 3313 391 3394 cipientibus
414 3317 663 3394 conparationem.
709 3321 738 3373 et
763 3303 820 3375 ista
848 3317 910 3393 ipsa
934 3312 1085 3382 adverbia,
1122 3332 1197 3392 qnae
1223 3315 1372 3393 recipiunt
1399 3331 1507 3393 conpa-

219 3418 370 3485 rationem,
394 3418 424 3476 iu
449 3418 572 3496 positivo
596 3437 614 3472 a
636 3434 724 3477 unam
748 3416 880 3494 regulam
904 3415 1021 3477 habent.
1051 3418 1081 3476 in
1106 3417 1294 3494 conparativo
1317 3414 1396 3476 illam
1420 3434 1507 3495 quarn

188 3517 345 3579 altisimus
366 3517 498 3596 regulam
522 3518 590 3578 inde
614 3517 774 3597 probamus
796 3518 833 3578 de
852 3518 909 3578 boe
931 3519 996 3596 ipso
1019 3519 1138 3577 nomine
1160 3516 1236 3578 bene
1260 3516 1364 3578 melius
1387 3519 1506 3596 optimc.

220 3638 274 3681 non
305 3628 349 3681 est
378 3619 482 3689 breve,
518 3629 549 3681 ut
571 3623 646 3681 scias
669 3619 802 3698 regulam
825 3619 1011 3698 superlativi,
1045 3618 1123 3680 unde
1145 3620 1275 3689 venerit,
1310 3621 1371 3682 sive
1399 3638 1415 3680 a
1442 3639 1507 3680 cor·

219 3731 301 3803 repto
323 3724 464 3802 positivo,
493 3725 553 3783 sive
577 3744 592 3783 a
615 3721 775 3801 producto;
806 3721 897 3782 nibilo
927 3724 1023 3783 minus
1052 3721 1101 3782 iila
1124 3720 1226 3799 regula
1251 3727 1392 3783 remanet.
1439 3740 1508 3799 ergo

219 3825 255 3884 ita
284 3843 316 3885 se
345 3823 453 3885 babent
484 3824 613 3903 regulae.
664 3826 693 3883 in
723 3825 848 3903 positivo
876 3825 950 3887 duae
983 3833 1052 3885 sunt
1085 3823 1219 3902 regulae,
1253 3825 1284 3883 in
1319 3826 1509 3903 conparativo

221 3944 274 3987 una
299 3935 352 3988 est.

189 4038 210 4079 ιι
301 4029 377 4089 Sunt
398 4027 495 4105 aliqua
518 4028 655 4090 adverbia
678 4047 754 4106 quae
778 4048 836 4090 uon
859 4031 1008 4108 recipiunt
1026 4027 1031 4113 Ι
1050 4032 1302 4111 conparationem,
1327 4037 1357 4090 et
1373 4029 1508 4092 v'olumus¹
1522 4040 1579 4095 tun,
1597 4041 1626 4087 tt

223 4130 251 4190 in
273 4132 347 4211 ipsis
370 4130 469 4190 lacere
493 4133 743 4208 conparationem.
789 4149 889 4201 mane,
914 4150 973 4193 non
996 4151 1153 4212 possumus
1175 4132 1274 4194 dicere
1303 4131 1382 4211 quod
1410 4109 1626 4193 ι1ἰιυηι512’29

286 4387 303 4437 6
321 4388 440 4450 quorricuu
454 4389 598 4454 siguilicuut
614 4391 634 4437 ι’
687 4390 701 4437 i
721 4398 807 4452 aperte
827 4400 849 4437 ct
869 4405 917 4454 ego
933 4390 994 4438 Bc'a
1013 4400 1098 4452 aperte
1116 4399 1139 4436 et
1159 4403 1219 4454 ergo
1234 4389 1258 4437 A
1309 4386 1326 4436 8
1345 4386 1424 4436 debeo
1439 4386 1510 4436 ABG

289 4457 320 4507 12
338 4460 414 4506 etium
429 4472 475 4507 orn.
491 4460 523 4515 A,
541 4457 646 4507 odda*
701 4457 733 4509 13
749 4459 817 4508 enim
836 4475 882 4511 orn,
899 4459 933 4517 A,
947 4459 1036 4510 adda
1091 4458 1297 4508 lllsecunturA
1349 4456 1509 4521 idergoeu

221 4527 339 4576 adverbia
352 4528 476 4592 recipiunt
490 4531 695 4593 conparationem
711 4543 756 4577 om.
772 4530 805 4589 A,
820 4529 880 4577 add.
894 4544 910 4576 u
962 4527 996 4577 29
1009 4528 1033 4576 in
1050 4528 1160 4593 positino
1175 4543 1250 4578 urnam
1264 4526 1347 4576 ABG
1360 4528 1384 4573 in
1397 4525 1507 4591 positiuo

221 4610 267 4646 non
288 4611 361 4646 unam
375 4614 401 4650 a,
414 4602 561 4649 sententiam
577 4603 733 4664 grammatici
748 4600 882 4650 ostendunt
892 4613 923 4646 ca
936 4612 1001 4662 quae
1013 4598 1044 4648 de
1056 4600 1149 4662 regulis
1161 4600 1263 4660 positivi
1274 4605 1299 4646 et
1310 4597 1468 4659 conparatiui
1482 4603 1508 4643 et

219 4669 367 4731 superlativi
381 4671 485 4730 scripsit
503 4671 606 4720 Seruius
623 4673 647 4718 in
663 4671 727 4719 Don.
742 4686 768 4733 p.
783 4669 843 4723 415,
859 4667 901 4719 28.
923 4670 1007 4732 itaque
1023 4670 1136 4717 lacunam
1154 4670 1274 4727 indicaui,
1293 4668 1317 4714 in
1334 4667 1437 4730 reliquie
1451 4679 1507 4713 cer-

221 4743 318 4799 ruptum
333 4738 442 4787 codicum
458 4742 609 4801 scripturam
626 4739 720 4787 retinui
806 4737 840 4788 30
862 4737 976 4801 regulam
995 4737 1055 4786 inde
1074 4738 1156 4787 ABG
1179 4739 1292 4802 regulum
1312 4736 1336 4783 in
1355 4735 1394 4783 ius
1413 4735 1472 4783 iude
1490 4751 1507 4782 n

288 4807 319 4857 31
338 4822 388 4858 uon
406 4820 444 4859 est
460 4811 542 4860 ABG
559 4809 625 4873 qnod
642 4818 680 4859 est
697 4824 714 4858 a
792 4811 889 4857 venerit
907 4824 951 4859 orn.
969 4807 1002 4868 A,
1024 4808 1085 4856 add.
1106 4805 1138 4856 α*
1218 4813 1332 4870 correpto
1351 4805 1506 4868 poeninon·

221 4878 363 4942 eorreptiuo
382 4880 464 4943 posito
483 4881 507 4929 A
523 4882 665 4946 correptiuo
685 4880 795 4947 positino
815 4879 867 4927 BC
934 4875 967 4927 32
986 4878 1029 4943 illa
1048 4878 1137 4944 regula
1154 4876 1233 4927 nihilo
1251 4876 1335 4924 minus
1353 4875 1378 4923 B
