3346 5498
253 340 313 405 ιιι
817 339 969 434 rorum

277 464 298 505 p.
314 452 400 491 126-23
416 451 436 490 l„
1275 458 1287 489 t

246 534 346 613 primo
368 531 425 591 hoc
447 532 544 609 ipsum
567 538 627 590 tam
642 529 728 610 quale
751 527 924 590 adverbium
948 529 1011 590 est?
1033 529 1206 591 adverbium
1222 530 1403 609 conparativi
1420 528 1540 606 gradus.

235 647 309 714 'qno
332 631 421 693 modo
443 631 534 692 dicis?
561 634 698 712 quoniam
727 633 970 712 conparationem
992 632 1064 693 lacit
1081 622 1123 692 ¹cn
1145 631 1336 711 aequalitate,
1365 631 1422 691 hoc
1445 632 1542 711 ipsum

250 744 311 796 tam
338 736 558 815 conparativum
588 741 646 803 est,
676 733 704 794 id
735 741 779 794 est
807 735 986 814 conparativi
1009 735 1069 794 iam
1091 732 1200 812 gradus
1223 742 1275 795 est.
1320 733 1399 794 nude
1422 742 1544 812 apparet

250 839 318 917 quia
351 838 556 916 conparativus
589 845 642 897 est.
680 835 879 897 animadverte
907 854 992 914 ergo,
1027 844 1057 896 et
1085 835 1212 905 ridebiS,
1241 853 1330 913 quern
1359 834 1394 896 ad
1423 835 1542 895 modum

252 958 312 1000 non
339 947 384 999 est
412 958 526 999 verum.
571 937 618 998 dic
641 938 727 1008 milri,
757 947 855 1001 utrum
886 957 1007 1018 possum
1032 937 1132 998 dicere
1155 947 1213 999 tam
1237 938 1368 1008 doctiopl
1402 936 1571 1016 numquida

251 1059 373 1120 possum
395 1039 514 1100 dicere?
537 1038 704 1108 nonlicet,
727 1038 919 1100 soloecismus
942 1048 995 1099 est.
1033 1041 1142 1117 qnare?
1164 1042 1303 1119 quoniam
1327 1048 1387 1100 tam
1410 1040 1465 1100 lroc
1489 1047 1543 1109 est,

252 1142 329 1224 qnod
360 1149 406 1203 cst
433 1142 557 1202 doctior.
601 1142 668 1228 ideo
696 1159 756 1202 non
784 1140 850 1201 dico
878 1149 937 1201 tarn
966 1141 1093 1211 doctior,
1123 1161 1161 1203 ne
1184 1142 1284 1203 videar
1307 1141 1406 1202 dicore
1430 1140 1545 1201 doctior

252 1245 382 1313 doctior;
416 1244 484 1304 idco
517 1263 577 1305 non
611 1244 677 1304 dico
706 1251 769 1309 ,tam
801 1243 1000 1313 doctissimus,
1031 1261 1068 1304 ue
1098 1243 1198 1303 videar
1226 1243 1326 1304 dicere
1355 1243 1545 1305 doctissimus

253 1347 449 1408 doctissimus.
496 1355 554 1407 tam
584 1347 661 1406 enim
690 1345 747 1406 vim
776 1344 867 1405 habet
894 1344 1085 1424 cooperandi.
1130 1363 1201 1424 crgo
1230 1347 1255 1405 si
1282 1346 1340 1406 hoc
1367 1348 1462 1426 ipsum
1484 1354 1545 1406 tam

252 1452 312 1510 vim
339 1448 429 1510 lrabet
457 1446 653 1528 conparandi,
690 1445 964 1526 quotienscnmlqne
991 1448 1121 1525 iungitur
1148 1449 1288 1527 positivo,
1323 1446 1381 1509 tale
1409 1455 1453 1508 cst
1486 1456 1585 1508 tamn

255 1551 376 1620 doctus,
400 1549 486 1629 quale
508 1551 533 1609 si
555 1548 637 1609 dicas
660 1548 784 1609 doctior.
817 1549 926 1628 quare?
948 1549 1016 1629 quia
1038 1548 1096 1608 lroc
1116 1551 1214 1628 ipsum
1237 1558 1296 1609 tam
1319 1549 1434 1609 doctior
1456 1550 1547 1627 signi·

255 1655 331 1712 licat.
364 1652 442 1711 nndc
465 1657 589 1730 apparet
611 1652 753 1729 qnoniam
777 1669 836 1711 non
860 1659 904 1711 est
925 1669 1026 1713 verum
1050 1649 1129 1730 quod
1152 1649 1263 1711 dicunt.
1295 1650 1402 1711 deinde
1425 1658 1470 1711 est
1492 1649 1548 1711 alia

254 1755 329 1815 ratio
352 1752 492 1820 validior,
522 1770 598 1831 quac
626 1750 718 1812 solvat
744 1754 829 1812 istam
858 1753 1072 1832 quaestionem.
1116 1754 1183 1832 quia
1212 1752 1340 1813 diximus
1363 1754 1547 1832 conparatio·

255 1874 323 1916 nem
347 1873 412 1915 csse
436 1854 634 1915 elocutionem
656 1873 730 1934 quae
753 1873 788 1914 cx
804 1853 925 1914 alterius
938 1853 1104 1915 conlatione
1120 1852 1244 1915 alterum
1260 1856 1405 1934 praefert,
1429 1853 1548 1932 quando

255 1957 382 2017 dicimus
405 1960 481 2016 ‘tam
505 1955 609 2017 doctus
632 1964 677 2016 cst
691 1955 740 2016 laic
755 1974 843 2035 quarn
866 1954 944 2026 ille',
966 1974 1024 2036 quo
1047 1955 1134 2016 modo
1157 1966 1242 2036 potes
1264 1956 1337 2017 milri
1359 1955 1458 2016 dicere
1482 1956 1547 2016 ‘hic
1562 1979 1587 2018 15

255 2067 313 2120 tam
338 2059 442 2118 doctus
464 2066 509 2118 est
531 2076 619 2137 quam
641 2057 718 2127 ille',
747 2076 814 2118 curu
839 2077 899 2119 non
921 2057 1100 2138 praetuleris
1121 2057 1220 2118 illum?
1258 2077 1346 2137 quem
1368 2057 1405 2118 ad
1428 2057 1549 2118 modum

256 2169 301 2220 est
323 2161 510 2238 conparatio?
533 2179 600 2220 nam
617 2161 642 2219 si
658 2158 745 2219 ambo
762 2161 899 2221 ellectum
915 2158 1034 2229 habent,
1059 2167 1088 2218 ct
1111 2167 1216 2220 neuter
1238 2159 1387 2238 praelatus
1410 2167 1464 2228 est,
1488 2177 1550 2218 non
1600 2168 1621 2198 '·

256 2268 302 2321 est
324 2263 504 2338 conparatio.
551 2263 724 2340 conparatio
748 2269 845 2321 autem
869 2260 945 2321 lranc
969 2260 1059 2321 lrabet
1080 2269 1231 2330 naturam,
1262 2272 1293 2320 nt
1315 2261 1440 2321 alterum
1464 2260 1550 2321 alteri

255 2364 413 2443 praelerat.
451 2363 531 2423 unde
554 2370 677 2443 apparet
700 2363 838 2442 quoniam
861 2361 933 2423 illud
956 2361 1063 2423 lalsum
1087 2369 1140 2423 est.
1178 2365 1320 2424 remansit
1343 2379 1414 2441 crgo
1435 2369 1468 2422 ut
1489 2369 1551 2423 tres

256 2465 316 2525 sint
337 2464 461 2542 gradun,
485 2466 627 2543 positivus
650 2467 857 2543 conparativns
879 2465 1085 2543 superlativus
1563 2488 1589 2526 ro

137 2617 197 2679 407,
214 2616 245 2665 14
341 2601 432 2662 Plane
455 2603 511 2661 iste
534 2602 675 2679 positivus
698 2602 794 2661 ornnia
818 2603 925 2681 recipit
946 2619 1070 2679 genera,
1096 2608 1124 2660 et
1146 2599 1355 2670 masculinum,
1380 2600 1496 2669 doctus,
1521 2609 1552 2661 et

256 2704 446 2772 femininum,
476 2702 576 2771 docta,
607 2711 637 2762 ct
665 2711 817 2771 neutrum,
847 2702 981 2772 doctum,
1012 2712 1040 2763 et
1062 2721 1234 2772 commune,
1264 2701 1381 2771 docilis,
1411 2710 1439 2762 et
1461 2704 1550 2763 trium

257 2823 418 2882 generum,
443 2823 553 2865 amans.
600 2805 716 2883 positivi
740 2813 809 2864 sunt
832 2822 935 2864 omues
957 2825 1030 2883 «qnos
1052 2804 1120 2864 dixi.
1167 2807 1372 2883 conparativns
1394 2805 1452 2864 dno
1474 2806 1551 2865 rcci-

257 2909 300 2985 pit
326 2925 451 2984 genera,
481 2913 621 2966 neutrum
645 2912 675 2966 et
705 2924 876 2976 commune,
902 2905 1015 2967 doctius
1038 2906 1162 2967 doctior.
1206 2905 1402 2986 superlativus
1426 2907 1480 2967 tria
1504 2925 1551 2966 re·

103 3049 110 3063 s
140 3024 198 3083 tut,
215 3024 246 3073 18
259 3009 332 3088 cipit
353 3027 478 3086 genera,
503 3006 697 3068 mascnlinum
720 3007 894 3068 femininum
918 3017 1071 3076 rreutrnm,
1096 3026 1152 3068 nec
1175 3006 1301 3086 anaplius
1323 3010 1451 3088 penitus.
1478 3009 1550 3068 item
1565 3033 1591 3072 aa

258 3118 303 3170 est
325 3109 413 3170 aliud.
458 3111 489 3171 in
511 3111 636 3188 positivo
658 3110 766 3170 rrrvvltac
788 3117 857 3170 sunt
878 3108 1012 3187 regulae.
1042 3108 1199 3189 aliquando
1221 3111 1252 3169 in
1274 3128 1323 3178 ns,
1347 3119 1379 3169 ut
1401 3109 1520 3178 doctus,
1546 3109 1550 3191 Ι

258 3211 415 3292 aliquando
438 3214 468 3271 in
492 3231 521 3281 a,
552 3220 584 3272 ut
606 3211 706 3281 docta,
737 3210 893 3291 aliquando
915 3213 944 3272 in
968 3229 1032 3281 um,
1061 3220 1093 3271 ut
1120 3212 1254 3280 ductum,
1283 3210 1441 3292 aliquando
1463 3213 1494 3272 in
1516 3213 1552 3282 is,

259 3323 290 3375 nt
320 3313 436 3383 docilis,
469 3313 625 3394 aliquando
658 3316 688 3374 in
721 3333 788 3383 aras,
823 3321 856 3374 nt
884 3332 999 3382 amans,
1029 3312 1187 3393 aliquando
1216 3315 1246 3373 in
1270 3332 1318 3382 cr,
1351 3320 1384 3374 nt
1411 3311 1552 3392 pulclier:

259 3418 357 3477 variae
386 3425 454 3476 sunt
483 3417 618 3495 regulae,
646 3425 715 3477 sunt
736 3423 833 3476 autem
857 3414 931 3477 lllll.
970 3418 1176 3494 cooperativus
1202 3422 1317 3475 tantum
1345 3415 1419 3476 duas
1445 3418 1554 3494 recipit

259 3516 391 3594 regulas,
416 3519 445 3577 in
469 3537 502 3578 or
526 3527 555 3578 et
576 3521 607 3578 in
630 3538 672 3578 ns.
703 3517 900 3596 superlativus
916 3527 977 3578 tres
992 3517 1096 3589 habet,
1118 3519 1209 3579 siturus
1225 3519 1298 3577 sima
1314 3519 1429 3579 simum.
1460 3536 1592 3597 (quarere

259 3621 331 3679 istas
353 3619 472 3696 regulas
495 3619 572 3679 divi?
594 3621 732 3699 quoniam
749 3619 880 3680 incidere
895 3619 1006 3679 lrahent
1020 3619 1117 3699 aliqua
1132 3621 1252 3680 nomina
1275 3638 1349 3699 cquae
1370 3621 1430 3679 sint
1450 3629 1552 3679 contra

259 3721 331 3779 istas
355 3720 481 3798 regulas.
512 3724 589 3781 scire
605 3721 696 3782 debes
711 3723 850 3801 quoniam
874 3719 1008 3781 anomala
1031 3728 1061 3782 ct
1082 3721 1221 3782 deficiunt
1243 3729 1272 3782 et
1294 3719 1457 3801 inaequalia
1473 3731 1551 3782 suut.

143 3838 201 3898 430,
216 3824 469 3901 aoconparativns
490 3823 600 3898 gradus
622 3825 742 3900 generis
765 3830 809 3884 est
831 3842 949 3903 sempor
971 3825 1152 3892 communis,
1182 3822 1312 3892 doctior,
1336 3832 1459 3902 excepto
1483 3842 1552 3893 uno,

262 3931 294 3983 ut
316 3925 355 3983 ait
378 3922 506 3991 Probus,
536 3926 644 3985 senior.
689 3942 758 3985 narn
780 3942 870 3986 senex
895 3925 1034 3995 dicimus,
1064 3927 1163 3987 senior
1191 3943 1250 3985 non
1273 3942 1432 4005 possumus
1454 3924 1555 3985 dicere

263 4024 299 4084 de
323 4024 440 4084 lerrrina.
486 4031 584 4086 tamen
612 4027 777 4086 invenimus
804 4024 912 4086 lectum
941 4027 1018 4106 apud
1041 4028 1191 4106 antiquos,
1216 4046 1274 4088 non
1298 4027 1420 4088 idoneos
1444 4034 1551 4087 tamen.
1566 4046 1593 4086 aa

264 4213 564 4221 ψ-

333 4349 348 4397 7
365 4348 449 4398 dicere
469 4349 567 4398 doctior
584 4348 682 4397 doctior
699 4350 756 4398 ideo
776 4349 847 4401 nea
865 4349 950 4399 dicere
969 4351 1067 4400 doctior
1084 4351 1143 4401 ideo
1162 4350 1186 4400 Α
1257 4351 1273 4402 8
1292 4350 1376 4401 dicere
1392 4351 1554 4413 doctissimus

265 4461 352 4476 ,,,,,
372 4419 548 4480 (doctissimus
568 4427 617 4466 tarn
638 4421 705 4468 enim
724 4420 786 4470 aaa.
801 4420 830 4483 α)
849 4421 899 4468 uim
918 4419 992 4469 habet
1017 4422 1173 4486 cooperandi
1191 4421 1216 4470 A
1285 4421 1383 4488 llergo
1402 4422 1474 4470 si—
1493 4437 1554 4472 con-

263 4490 369 4559 parandi
389 4506 434 4538 ona.
451 4489 485 4548 A,
506 4488 566 4540 add.
585 4505 602 4537 a
675 4488 705 4539 13
724 4505 773 4552 qna
790 4490 869 4553 (quoe
885 4506 952 4540 corr.
972 4506 1022 4554 qne
1041 4491 1065 4539 Α
1085 4508 1159 4556 qnam
1179 4490 1211 4553 0)
1230 4493 1342 4543 diximus
1356 4507 1414 4542 esse
1429 4505 1553 4557 conpare·

264 4562 358 4610 tionem
374 4560 400 4609 ld
418 4569 456 4609 est
473 4559 624 4608 locutionem
644 4560 727 4610 ABG
797 4561 828 4610 lo
847 4561 1030 4625 potestABC
1099 4561 1131 4612 te
1150 4561 1217 4611 unde
1235 4574 1341 4629 apparet
1360 4565 1480 4626 qnoniam
1502 4577 1552 4611 uon

264 4642 302 4680 eat
318 4645 406 4679 uerum
423 4629 490 4694 quod
508 4628 593 4678 dicunt
609 4629 699 4678 deinde
719 4639 756 4679 cst
771 4655 802 4665 —·
814 4631 884 4680 alteri
900 4629 1025 4696 praeierat
1044 4631 1111 4680 unde
1128 4641 1233 4697 apparet
1248 4633 1368 4695 quonlam
1382 4632 1443 4681 illud
1461 4631 1554 4681 falsum

265 4710 303 4750 est
320 4702 434 4763 repetitis
452 4701 484 4750 ir'e
499 4714 563 4765 quae
578 4707 654 4748 antea
667 4702 764 4763 scriptu
779 4708 853 4751 eram
869 4703 893 4749 A
946 4700 980 4748 30
999 4702 1023 4748 in
1044 4716 1072 4750 or
1086 4710 1110 4750 et
1128 4704 1152 4750 ln
1172 4718 1202 4751 ue
1222 4703 1246 4751 Α
1266 4705 1292 4752 in
1307 4717 1336 4752 or
1351 4710 1375 4751 ct
1393 4702 1418 4751 in
1434 4702 1473 4751 ius
1491 4699 1555 4751 BCa

261 4770 375 4834 sortasse
393 4773 431 4820 ior
449 4781 474 4820 et
493 4770 533 4819 ius
620 4769 653 4820 31
672 4771 745 4836 probi
766 4771 798 4821 0:
814 4770 892 4822 Prob.
909 4771 986 4822 instit.
1007 4778 1057 4822 nrt.
1073 4788 1101 4835 p.
1120 4771 1162 4829 61,
1181 4771 1197 4822 3
1286 4772 1320 4824 35
1339 4779 1421 4822 tamen
1441 4785 1487 4821 nos
1507 4770 1555 4821 hoc

265 4854 368 4890 seruare
388 4839 426 4891 Ob
441 4848 525 4890 tamen
542 4853 593 4890 non
614 4856 717 4892 seruare
734 4839 759 4890 B
775 4847 857 4889 tumen
876 4854 935 4890 nom
953 4856 1055 4890 seruare
1076 4843 1099 4890 A
