3346 5498
262 383 327 449 242
527 439 531 447 .
833 383 986 448 ΡΟΜΡΕΠ

288 507 310 548 p.
324 495 412 535 828-31
428 493 449 534 L.

263 583 333 636 sunl
355 592 429 654 quae
452 592 468 635 a
491 591 523 634 se
546 582 723 641 nascuntur,
748 581 780 635 ul
801 591 868 633 cras
890 572 996 633 borno.
1041 571 1137 632 borno
1161 579 1206 633 est
1228 572 1285 633 boo
1306 590 1394 633 auno.
1441 575 1559 653 putasi

264 676 334 736 velis
357 677 457 737 dicere
479 675 554 737 ‘boe
576 675 624 735 die
647 677 723 744 bet’,
747 675 865 754 quaudo
888 675 962 736 dicis
984 673 1091 735 ‘bodie
1112 675 1190 744 liet‘‚
1215 675 1251 735 ad
1267 674 1345 735 diem
1368 684 1557 754 praesentem

262 779 365 839 refers.
409 777 478 858 quid
507 780 539 838 si·
560 778 631 838 velis
659 777 759 838 dicere
786 777 861 838 ‘boc
893 779 1009 837 onno'l
1043 776 1250 839 adverbialiter
1279 796 1338 838 non
1367 776 1472 847 bodie,
1501 777 1555 838 sed

262 879 358 942 borno
385 881 476 941 debes
502 881 616 951 dicere,
644 887 714 959 puta
743 879 857 940 ‘borno
885 880 994 940 lartum
1017 883 1094 947 est',
1124 878 1155 939 id
1179 875 1183 959 l
1209 887 1254 940 est
1275 872 1332 939 boo
1355 896 1442 940 anuo.
1488 878 1558 940 inde

262 985 351 1044 etiam
380 983 498 1060 ‘irriges
523 982 719 1042 hornotinae'
748 981 900 1042 dicuntur:
934 978 1047 1059 legistis
1073 981 1103 1041 in
1126 982 1318 1042 frumentaria
1342 982 1584 1060 ‘qnantum-s

262 1103 415 1164 cumque
459 1085 638 1146 frumenti
674 1084 871 1144 hornotini
913 1089 1192 1144 exaraverunt'.
1238 1101 1414 1163 quamquam
1452 1081 1556 1144 Cicero

261 1186 428 1247 ‘hornotini
456 1187 618 1247 trumenti'
647 1184 732 1255 dicit,
762 1185 901 1246 Horatius
928 1203 988 1245 non
1017 1184 1089 1244 dicit
1115 1184 1267 1245 hornotini
1294 1184 1345 1245 sed
1374 1183 1462 1244 borni
1495 1183 1557 1268 lm·

261 1290 368 1357 menti,
400 1291 452 1347 ‘et
479 1287 593 1348 borna
622 1289 729 1365 fruge
758 1286 885 1354 lares',
923 1304 978 1365 pro
1007 1304 1042 1346 eo
1071 1285 1149 1363 quod
1173 1294 1218 1347 est
1241 1287 1417 1346 ‘hornotino
1439 1285 1554 1364 lruge’.

262 1407 333 1468 ergo
356 1389 452 1450 borno
476 1398 519 1451 est
541 1408 619 1449 anno
643 1398 809 1469 praesente.
839 1388 895 1450 alia
913 1405 991 1458 vero,
1015 1406 1091 1468 quae
1113 1387 1233 1449 aliunde
1256 1389 1402 1466 originem
1427 1394 1556 1457 sumunt,

261 1493 298 1553 ab
320 1493 384 1553 istis
406 1490 496 1553 rebus
519 1490 690 1558 trabuntur,
714 1496 764 1551 aut
786 1509 802 1552 a
826 1492 945 1551 nomine
967 1491 1104 1569 proprio,
1128 1497 1209 1551 anta
1225 1492 1345 1550 nomine
1368 1488 1596 1569 appellativum

261 1600 312 1654 aut
334 1612 350 1653 a
374 1594 478 1666 verbo,
502 1602 551 1653 aut
573 1613 589 1654 a
613 1593 733 1653 nomine
757 1600 786 1652 et
808 1591 914 1661 verbo,
939 1598 989 1651 aut
1012 1609 1027 1650 a
1051 1594 1228 1670 pronomine
1252 1590 1296 1672 [et
1318 1588 1483 1670 adverbio],
1507 1598 1558 1652 aut

261 1715 278 1756 a
306 1697 470 1775 participio.
514 1696 613 1755 omnia
646 1693 798 1763 adverbia,
833 1712 907 1771 qnae
940 1693 1059 1754 aliunde
1093 1695 1237 1771 originem
1265 1700 1398 1768 sumunt,
1428 1690 1466 1752 ab
1494 1693 1558 1753 istis

262 1798 351 1859 rebus
375 1799 510 1857 veniunt:
545 1796 590 1856 vel
612 1814 628 1856 a
652 1797 772 1856 nomine
800 1797 935 1874 proprio,
960 1794 1005 1856 vel
1028 1796 1064 1857 ab
1087 1795 1278 1875 appellativo,
1302 1812 1318 1854 a
1341 1778 1464 1874 proprio
1485 1793 1557 1855 Tul·

260 1898 317 1960 lius
339 1898 486 1968 Tulliano,
512 1897 657 1976 Vergilius
673 1896 855 1975 Vergilianc,
879 1897 1017 1957 Horatius
1037 1898 1205 1959 Horatiane.
1237 1916 1252 1957 a
1276 1899 1396 1957 nomine
1418 1898 1556 1976 proprio:

260 2002 379 2062 inistis
401 1998 547 2082 adverbiis
570 2018 675 2077 magna
698 1994 855 2060 difficultas
879 2006 937 2068 est,
961 2017 1018 2078 qno
1042 2000 1130 2060 modo
1153 2007 1329 2067 nascuntur,
1352 2001 1455 2059 utrum
1478 1997 1555 2059 ‘llo
1570 2023 1595 2064 rs

261 2105 336 2163 ratic
360 2102 449 2162 dixit'
478 2102 626 2170 dicamus,
651 2120 688 2162 an
711 2101 889 2162 ‘Horatiano
912 2101 1012 2170 dixit'‚
1044 2110 1142 2162 utrum
1165 2101 1279 2162 ‘Tullio
1302 2100 1402 2171 dixit’,
1426 2119 1465 2162 an
1487 2099 1558 2162 Tul·

260 2203 348 2264 liane.
392 2205 557 2264 invenimus
580 2206 659 2264 enirn
684 2203 779 2281 aliqua
801 2205 832 2263 in
856 2203 1052 2272 derivatione,
1077 2223 1151 2283 quae
1174 2204 1250 2265 banc
1273 2210 1407 2263 naturam
1430 2218 1557 2281 sequan-

260 2314 325 2366 tur:
349 2313 420 2384 puta
443 2305 491 2366 lex
513 2304 606 2366 Tullia
632 2305 756 2374 dicitur,
781 2324 839 2365 non
863 2304 971 2366 dicitur
994 2304 1040 2365 lex
1057 2305 1205 2375 Tulliana;
1230 2305 1276 2366 lex
1297 2304 1416 2365 Horatia
1438 2303 1557 2373 dicitur,

261 2426 320 2467 non
344 2406 451 2467 dicitur
473 2407 520 2467 lex
543 2407 712 2467 Horatiana.
745 2409 770 2466 si
800 2426 872 2489 ergo
901 2406 1043 2468 derivatio
1070 2409 1110 2467 ita
1138 2406 1295 2476 sehabet,
1319 2414 1352 2465 ut
1373 2405 1489 2467 dicatur
1510 2403 1556 2466 lex

262 2508 395 2577 Horatia,
426 2517 454 2568 el
482 2509 624 2570 derivatio
653 2511 789 2588 quotiens
823 2516 881 2577 est,
913 2506 916 2588 1
946 2511 1011 2570 sine
1034 2508 1124 2569 dubio
1146 2508 1236 2570 simili
1258 2510 1373 2570 ratione
1395 2508 1592 2577 derivatumeo

261 2608 319 2670 tale
349 2629 412 2670 osse
441 2609 556 2680 debuit,
588 2616 617 2670 ot
644 2610 802 2672 debuimus
830 2609 930 2672 dicere
953 2610 1093 2671 ‘Horatie
1121 2611 1247 2671 dixisti’.
1293 2610 1344 2670 sed
1372 2618 1417 2671 est
1439 2609 1557 2688 regula;

263 2730 335 2790 ergo
357 2719 426 2772 tene
448 2713 535 2772 istam
557 2710 701 2790 regulam.
736 2714 833 2773 omnia
858 2712 996 2773 adverbia
1019 2730 1095 2792 quae
1117 2731 1172 2792 per
1194 2712 1405 2773 derivationem
1429 2730 1556 2773 nascun-

263 2823 310 2873 tur
333 2830 456 2874 necesse
485 2813 596 2874 babent
624 2832 759 2874 crescere
790 2813 909 2893 [melius
933 2821 991 2881 cst,
1021 2816 1046 2874 si
1068 2823 1212 2884 crescant,
1237 2815 1370 2893 quamsi
1392 2813 1557 2875 secundum

262 2933 420 2976 numerum
448 2914 627 2994 syllabarum
655 2914 750 2995 siant].
796 2923 867 2994 puta
890 2914 1004 2977 Tullius
1033 2915 1216 2997 trisyllabum
1240 2924 1298 2984 est,
1323 2917 1431 2976 crescit
1451 2917 1481 2976 in
1506 2915 1557 2976 de·

262 3019 419 3087 rivatione,
449 3015 598 3085 Tulliane;
627 3016 773 3095 Vergilius
800 3025 941 3097 qriattuor
967 3025 1037 3079 sunt
1064 3016 1206 3096 syllabae,
1238 3017 1403 3094 Vergiliano
1426 3019 1593 3096 quinques

260 3129 343 3188 sunt;
372 3119 512 3179 Horatius
539 3118 709 3180 Horatiano.
755 3118 844 3181 debet
872 3118 1043 3180 adverbium
1073 3119 1151 3199 quod
1181 3121 1311 3180 nascitur
1334 3118 1452 3179 aliunde
1475 3136 1556 3179 cres·

261 3240 340 3282 core.
372 3221 516 3281 derivatio
539 3230 637 3281 autem
659 3220 838 3300 plerumque
861 3224 983 3293 crescit,
1008 3222 1184 3302 plerumque
1207 3241 1266 3283 non
1290 3222 1410 3290 crescit,
1434 3228 1467 3281 ut
1482 3219 1557 3282 dixi·

261 3342 340 3396 mue,
370 3324 508 3384 lloratius
531 3321 697 3404 [lloratia],
721 3324 769 3384 lex
791 3324 926 3392 Horatia;
956 3342 1026 3385 ecce
1049 3323 1187 3404 aequales
1210 3323 1299 3385 babet
1321 3321 1464 3403 syllabas,
1487 3322 1558 3384 licet

261 3429 300 3486 sit
320 3423 369 3486 illa
393 3425 545 3485 derivatio.
592 3443 663 3504 ergo
691 3427 722 3486 in
749 3426 945 3496 derivatione,
976 3427 1093 3506 quando
1121 3435 1191 3506 puta
1214 3443 1323 3486 nomen
1345 3425 1497 3486 derivatur
1520 3424 1557 3485 de

260 3528 395 3594 nomine,
426 3533 525 3605 potest
551 3534 581 3586 et
607 3527 718 3607 syllaba
746 3547 882 3589 crescere
916 3537 945 3588 et
977 3547 1037 3588 non
1070 3547 1216 3590 crescere.
1254 3526 1427 3590 adverbium
1456 3535 1594 3592 autemso

261 3628 378 3707 quando
406 3627 555 3690 derivatur
584 3629 620 3689 de
648 3632 783 3700 nomine,
813 3630 901 3691 debet
930 3648 1076 3691 creseere.
1123 3648 1194 3709 ergo
1223 3629 1383 3689 Horatiano
1412 3627 1557 3689 debemus

261 3729 361 3814 dicere
384 3738 414 3789 et
435 3730 615 3791 Terentiane
638 3740 667 3791 et
689 3731 866 3810 Vergiliane.
898 3740 966 3792 sunt
987 3731 1083 3811 aliqua
1107 3749 1182 3809 quae
1204 3751 1259 3811 per
1282 3730 1461 3810 euphoniam
1484 3748 1557 3790 con·

262 3833 351 3891 traria
379 3840 463 3901 sunt,
493 3839 526 3890 ut
554 3831 610 3892 lroc
637 3835 735 3912 ipsum
763 3833 950 3894 Terentiane.
995 3834 1191 3894 Terentianus
1220 3833 1340 3910 quidem
1369 3833 1476 3894 dicitur
1505 3833 1557 3910 qui

262 3940 355 3993 metra
377 3936 510 4013 scripsit,
535 3941 564 3994 et
586 3935 746 3995 Terentius
768 3935 876 3995 dicitur
898 3937 949 4012 qui
971 3935 1140 3996 comoedias
1163 3937 1289 4014 scripsit.
1328 3935 1375 3994 lac
1398 3933 1557 3994 derivatio·

262 4052 330 4094 nom
359 4034 396 4094 ab
425 4044 560 4112 utroque.
605 4044 676 4115 puta
706 4038 731 4096 si
758 4036 838 4097 dicas
867 4039 939 4097 ‘istc
967 4038 1097 4117 loquitur
1124 4037 1337 4102 Terentiane’.
1366 4036 1396 4096 id
1425 4043 1468 4097 est
1497 4052 1596 4114 quom

262 4135 350 4196 niodo
373 4137 548 4207 Terentius,
578 4141 629 4218 qui
652 4137 821 4199 comoedias
848 4140 982 4219 scripsit,
1008 4142 1012 4220 1
1042 4139 1201 4200 Terentius
1223 4139 1411 4201 Terentiana.
1456 4138 1510 4199 sed
1531 4141 1557 4199 si

262 4238 372 4299 dixeris
400 4241 472 4301 ‘iste
499 4240 631 4321 loquitur
658 4241 863 4311 Terentiane’,
893 4260 961 4303 cum
996 4243 1132 4321 coeperis
1160 4243 1326 4321 significare
1355 4239 1393 4301 de
1424 4238 1476 4301 illo
1507 4241 1557 4319 qui

330 4447 347 4495 2
366 4446 413 4496 boo
433 4444 484 4512 die]
506 4445 583 4496 hodie
598 4446 681 4496 ABG
733 4445 835 4508 qnando
854 4445 919 4496 dicis
937 4444 1014 4494 hodie
1033 4445 1074 4494 bet
1090 4447 1169 4500 onec
1220 4443 1330 4496 arelert
1349 4446 1405 4508 quis
1419 4443 1472 4510 (rel
1481 4486 1555 4499 ,,,,,

261 4517 286 4568 Α
304 4516 382 4567 relect
404 4519 461 4582 quis
480 4513 510 4578 a)
534 4517 557 4566 si
579 4517 643 4566 uelis
666 4517 749 4566 dicere
767 4515 947 4566 aduerbialiter
967 4521 1040 4573 torno
1056 4517 1116 4567 odd.
1137 4517 1163 4579 c)
1186 4530 1233 4565 non
1258 4514 1335 4563 bodie
1360 4516 1405 4565 sed
1423 4514 1472 4565 lroe
1489 4531 1557 4566 anno

261 4588 339 4639 debes
361 4586 544 4636 dicereABG
614 4589 678 4637 bin
699 4583 874 4652 frumentaria]
896 4586 946 4637 Cir.
965 4587 989 4635 in
1014 4587 1090 4635 Verr.
1109 4594 1226 4639 uctrer.
1247 4584 1336 4642 11118,
1356 4587 1390 4635 45
1460 4584 1558 4636 libor·

263 4659 336 4708 nitini
356 4657 381 4706 B
434 4666 603 4706 extimuerunt
620 4657 645 4705 Α
652 4656 673 4706 C
689 4667 843 4706 exaruerunt
859 4654 925 4706 Bo*
996 4656 1011 4704 7
1032 4656 1160 4706 hornotini
1175 4654 1248 4705 Ado
1267 4653 1387 4704 lrornitini
1406 4656 1430 4706 B
1446 4663 1555 4722 atroque

261 4731 315 4777 loco
368 4724 531 4792 Bethoron]
555 4725 896 4790 Horor.corm.11123,3
950 4724 1010 4775 luris
1030 4728 1053 4774 ,1
1107 4726 1239 4775 hornotino
1257 4724 1330 4789 fruge
1349 4726 1374 4775 B
1428 4724 1460 4776 13
1480 4728 1557 4776 rebus

261 4811 307 4850 om,
322 4797 371 4846 Ab
422 4796 455 4846 20
474 4805 499 4846 et
512 4797 630 4846 diriuatio
649 4805 687 4846 est
701 4798 755 4845 sine
768 4796 845 4845 dubio
860 4796 976 4859 quotiens
989 4796 1066 4845 simili
1078 4797 1150 4845 ABG
1200 4793 1233 4844 23
1249 4792 1336 4861 cyrium]
1353 4811 1418 4858 quae
1429 4795 1505 4847 ABG

261 4864 295 4917 30
313 4867 733 4930 etnouorescereomulmddm
783 4865 816 4916 34
832 4866 948 4915 comedia
963 4866 1034 4916 Anu
1085 4865 1119 4916 36
1138 4865 1286 4915 comedisti
1337 4864 1370 4915 37
1383 4866 1495 4931 coeperit
1506 4866 1559 4917 AB
