3346 5498
156 395 220 462 380
701 396 905 460 CONSENTII

180 519 201 560 p.
215 503 353 548 10674191).
376 542 384 563 Ι
1121 537 1123 541 ⁴

156 592 360 658 terminatam,
379 578 386 666 1
411 589 442 647 in
465 587 538 647 alias
560 604 618 646 non
642 592 811 652 transeunt.
834 594 868 646 ut
889 604 1013 666 quaeso:
1037 604 1095 646 non
1118 589 1197 647 enim
1221 588 1349 649 dicimus
1370 590 1446 650 infio

155 693 223 752 iniis
244 692 324 760 infit,
348 708 458 769 quaeso
480 690 599 768 quassis
620 690 748 767 quaesit.
785 695 815 748 et
836 688 957 767 quidem
978 688 1016 749 de
1039 691 1169 768 quiaque
1192 688 1354 767 generibus
1375 707 1445 750 ver·

62 806 64 810 ·
154 791 260 854 borum
283 780 380 852 facilis
403 790 570 851 intellectus
592 797 650 858 est,
680 796 714 849 ut
735 807 790 868 per
817 808 960 868 personas
981 809 1084 851 eorum
1107 790 1264 851 declinatio
1285 792 1460 870 figuretur:

152 902 267 957 tantum
295 895 351 954 hoc
379 892 556 953 admonendi
583 910 700 960 sumus,
730 894 761 952 in
787 891 835 951 bis
861 894 993 972 quinque
1019 890 1287 970 significationibus
1313 895 1442 972 primam

152 1016 310 1077 personam
333 1013 403 1055 casu
426 1013 484 1056 non
507 1011 611 1071 egere,
635 993 793 1053 admittere
815 1000 914 1054 tamen
936 996 1167 1054 nominativum:
1203 994 1332 1056 dicimus
1359 978 1472 1056 eiims

153 1099 295 1160 verberor
328 1101 486 1165 innocens,
520 1097 617 1155 servio
648 1097 694 1154 vir
727 1096 823 1155 lortis.
867 1113 956 1176 quem
983 1114 1084 1156 casum
1113 1096 1206 1156 trahit
1234 1097 1324 1156 etiam
1351 1097 1443 1157 tertia

150 1221 293 1282 persona;
324 1201 451 1261 dicimus
479 1200 558 1258 enirn
587 1196 764 1257 verberatur
791 1200 950 1268 innocens,
979 1199 1072 1257 servit
1097 1200 1144 1259 vir
1171 1198 1266 1257 lortis.
1311 1197 1443 1259 neonus

151 1312 277 1383 persona
301 1301 392 1362 trabit
414 1319 514 1361 casnm
536 1300 716 1360 vocativum:
746 1299 873 1359 dicimus
900 1301 981 1360 enim
1003 1299 1172 1360 verberaris
1193 1301 1352 1370 innocens,
1376 1317 1443 1360 ser·

150 1408 194 1465 vis
216 1407 262 1465 vir
284 1405 380 1463 sortis.

233 1481 313 1567 llaec
336 1505 373 1565 de
396 1505 532 1583 personis
554 1505 634 1563 circa
655 1504 790 1582 quinque
802 1520 913 1580 genera
928 1502 1086 1564 verborum
1109 1504 1219 1564 dixisse
1242 1502 1357 1564 abunde
1381 1511 1439 1564 est.
1456 1519 1482 1557 1⁰

149 1609 185 1668 de
218 1605 398 1686 inpersonali
431 1624 540 1683 genere
574 1603 675 1673 verbi,
709 1605 788 1684 quod
815 1604 926 1665 nullam
953 1607 1074 1666 omnino
1101 1623 1258 1684 personam
1291 1605 1439 1682 designat,

148 1710 220 1770 illud
244 1712 320 1769 scire
344 1707 501 1776 debemus,
525 1707 604 1786 quod
626 1725 685 1766 non
708 1706 795 1766 aliter
817 1724 872 1785 per
895 1708 1052 1766 varietates
1073 1725 1269 1785 personarum
1291 1706 1438 1767 declinari

148 1819 259 1891 potest,
284 1812 342 1871 nisi
365 1810 489 1869 adiectis
511 1810 720 1888 pronominum
743 1806 861 1868 casibus
883 1810 1085 1887 numerisque.
1119 1811 1168 1887 qui
1192 1827 1262 1886 ergo
1284 1811 1440 1887 pronomi-

146 1933 216 1975 num
244 1931 330 1973 casus
356 1914 408 1971 uni
436 1914 543 1990 cuique
573 1910 664 1970 verbo
693 1918 918 1989 repraesentent
946 1913 1075 1989 speciem
1103 1929 1312 1989 personarum,
1346 1929 1438 1990 quam

148 2014 321 2075 brevissime
345 2022 447 2092 potero
470 2011 636 2073 declarabo.
681 2031 715 2071 ea
744 2031 819 2091 quae
842 2015 873 2072 in
896 2014 920 2071 it
942 2020 1051 2073 exeunt
1073 2013 1170 2072 dativo
1192 2030 1262 2073 casu
1285 2012 1437 2073 discrimi·
1452 2030 1479 2067 15·

146 2123 270 2182 uantur,
299 2122 332 2173 ut
359 2117 505 2191 contingit
533 2114 605 2174 mibi
636 2113 691 2173 tibi
720 2112 774 2173 illi.
819 2132 894 2193 quae
917 2132 988 2172 vero
1015 2115 1045 2173 in
1069 2120 1098 2174 at
1120 2121 1243 2183 exeunt,
1267 2117 1437 2175 accusativo

146 2235 216 2276 casu
239 2217 499 2282 discriminantur,
523 2224 557 2274 ut
578 2217 660 2275 iuvat
681 2233 727 2274 me
751 2221 780 2273 te
803 2214 885 2274 illum
908 2235 962 2277 nos
984 2235 1035 2275 vos
1057 2215 1131 2275 illos.
1162 2216 1312 2276 interdum
1335 2223 1437 2276 mmcn

145 2319 331 2396 interpositis
353 2317 397 2376 vel
420 2316 606 2385 nominibuS,
635 2324 668 2375 ut
690 2318 715 2375 si
739 2315 820 2376 dicas
843 2320 918 2376 ‘stat
940 2319 1113 2387 sententia'‚
1146 2317 1190 2377 vel
1213 2317 1312 2377 verbis
1333 2320 1435 2378 inlini·

145 2421 199 2488 tis,
222 2426 256 2479 ut
278 2421 303 2479 si
326 2418 408 2478 dicas
429 2417 520 2478 ‘stat
542 2435 651 2477 casus
673 2435 858 2476 renovare
882 2420 1033 2488 omnes',
1057 2438 1203 2498 personae
1226 2437 1279 2498 per
1302 2419 1434 2480 dativum

144 2521 401 2590 discriminantur,
425 2527 459 2579 ut
481 2527 538 2580 stat
560 2521 706 2580 sententia
730 2519 802 2578 mibi
825 2518 881 2579 tibi
904 2520 947 2580 illi
962 2518 1050 2581 nobis
1064 2519 1147 2581 vobis
1169 2521 1243 2588 illis,
1267 2528 1325 2581 stat
1346 2540 1435 2582 casus
1448 2539 1476 2577 so

143 2640 286 2683 renovare
309 2621 381 2682 mibi
405 2621 459 2681 tibi
483 2620 526 2681 1111
549 2620 636 2681 nobis
658 2619 743 2679 vobis
765 2620 835 2680 illis.
865 2640 940 2699 quae
964 2624 994 2681 in
1018 2628 1048 2681 et
1068 2630 1192 2692 exeunt,
1216 2623 1360 2701 quaedam
1384 2642 1434 2684 ac·

142 2727 273 2785 cusativo
301 2742 371 2783 casu
398 2724 656 2790 discriminantur,
687 2729 719 2780 ut
746 2721 832 2781 decet
854 2741 900 2782 mc
927 2731 955 2782 te
985 2723 1066 2783 illum
1089 2742 1143 2782 uos
1165 2742 1216 2783 vos
1237 2723 1316 2794 illos,
1340 2744 1433 2805 quae-

142 2827 208 2886 dam
232 2826 343 2894 dativo,
374 2831 408 2884 ut
435 2823 510 2885 libet
536 2823 610 2883 mibi
640 2822 696 2882 tibi
719 2823 762 2883 1111
786 2822 873 2883 nobis
896 2824 980 2884 vobis
1002 2825 1072 2885 illis.
1117 2843 1151 2884 ea
1174 2833 1271 2886 autem
1294 2829 1432 2905 inperse-

140 2928 219 2988 nalia
241 2946 316 3006 (puae
339 2929 370 2987 in
394 2934 443 2986 tur
471 2934 582 2986 exeunt
603 2926 890 2986 discriminationem
918 2945 1113 3005 personarum
1135 2927 1238 2987 multis
1260 2928 1356 2988 modis
1376 2935 1432 2989 ex·

138 3032 306 3108 pociuntur.
351 3047 419 3088 nam
446 3047 524 3088 nunc
552 3027 712 3087 ablativum
740 3026 877 3096 trahunt,
901 3035 933 3087 ut
960 3031 1075 3105 geritur
1098 3048 1113 3088 a
1136 3048 1182 3090 me
1206 3048 1222 3089 a
1244 3037 1273 3088 tc
1293 3028 1333 3089 ab
1356 3029 1408 3090 illo
1422 3052 1431 3102 ;
1446 3051 1473 3092 ss

138 3150 217 3191 nunc
233 3132 431 3190 accusativum
454 3149 521 3190 cum
543 3131 779 3208 praepositione,
803 3136 837 3189 ut
858 3132 973 3207 geritur
995 3118 1117 3209 pcr'me
1140 3149 1195 3209 per
1218 3139 1246 3191 tc
1268 3149 1322 3209 per
1344 3131 1431 3194 illua

138 3251 192 3311 per
214 3251 269 3292 nos
291 3250 345 3310 per
364 3250 415 3290 vos
437 3250 491 3310 per
513 3230 596 3299 illos,
625 3239 657 3290 ut
680 3231 840 3292 Terentius
863 3231 947 3310 ‘por
969 3250 1074 3311 quem
1097 3251 1157 3292 res
1180 3240 1332 3309 geretur
1355 3252 1429 3293 ma-

137 3336 259 3402 xime’,
284 3341 313 3392 et
328 3331 457 3412 Plaultus
479 3335 575 3392 ‘itur
598 3333 640 3393 ad
664 3338 734 3403 te';
758 3352 836 3393 nunc
853 3333 998 3401 dativum,
1016 3341 1048 3392 ut
1071 3333 1180 3393 dicitur
1202 3334 1274 3394 mibi
1299 3332 1355 3394 tibi
1372 3335 1429 3396 illi.

19 3450 78 3512 382,
94 3453 125 3501 10
215 3431 396 3512 ¹Coniugatio
427 3442 472 3494 ost
499 3435 634 3495 collectio
662 3435 822 3514 quaedam,
851 3453 938 3514 quam
962 3434 1066 3494 Graeci
1091 3429 1244 3514 σύστημα
1267 3435 1430 3514 appellant,

136 3536 294 3595 verborum
317 3536 407 3596 simili
431 3536 627 3597 declinatione
650 3539 845 3596 currentium.
880 3537 1103 3613 coniugationes
1131 3545 1228 3596 autem
1257 3544 1325 3599 sunt
1352 3546 1469 3609 tressa

136 3640 231 3716 prima
259 3638 388 3698 secunda
415 3640 520 3706 tertia,
549 3637 658 3716 quibus
681 3639 816 3698 ordinem
838 3640 956 3698 numeri
980 3638 1146 3698 litterarum
1169 3641 1200 3698 iu
1224 3638 1332 3718 quibus
1354 3658 1428 3718 per·

134 3741 301 3817 spiciuntur
330 3739 403 3799 ordo
430 3738 595 3799 distribuit.
640 3739 746 3800 barum
774 3740 892 3817 regulas
920 3743 945 3801 si
975 3740 1134 3818 diligenter
1157 3741 1357 3811 attendamus,
1382 3741 1427 3802 lo·

134 3839 244 3918 quendi
268 3841 435 3900 emendatio
458 3839 665 3919 subsequetur.
697 3849 727 3900 ct
748 3843 876 3919 primum
899 3841 970 3902 illud
993 3845 1070 3902 scire
1094 3862 1147 3903 nos
1170 3844 1320 3910 convenit,
1345 3845 1428 3922 quod

133 3941 262 3999 litteram
286 3960 361 4019 quac
384 3943 623 4018 coniugationem
646 3942 776 4002 declarat
800 3944 958 4004 indicativo
981 3944 1068 4004 modo
1090 3947 1233 4023 temporis
1254 3949 1427 4023 praesentis

133 4044 251 4102 numeri
279 4043 439 4119 singularis
468 4045 499 4103 in
526 4062 652 4122 persona
682 4045 810 4104 secunda
839 4045 996 4123 requirere
1025 4045 1181 4115 debemus,
1211 4046 1318 4106 deiude
1341 4049 1468 4125 quodao

132 4145 260 4203 activum
289 4153 319 4202 et
347 4143 480 4203 neutrale
512 4144 633 4205 verbum
665 4145 778 4206 similes
806 4164 924 4226 semper
951 4148 1069 4226 regulas
1096 4151 1126 4208 in
1160 4147 1425 4225 coniugationibus

200 4313 293 4365 linfio
311 4315 334 4362 is
352 4315 370 4363 it
390 4324 433 4364 aut
451 4330 542 4378 quasso
560 4331 588 4365 as
611 4325 636 4365 at
655 4316 702 4367 ,11.·
721 4316 775 4365 iniit
794 4333 840 4369 om.
860 4318 916 4368 BL
1003 4319 1188 4369 5casusBL
1275 4320 1424 4369 isecuuda

129 4399 190 4434 nero
208 4399 319 4450 persona
339 4400 425 4433 casum
445 4385 520 4433 trabit
538 4388 682 4435 uocatiuum
699 4386 754 4436 BL
809 4387 838 4436 ll
856 4388 887 4436 de
906 4388 1076 4452 inpersonnlis
1092 4404 1186 4454 genero
1204 4388 1277 4450 (odd.
1296 4390 1320 4436 ia
1336 4405 1421 4454 marg),

129 4456 227 4519 nutem)
242 4456 267 4504 L
282 4459 313 4504 de
328 4455 506 4519 impersonalis
524 4466 607 4506 nutem
624 4472 718 4521 genere
735 4457 761 4506 B
850 4458 883 4508 15
904 4468 1008 4523 potuero
1028 4458 1059 4507 M
1146 4458 1178 4509 td
1197 4459 1232 4507 1111
1252 4457 1336 4507 ervenit
1357 4460 1423 4509 milri

128 4526 173 4574 tibi
186 4526 221 4574 1111
242 4526 280 4574 L:
297 4527 381 4574 euenit
400 4526 425 4573 in
441 4541 519 4589 morp.
533 4527 593 4576 odd.
609 4527 642 4575 M
694 4527 725 4576 17
745 4534 771 4573 ut
787 4526 858 4576 iuuat
872 4525 1028 4576 Siodordus:
1049 4536 1076 4577 ut
1092 4543 1136 4578 om.
1156 4528 1248 4577 BML
1307 4526 1338 4577 19
1356 4539 1408 4578 stat

132 4595 212 4658 Verp.
230 4596 295 4649 Aen.
317 4597 337 4644 ll
360 4596 411 4645 750
464 4593 564 4660 ornnes]
581 4596 815 4647 nouosSicbordue
875 4593 1005 4661 atdecet]
1028 4597 1150 4647 taedetB
1219 4599 1251 4646 ‘27
1266 4611 1311 4662 per
1328 4612 1405 4659 quem

132 4665 230 4717 Terent.
250 4665 350 4718 Pborm.
363 4666 430 4727 prol.
450 4664 485 4714 28
554 4667 651 4729 geritur
670 4667 702 4715 M
787 4667 821 4716 ¹28
839 4666 895 4728 itur]
917 4668 1000 4715 Plane.
1020 4668 1112 4716 Pseud.
1135 4670 1142 4716 l
1164 4669 1194 4724 5,
1212 4666 1245 4717 38
1264 4671 1298 4726 (o.
1317 4668 1423 4730 45211)

177 4748 243 4783 nuuc
256 4750 301 4800 per
314 4737 425 4785 datiuum
438 4743 465 4783 ut
482 4733 575 4783 dicitnr
587 4736 724 4787 Siclordus
741 4750 806 4785 rvunc
821 4751 865 4800 per
881 4737 994 4784 datiuum
1011 4737 1102 4786 dicitur
1113 4738 1195 4786 natu
1246 4736 1279 4787 29
1298 4751 1421 4790 cvcnnvra

126 4802 183 4850 BL
201 4819 312 4853 cvcunia
327 4822 394 4856 corr.
413 4819 532 4854 cucurum
558 4803 590 4852 M
611 4805 747 4872 συζυγίαν
766 4805 903 4855 Stobordacv
991 4807 1026 4855 30
1045 4806 1093 4855 hue
1117 4815 1200 4855 antem
1222 4807 1422 4872 coniugatioues

127 4882 178 4920 tres
199 4882 256 4922 sunt
277 4874 330 4922 BL
402 4875 435 4923 33
457 4875 605 4935 exsequitur
620 4890 688 4921 corr.
706 4876 868 4939 subsequitur
887 4878 918 4925 M
