3382 5498
680 344 917 407 connanrvu
1136 324 1140 332 '
1378 340 1441 408 295

1254 465 1275 506 p.
1288 454 1380 494 tta-tt
1393 452 1415 493 L.

146 537 267 595 veahvr:
292 550 432 594 cavernas
455 531 584 609 quidem,
608 532 660 594 sed
682 532 824 612 grandes;
849 534 1019 610 ingurgito
1042 531 1171 610 quidem,
1196 533 1248 594 sed
1271 539 1361 594 vasto.
1397 534 1440 594 sic

146 633 297 695 relevatur
318 634 375 694 hoc
397 635 509 695 vitium.

231 736 465 816 Cacosynthetou
495 744 539 797 est
566 762 584 797 v
608 747 638 797 et
665 736 722 797 hoc
749 743 872 817 propter
903 735 1048 797 clausulas
1077 737 1211 798 facimus.
1262 735 1439 818 plerumque

146 836 234 899 verba
249 857 310 899 nou
324 845 403 898 stant
417 840 448 898 iu
464 838 618 907 clausulis;
635 841 659 899 si
674 841 737 918 ipsa
754 846 917 907 convertas,
933 846 1074 918 poterunt
1089 845 1178 908 stare,
1195 848 1228 899 nt
1242 842 1438 918 'aversaque

118 942 339 1005 siuvcncum
362 948 467 1019 terga
490 942 690 1019 fatigamus
711 941 845 1001 hasta'.
885 940 1025 1012 naturalis
1048 959 1146 1001 sermo
1168 959 1229 1001 non
1252 949 1368 1021 poterat
1383 960 1438 1020 per

145 1061 263 1105 versum
285 1061 417 1113 currere,
441 1061 524 1103 versa
547 1041 630 1104 hasta
652 1044 808 1104 iuvencum
833 1050 915 1121 terga
937 1044 1102 1120 fatigamus,
1126 1043 1155 1104 id
1178 1051 1222 1104 est
1244 1045 1437 1105 iuvencorum

144 1155 228 1224 terga
256 1139 424 1223 fatigamus:
460 1153 492 1205 ut
518 1147 613 1223 possit
640 1142 645 1226 Ι
669 1154 747 1207 stare
770 1144 820 1206 illc
841 1164 960 1215 versus,
988 1144 1152 1206 naturalem
1174 1164 1342 1207 sermonem
1366 1165 1436 1207 con·

145 1249 241 1308 vertit.
271 1246 350 1308 undo
374 1248 462 1308 etiam
477 1247 612 1328 plerique
635 1255 811 1309 notaverunt
830 1245 903 1308 illud
924 1246 1001 1326 apud
1019 1246 1206 1318 Ciceronem,
1230 1249 1288 1309 ‘ad
1312 1267 1437 1310 omnes

144 1368 243 1411 meos
264 1351 427 1429 impetus
455 1351 562 1426 quasi
590 1368 715 1410 murus
738 1349 887 1429 quidam
916 1348 1005 1409 boni
1031 1367 1164 1409 nomen
1191 1353 1436 1431 imperatoris

105 1453 377 1533 roopponitur’.
421 1450 563 1512 naturalis
590 1471 689 1513 sermo
717 1460 781 1513 erat
808 1451 879 1512 boni
906 1453 1106 1530 imperatoris.
1123 1471 1232 1514 nomen
1261 1455 1434 1533 opponitur;

143 1554 300 1616 adfectavit
321 1564 421 1614 tamon
443 1553 622 1614 affluentiam
647 1562 676 1614 ει
698 1553 861 1615 absolutam
885 1553 1083 1615 elocutionem
1106 1561 1135 1615 et
1158 1572 1327 1616 sermonem
1350 1565 1433 1617 natu-

142 1654 233 1717 raleru
257 1658 410 1717 convertit.
446 1656 520 1716 haec
543 1655 773 1736 cacosyntheton
797 1666 851 1726 est,
876 1674 952 1734 quae
975 1674 1035 1717 non
1057 1674 1112 1734 per
1134 1664 1270 1718 naturam
1294 1657 1446 1728 scribun·‚

141 1766 198 1828 tur,
221 1758 273 1819 sed
295 1777 350 1838 per
372 1758 520 1838 quandam
544 1759 772 1820 adfectationem
794 1766 988 1839 praepostere
1010 1757 1194 1819 scribuntur.

223 1858 409 1941 hmphibolia
432 1870 476 1921 est
499 1860 643 1922 dubitatio
665 1863 696 1920 in
719 1880 809 1922 sensu
833 1862 1000 1922 constituta,
1045 1862 1077 1920 frt
1105 1868 1204 1921 autem
1234 1870 1283 1922 ant
1311 1880 1367 1941 per
1389 1863 1432 1923 di·

101 1988 128 2029 15
141 1964 326 2024 stinctionem
350 1973 401 2024 aut
422 1981 476 2043 ρει·
492 1981 649 2024 εοιιιιιιιιιιε
665 1962 787 2024 verbum
810 1971 860 2023 aut
881 1981 935 2041 per
957 1965 1162 2024 accusativum.
1194 1981 1249 2042 per
1272 1958 1456 2025 distinctio?

139 2084 223 2126 nem:
246 2073 316 2145 puta
340 2068 365 2124 si
387 2065 468 2126 dicas
490 2065 566 2125 ‘vidi
589 2072 715 2125 statuam
738 2082 858 2125 auream
882 2064 994 2126 hastam
1018 2067 1196 2135 tenentem',
1219 2073 1309 2143 prout
1328 2066 1433 2128 distin·

140 2168 220 2228 reris
238 2186 357 2237 sensus,
386 2176 438 2228 aut
459 2172 584 2228 statuam
608 2165 699 2228 habes
722 2185 842 2227 auream
866 2165 966 2228 dicere
989 2174 1018 2226 et
1039 2167 1285 2247 qualemcumque
1307 2167 1431 2238 hastam,

139 2278 307 2348 argenteam
330 2270 458 2330 ferream
481 2268 668 2348 plumbeam,
698 2278 748 2330 aut
770 2269 884 2330 hastam
907 2287 1027 2330 crucam
1051 2276 1080 2329 et
1103 2268 1350 2350 qualemcumque
1372 2279 1431 2332 sta·

139 2380 228 2441 tuam,
252 2379 322 2451 puta
346 2378 468 2432 aeneam
492 2373 630 2433 ferream.
676 2373 701 2432 si
724 2373 764 2431 ita
788 2371 883 2441 dicas,
906 2370 983 2432 ‘ridi
1005 2378 1130 2432 statuam
1154 2390 1289 2442 auream,
1317 2371 1432 2434 hastam

97 2478 319 2543 soteneutem',
349 2475 480 2535 ostendis
509 2492 630 2535 auream
657 2481 782 2535 statuam
815 2493 878 2535 esse
902 2482 931 2534 et
953 2473 1198 2555 qualemcumque
1220 2473 1350 2544 hastam;
1382 2483 1433 2536 aut

120 2566 212 2636 '‘vidt
235 2583 377 2645 statuam,
407 2594 529 2636 auream
553 2574 666 2636 hastam
689 2579 858 2637 tenentem'
882 2576 1013 2637 ostendis
1036 2575 1282 2655 qualemcumque
1305 2584 1430 2638 statuam

136 2677 251 2741 hastam
274 2696 395 2740 auream
417 2677 587 2739 habentem.
631 2679 702 2739 item
725 2697 780 2758 ρει
802 2681 1001 2741 accusativum
1025 2697 1139 2747 casum,
1163 2677 1239 2737 ‘vidi
1262 2688 1430 2741 secutorem

136 2781 290 2841 retiarium
314 2778 493 2850 occidissc',
524 2782 672 2841 incertum
702 2783 836 2860 estquis
865 2799 953 2860 quem
977 2780 1135 2848 occiderit,
1169 2786 1267 2865 uuum
1290 2783 1429 2843 retiarius

136 2889 303 2944 secutorem
326 2882 477 2952 occiderit,
502 2893 552 2943 aut
574 2883 729 2943 retiarium
752 2890 885 2952 secutor,
909 2884 1055 2943 incertum
1080 2891 1130 2942 cst.
1152 2879 1158 2964 l
1177 2884 1248 2943 item
1270 2901 1325 2961 per
1347 2903 1428 2945 com·

94 3003 226 3050 manuue
248 2984 385 3045 verbum:
420 2986 444 3044 si
473 2984 553 3045 dicas
575 2984 715 3046 ‘vadatur
742 2984 879 3054 Cicero',
907 2987 1056 3046 incertum
1084 2992 1142 3053 cst,
1174 2991 1274 3045 utrum
1301 2986 1365 3064 ipse
1392 2987 1429 3046 ad

135 3087 334 3148 vadimonium
359 3087 508 3154 trabatur;
538 3088 731 3157 ‘criminatur
754 3088 843 3147 Cato'
872 3094 970 3147 utrum
1000 3088 1062 3166 ipsc
1091 3086 1265 3146 criminetur
1288 3086 1427 3167 aliquem,

135 3208 171 3250 an
193 3189 232 3250 ab
254 3188 347 3250 altero
378 3189 415 3248 ad
444 3191 558 3249 crimen
586 3189 730 3249 trahatur.
776 3187 884 3248 deinde
909 3196 978 3247 sunt
1006 3189 1096 3247 ctiam
1123 3186 1271 3266 plurimae
1299 3190 1425 3267 species,

134 3309 208 3372 quas
231 3293 322 3359 vitare
345 3290 498 3352 debemus

217 3393 295 3473 Ergo
317 3396 370 3454 ista
394 3402 464 3454 sunt
486 3392 641 3453 duodecim
664 3392 741 3459 vitia,
766 3409 841 3470 quae
856 3396 968 3450 tardum
984 3390 1100 3450 vitanda
1123 3399 1201 3462 sunt,
1225 3391 1427 3453 barbarismus

104 3496 335 3562 :asoloecismus
368 3495 533 3576 acyrologia
569 3493 770 3573 cacenphaton
804 3493 990 3572 pleonasmos
1022 3493 1215 3573 perissologia
1249 3492 1425 3573 macrologia

134 3597 289 3676 tautologia
319 3597 435 3677 eclipsis
464 3599 609 3677 tapinosis
638 3595 866 3675 cacosyntheton
902 3594 1097 3675 amphibolia,
1136 3597 1192 3656 ista
1225 3604 1293 3656 sunt
1315 3595 1425 3657 duode-

51 3756 54 3760 .
134 3701 201 3761 cim.
239 3707 268 3760 ct
290 3710 446 3779 postquam
470 3699 570 3758 docuit
591 3699 668 3767 vitia,
692 3716 767 3778 quae
793 3697 907 3758 vitanda
929 3706 1013 3767 sunt,
1038 3700 1142 3778 incipit
1163 3700 1221 3758 ianr
1245 3700 1372 3759 transire
1390 3701 1425 3760 in

132 3811 284 3870 ornatum,
310 3811 338 3862 et
360 3804 457 3880 ipsum
481 3807 618 3862 ornatum
643 3800 797 3880 tripliciter
820 3800 935 3870 dividit,
965 3803 996 3860 in
1019 3799 1241 3879 metaplasmos,
1270 3801 1299 3859 in
1323 3808 1424 3881 tropos

132 3907 212 3965 etin
235 3890 418 3965 schemata*
439 3905 468 3963 in
497 3902 634 3964 omnibus
661 3903 781 3982 quidem
804 3903 917 3964 artibus
939 3903 1053 3964 habetis
1074 3904 1147 3963 istas
1170 3911 1230 3962 tres
1253 3902 1422 3964 divisiones.

93 4032 120 4071 as
132 4008 204 4068 istas
227 4024 285 4067 non
308 4006 438 4066 habetis:
474 4005 543 4084 quid
571 4007 696 4065 interest
722 4005 800 4066 inter
828 4005 1068 4085 metaplasmum,
1097 4003 1168 4083 quid
1194 4006 1319 4066 interest
1344 4007 1424 4066 iuter

131 4117 233 4187 tropos
256 4116 286 4168 ct
307 4109 384 4167 inter
414 4106 578 4178 schemata,
607 4107 664 4168 hoc
691 4105 792 4169 nullus
820 4109 1008 4187 artigraphus
1037 4108 1134 4186 potuit
1157 4105 1272 4175 dicere;
1307 4106 1423 4168 habetis

202 4349 213 4398 l
235 4348 259 4395 in
281 4344 393 4413 gurgite]
412 4348 446 4408 cf.
464 4345 536 4395 Seru.
558 4348 583 4395 t'u
605 4347 685 4410 Verp.
707 4346 772 4396 Aen.
797 4348 805 4395 l
828 4345 885 4398 118.
906 4344 938 4394 lll
961 4346 1009 4396 107
1079 4346 1096 4394 3
1116 4349 1208 4395 lacuna
1226 4361 1298 4411 qnam
1317 4347 1426 4398 indicaui

130 4419 239 4479 definitio
256 4416 426 4481 curorymlren'
439 4417 534 4467 excidit
603 4418 688 4466 dicon
707 4425 773 4466 stant
792 4418 813 4463 (5
829 4430 879 4464 nou
898 4426 1013 4465 coustant
1029 4414 1112 4463 BSP
1181 4411 1316 4479 versaque]
1342 4415 1421 4479 Verg.

131 4489 194 4541 Aen.
215 4488 282 4537 Vllll
302 4486 354 4537 60ss
424 4486 441 4536 8
461 4488 529 4551 apud
549 4485 708 4551 Ciceronem]
724 4490 748 4536 in
771 4487 850 4536 Verr,
864 4491 914 4534 act,
933 4500 983 4534 sec.
1004 4486 1028 4532 V
1046 4485 1069 4547 l,
1089 4488 1104 4535 2
1177 4486 1209 4535 10
1228 4485 1358 4548 inponitur
1375 4499 1421 4547 po·

129 4562 236 4608 aterinre
254 4560 307 4608 loco
324 4557 349 4605 B
422 4559 452 4609 12
471 4556 534 4606 haec
553 4556 749 4620 cacosyntheton
772 4564 810 4603 est
829 4569 893 4618 quae
911 4569 956 4618 per
974 4563 1087 4603 naturam
1113 4556 1255 4604 scribuntur
1274 4568 1320 4617 ρει·
1339 4570 1419 4617 quan-

130 4628 188 4677 dam
207 4628 402 4678 adfectationem
426 4635 573 4694 prepostero
591 4627 734 4676 scribuntur
753 4626 773 4673 (3
789 4623 852 4674 haec
871 4624 1058 4674 cucosintheton
1078 4633 1118 4674 est
1134 4640 1198 4688 quae
1217 4638 1265 4672 non
1286 4637 1331 4686 per
1350 4635 1421 4673 natir-

130 4713 181 4745 rnm
197 4699 314 4747 scribitur
332 4697 377 4745 sed
391 4712 437 4762 per
457 4737 565 4751 .......
584 4706 760 4761 praeposteres
778 4696 891 4744 scribunt
903 4694 934 4746 Ρ,
952 4697 1065 4758 sortasse
1078 4709 1140 4761 ergo
1159 4691 1363 4757 cacosyntheton
1383 4703 1422 4742 est

130 4768 220 4817 vitiosa
241 4769 389 4833 compositio
409 4769 545 4819 dictionum
566 4782 631 4826 quae
650 4784 704 4832 sqq.
777 4775 815 4815 est
833 4779 879 4817 om.
901 4765 953 4813 BS
1022 4765 1055 4816 13
1074 4765 1241 4815 adfectionem
1263 4760 1311 4811 BS
1390 4761 1422 4814 19

129 4835 242 4905 niueam]
259 4852 358 4887 aeream
377 4838 427 4887 GP
443 4852 544 4887 auream
562 4835 615 4886 BS
683 4837 717 4888 ’ὶθ
734 4837 880 4888 criminetur
900 4836 1009 4899 aliquem
1026 4835 1061 4886 S:
1079 4836 1189 4898 aliquem
1205 4849 1252 4886 om.
1269 4833 1293 4882 B
1305 4826 1324 4879 O
1335 4832 1360 4881 P
