3346 5498
506 413 706 475 Excurrit
729 413 903 474 Pdtttstttt
929 414 1114 475 ,ivit-xlx
1392 412 1453 475 621

1256 534 1277 574 p.
1290 524 1391 562 εισι-5ο
1404 521 1427 564 r.

165 622 237 681 ergo
264 621 339 681 «luae
369 604 400 662 in
427 621 463 681 μι
490 608 599 661 exeunt
626 609 739 661 mutant
766 621 802 680 μι
830 604 861 661 iu
887 619 954 679 μην
981 608 1011 658 et
1038 603 1153 679 passiva
1177 604 1297 669 l'aeiuut,
1327 597 1454 681 λέγοιμι

165 703 334 784 λεγοίμην.
379 722 454 781 quae
478 720 548 762 vero
571 704 600 762 in
622 722 665 782 ην
687 711 805 771 exeunt,
829 721 852 782 μ
874 706 1055 763 interserunt
1080 712 1109 762 et
1132 705 1161 761 iu
1186 706 1334 781 passivum
1358 712 1453 763 trans·

164 816 245 876 eunt,
268 803 400 883 τιθείην
422 803 589 884 τιθείμην,
612 800 745 884 διδοίην
759 801 923 885 διδοίμην.
953 805 1058 866 Graeci
1082 823 1167 864 onme
1191 812 1307 884 tempus
1330 806 1453 884 optativi

138 1008 329 1088 οπεποίηκα
344 1002 570 1088 πεποιήκοιμι,
593 1003 721 1087 ποιήσω
737 1004 921 1088 ποιήσοιμιε
946 1011 1074 1070 aeriston
1091 1012 1171 1069 enim
1186 1020 1352 1088 praetereo,
1375 1009 1454 1089 quod

163 1112 294 1172 latinitas
321 1111 427 1170 nescit.
471 1109 539 1169 ideo
572 1102 680 1190 ἡβῷμι
709 1120 737 1169 et
765 1102 909 1190 ἡβοέοιμι
937 1111 1014 1191 apud
1043 1113 1172 1171 Graecos
1208 1112 1350 1188 legimus,
1384 1113 1453 1190 quia

163 1222 288 1294 pmpter
316 1214 517 1273 necessarium
544 1220 733 1288 augmentum
762 1211 892 1289 syllabae
915 1206 981 1272 άπό
1003 1214 1064 1273 τοῦ
1087 1207 1158 1293 ἡβῶ
1186 1215 1217 1273 dt.
1240 1206 1364 1292 ἡβῷμι,
1398 1209 1454 1272 καλ

162 1310 228 1377 άπδ
257 1315 318 1375 τοῦ
346 1307 445 1393 ἡβάω
475 1316 507 1374 lit
533 1307 686 1393 ἡβώοιμι.
737 1332 822 1372 onrne
850 1314 926 1392 apud
956 1315 1084 1375 Graecus
1113 1317 1274 1393 optativum
1302 1316 1453 1391 singulare

163 1417 253 1479 babet
274 1419 339 1477 sine
361 1415 454 1476 dubio
477 1419 507 1476 in
531 1400 710 1495 paentdtinra
733 1415 949 1495 diphthongum
972 1434 1046 1496 quae
1069 1436 1122 1496 per
1145 1435 1157 1474 t
1179 1419 1365 1496 eorvponitur,
1399 1415 1454 1477 λε’-

118 1536 143 1573 10
161 1538 253 1599 γοιμι
275 1514 436 1596 γράψοιμι
458 1516 577 1595 σταίην
599 1514 705 1597 δοίην.
745 1517 822 1578 unde
845 1524 875 1578 et
897 1517 1089 1595 ΗΒΩΙΜΙ,
1114 1528 1179 1597 post
1198 1538 1224 1577 ω
1247 1516 1407 1579 ascribitur
1430 1538 1453 1593 ι,

162 1641 199 1681 ne
222 1623 287 1682 sine
310 1620 364 1681 liae
386 1619 478 1678 voeali
501 1620 621 1698 optativi
645 1619 825 1697 paenultima
847 1624 1026 1699 proferatur.
1064 1639 1170 1698 graeca
1193 1638 1267 1699 «puae
1291 1623 1321 1679 iu
1343 1639 1380 1700 μι
1402 1639 1453 1680 ex·

162 1732 235 1782 eunt
257 1743 269 1781 t
291 1723 427 1782 ultimum
451 1723 482 1780 in
505 1740 542 1781 εν
564 1728 679 1781 mutant
706 1730 736 1782 ot
757 1726 830 1782 liunt
859 1723 995 1802 pluralia,
1027 1729 1154 1801 ποιοί-μι
1177 1728 1341 1802 ποιοῖμεν,
1369 1718 1452 1801 γρά-

162 1842 259 1903 φοιμι
273 1820 471 1903 γράφοιμεν,
501 1842 619 1902 semper
635 1825 712 1903 aptul
728 1825 857 1884 Graecos
879 1822 1003 1903 pluralis
1027 1827 1121 1903 prima
1146 1841 1270 1902 persona
1294 1832 1343 1884 aut
1365 1842 1453 1884 unum

162 1925 290 1986 vocalem
314 1925 403 1985 babet
424 1927 455 1985 in
478 1925 657 2004 paenultima
680 1927 920 2005 praecellentem,
950 1935 982 1985 ut
1003 1925 1164 2005 σταίημεν
1186 1924 1379 2004 ννγείημεν,
1402 1934 1454 1986 aut

124 2028 248 2095 istiuas,
278 2036 310 2086 ut
338 2022 491 2107 λέγοιμεν
518 2021 717 2107 γράφοιμεν,
762 2029 815 2089 sed
843 2031 945 2108 priora
968 2031 1025 2088 dne
1049 2036 1160 2088 urutato
1182 2029 1213 2087 in
1237 2040 1301 2087 σαν
1334 2031 1452 2088 tertiam

160 2147 319 2209 personatu
342 2128 378 2188 de
401 2147 432 2188 se
456 2130 598 2197 estleiuut,
621 2132 775 2209 sentientia
791 2149 862 2190 vero
884 2149 907 2210 μ
929 2128 1080 2191 subtracto
1096 2129 1175 2190 idern
1192 2131 1314 2200 laoiuut,
1338 2129 1450 2209 σταίη-

160 2251 223 2311 μεν
245 2232 422 2309 σταίησαν,
452 2226 605 2309 λέγοιμεν
633 2228 774 2308 λέγοιεν.
819 2212 933 2310 passiv'a
956 2231 1136 2292 Graecorum
1159 2250 1233 2310 quar
1260 2235 1291 2292 iu
1314 2252 1380 2311 μην
1402 2252 1452 2292 ex·

161 2341 233 2393 οιιιιῖ
260 2333 335 2392 bauo
363 2335 456 2411 ipsam
486 2331 630 2410 syllabam
657 2336 688 2393 in
717 2353 734 2394 o
764 2343 877 2396 mutant
906 2342 935 2394 et
956 2334 1116 2393 securtdam
1138 2351 1297 2412 porsonam
1330 2335 1451 2403 laoiunt,

123 2453 127 2461 ·
161 2433 318 2514 ποιοίμην
340 2440 462 2512 ποιοῖο,
486 2433 679 2514 γραφοίμην
700 2432 859 2516 γράφοιο;
884 2455 958 2515 ηιιιιε
982 2439 1104 2495 veroin
1128 2455 1181 2514 ην,
1205 2456 1226 2494 ν
1248 2437 1279 2495 in
1302 2445 1449 2497 omutant

122 2546 191 2597 voet
213 2539 327 2598 laciuut
354 2537 530 2606 secundam,
554 2535 672 2617 σταίην
695 2539 826 2618 σταίης,
854 2535 951 2618 δοίην
979 2534 1081 2617 δοίης.
1127 2540 1189 2615 ipsa
1220 2555 1289 2596 veru
1322 2539 1450 2598 secunda

161 2657 298 2719 persona,
321 2640 347 2699 si
370 2641 401 2698 iu
424 2657 441 2697 o
465 2640 536 2707 exit,
559 2638 640 2699 addit
662 2658 681 2698 τ
703 2648 733 2700 et
754 2642 826 2701 lauit
848 2643 964 2701 tertiam
1001 2646 1111 2699 ποιοῖο
1134 2644 1278 2715 ποιοῖτο,
1306 2632 1451 2717 γράφοιο

160 2736 338 2820 γράφοιτοε
363 2759 438 2819 quae
462 2743 493 2801 in
516 2753 537 2801 σ
559 2741 674 2810 desinit,
698 2742 753 2803 lroo
776 2745 884 2803 amittit
906 2751 935 2801 et
958 2743 1029 2802 lacit
1050 2743 1177 2808 tertiam,
1207 2737 1321 2818 σταίης
1343 2738 1451 2818 σταίη,

160 2838 253 2922 δοίης
275 2839 360 2922 δοίη.

244 2944 286 3004 lle
316 2946 432 3006 induite
459 2945 556 3006 modo.
608 2947 755 3006 inlinitum
783 2947 919 3013 modurn,
948 2964 1036 3023 ηιιοιιι
1063 2937 1304 3022 άπαρέμφατον
1337 2942 1449 3012 dieunt,
1464 2967 1511 3016 161
1525 2966 1556 3018 v,

123 3047 280 3126 sstpvtidam
305 3049 485 3108 Graecorum
507 3050 588 3107 inter
612 3047 700 3108 verba
723 3065 881 3107 numerare
903 3046 1075 3113 noluerunt,
1104 3048 1173 3123 iptio
1207 3043 1316 3104 nullius
1338 3040 1447 3122 ἐγκλί-

161 3163 244 3220 σεως
273 3149 395 3209 verbum
424 3149 515 3208 verbo
549 3150 672 3210 alterius
705 3151 839 3209 iunctum
868 3150 960 3209 allicit
993 3166 1112 3208 sensum
1147 3145 1225 3225 (aruis
1258 3147 1337 3206 eninr
1372 3147 1451 3207 tlieat

157 3249 344 3330 βουλοίμην
366 3247 464 3327 λέγω,
487 3246 614 3329 λέγοιμι
636 3245 810 3329 βούλομαι,
832 3246 995 3329 γράφοιμι
1025 3247 1129 3328 τρέχω
1138 3250 1176 3327 l);
1204 3247 1447 3328 aparemphatum

161 3372 230 3412 vero
253 3371 319 3412 curn
342 3351 477 3430 quolibet
491 3352 578 3411 mode
592 3354 726 3412 iunctum
742 3354 813 3412 lacit
827 3370 956 3420 sensum,
979 3346 1069 3412 θέλω
1092 3346 1248 3429 γράφειν,
1270 3346 1352 3410 θέλε
1366 3345 1448 3428 γρά-

161 3471 256 3530 φειν,
287 3444 347 3512 έάν
374 3449 465 3513 θέλω
494 3448 650 3532 γράφειν,
674 3447 705 3513 εί
724 3448 858 3533 θέλοιμι
884 3450 1040 3532 γράφειν.
1085 3451 1223 3512 similiter
1245 3460 1274 3511 et
1296 3450 1373 3531 apud
1395 3451 1449 3511 La·
1510 3464 1515 3474 ·

123 3570 148 3609 ao
162 3556 240 3613 tinus
263 3553 323 3613 diei
347 3573 404 3614 uon
433 3562 530 3634 potest
559 3554 647 3615 velim
670 3554 779 3624 scribo,
804 3555 927 3616 debeam
953 3573 1041 3615 curre
1069 3563 1099 3613 et
1126 3552 1245 3614 similia.
1290 3552 1449 3632 dicuntque

161 3653 334 3714 adverbium
363 3674 429 3716 esse
458 3659 565 3734 magis,
594 3659 665 3736 quia
693 3659 854 3726 inlinitum,
890 3660 967 3717 sieut
988 3654 1177 3725 adverbium,
1206 3656 1400 3734 praeponitur
1422 3662 1451 3714 et

160 3759 347 3836 postponitur
370 3756 470 3826 verbo,
494 3765 526 3817 ut
547 3754 668 3837 γράφω
691 3757 811 3836 καλῶς,
835 3758 839 3837 ]
864 3753 972 3831 καλῶς
992 3753 1125 3837 γράφω,
1148 3756 1248 3818 scribo
1263 3755 1350 3824 bene,
1374 3755 1449 3816 bene

159 3857 273 3928 seribo,
302 3853 469 3939 ἑλληνιστὶ
497 3855 711 3940 διαλέγομαι,
733 3855 927 3940 διαλέγομαι
950 3855 1132 3941 ἑλληνιστί,
1155 3861 1247 3920 latine
1270 3858 1383 3937 loquor,
1407 3856 1449 3917 lo·

159 3979 234 4039 quur
262 3960 368 4030 latiue;
397 3963 436 4021 ita
466 3970 496 4022 ot
521 3963 591 4031 Ιιοο,
620 3956 712 4024 θέλω
739 3958 897 4042 γράφειν,
919 3957 1065 4039 γράφειν
1086 3955 1190 4039 θέλω,
1219 3960 1283 4020 ιοΙο
1304 3957 1448 4028 seribere,

120 4069 150 4122 ια’
159 4061 294 4123 seribere
317 4062 390 4131 volo,
415 4059 593 4142 ἐπίσταμαι
615 4059 757 4142 τρέχειν,
779 4058 910 4142 τρέχειν
934 4058 1124 4142 ἐπίσταμαι,
1154 4064 1216 4123 scio
1242 4062 1337 4141 loqui,
1368 4061 1448 4141 loqui

159 4168 230 4225 seio.
263 4183 318 4224 nee
340 4167 449 4225 mirum
473 4167 564 4236 aiunt,
588 4184 653 4225 eum
670 4165 760 4226 multa
784 4164 923 4226 adverbia
945 4171 1106 4225 nascantur
1128 4182 1143 4223 a
1166 4163 1276 4232 verbis,
1298 4163 1354 4223 boe
1376 4182 1493 4243 quo-‚-

159 4287 216 4346 que
241 4285 275 4326 ex
299 4266 391 4325 verbo
413 4285 477 4326 esse
500 4269 678 4346 proleetum.
707 4270 731 4327 si
748 4270 828 4328 euim
844 4261 1001 4345 έλληνίζω
1019 4260 1190 4345 ἑλληνιστί
1202 4266 1273 4326 lacit
1288 4273 1318 4324 et
1333 4260 1449 4345 κάμνω

158 4361 290 4448 άκμητί,
314 4387 368 4427 eru
392 4388 449 4428 non
473 4378 503 4429 et
525 4362 590 4429 άπὸ
611 4363 673 4429 τοῦ
694 4363 814 4448 γράφω
838 4378 976 4430 nascatur
998 4365 1172 4428 adverbium
1192 4361 1357 4455 ypdpatvt
1392 4366 1448 4427 hoe

158 4473 248 4531 etiam
277 4470 401 4530 addunt:
431 4473 456 4529 si
485 4468 522 4530 ab
550 4489 585 4530 eo
608 4470 686 4550 (prod
708 4479 753 4530 est
775 4466 896 4550 γράφω
918 4490 985 4532 eum
1008 4471 1041 4530 lit
1061 4464 1220 4548 γράφων,
1244 4471 1303 4530 lam
1324 4468 1447 4530 verbum

120 4592 145 4633 ιο
160 4591 216 4632 non
246 4572 370 4640 dieitur,
399 4572 450 4632 sed
479 4574 684 4651 participium,
713 4575 783 4652 quia
811 4572 944 4634 ultimam
972 4577 1065 4632 mutat
1092 4578 1122 4630 et
1148 4589 1306 4650 personam
1329 4573 1447 4641 amittit,

160 4709 394 4718 ...-———-—·-—-

228 4761 259 4807 12
276 4757 317 4822 εν]
335 4776 372 4825 ην
383 4761 408 4808 P
473 4755 617 4824 ποιοῖμεν]
636 4774 773 4825 ποιοιμην
786 4760 811 4807 P
879 4762 911 4810 13
923 4750 1093 4837 γράφοιμεν]
1106 4772 1272 4823 γραφοιμην
1285 4759 1308 4806 P
1323 4774 1326 4782 ·
1377 4760 1407 4805 15
1421 4770 1444 4805 ut

159 4827 294 4892 λεγοιμην
305 4843 472 4892 γραφοιμην
484 4829 509 4876 Ρ
576 4831 608 4877 16
620 4825 770 4892 τταίημεν]
785 4840 928 4893 σταιημην
939 4826 964 4876 Ρ
1020 4829 1051 4877 17
1064 4824 1204 4892 λεγοιμεν]
1218 4826 1355 4892 λεγοιμην
1369 4826 1392 4874 Ρ

158 4896 190 4944 at
204 4895 395 4961 paremplratum
408 4897 433 4944 P
499 4897 532 4946 30
544 4910 615 4944 curre
625 4912 643 4960 p
655 4911 756 4945 currere
767 4896 793 4945 Ρ
