3346 5498
264 371 326 437 154
829 368 983 431 conruit

285 482 408 534 gotti—³³
422 479 443 520 L.

259 563 296 622 in
319 567 397 622 tota
420 558 630 639 provincia,
661 556 777 618 latine
806 575 859 616 me
883 559 1034 626 scitote,
1059 574 1131 616 non
1153 556 1392 616 accusatoria
1413 555 1550 636 loqui';

261 670 290 722 et
312 660 437 723 subiecit
465 668 566 740 postca
595 661 720 720 ‘otiam
750 658 926 738 planius’,
958 657 1053 719 noluit
1080 657 1180 719 dicere
1209 657 1372 720 ‘latinius'.
1418 675 1489 735 ergo
1517 676 1551 718 ea

261 766 409 844 recipiunt
431 763 687 842 conparationem,
712 780 787 841 quae
810 769 879 821 sunt
907 759 1059 838 qualitatis
1082 767 1112 821 et
1133 762 1312 840 quantitatis,
1356 759 1431 822 liaeo
1453 768 1551 821 tamen

260 866 361 944 regula
388 884 448 925 non
477 865 619 932 recurrit,
648 863 679 923 id
706 870 752 924 est
778 881 837 923 non
868 863 966 923 omnia
995 863 1129 931 nomina,
1158 880 1233 942 quae
1262 870 1331 923 sunt
1352 860 1501 941 qualitatis
1524 869 1553 922 et

260 969 444 1049 quantitatis,
467 967 616 1045 recipiunt
637 966 888 1045 conparationem.
933 981 1009 1043 quae
1032 971 1129 1024 autem
1152 972 1364 1044 conparantur,
1387 971 1456 1024 sunt
1478 980 1577 1042 qua-⁵

259 1070 349 1131 litatis
372 1076 401 1129 et
423 1069 601 1149 quantitatis.
637 1085 697 1127 nou
719 1067 815 1127 omnis
836 1065 919 1126 verbi
947 1075 1034 1126 causa
1063 1066 1112 1145 qui
1142 1068 1258 1144 navigat
1287 1066 1469 1145 gubernator
1498 1075 1550 1135 est,

259 1169 311 1232 sed
340 1173 389 1252 qui
422 1169 612 1249 gubernator.
639 1176 684 1229 est
719 1169 843 1245 navigat.
889 1185 956 1228 nam
986 1186 1055 1229 ecce
1082 1169 1275 1228 inveniuntur
1301 1167 1397 1247 aliqua
1431 1170 1550 1229 nomina

259 1273 407 1354 qualitatis
429 1280 459 1332 et
481 1273 651 1348 quantitatis
674 1278 704 1330 et
726 1287 785 1329 non
808 1270 955 1349 recipiunt
977 1272 1229 1348 conparationem.
1275 1269 1436 1330 mediocris
1458 1288 1550 1331 unum

258 1383 372 1436 tantum
394 1373 517 1452 gradum
541 1358 642 1432 habit:
677 1389 765 1432 nemo
788 1369 859 1430 dicit
883 1371 1063 1431 mediocrior
1084 1371 1343 1432 mediocrissimus.
1389 1373 1456 1452 pius
1478 1374 1550 1452 piis·

258 1478 352 1537 simus
378 1476 452 1536 duos
475 1473 569 1536 habet
590 1472 713 1552 gradus,
744 1474 905 1551 positivum
928 1482 957 1533 ot
979 1471 1199 1552 superlativum.
1244 1491 1421 1554 quamquam
1443 1481 1473 1534 et
1494 1473 1551 1536 huc
1566 1487 1590 1527 1⁰

259 1579 409 1657 piissimus
431 1577 606 1656 vituperavit
620 1576 723 1637 Cicero
746 1576 777 1634 in
792 1573 981 1654 Philippicis:
1007 1574 1078 1634 dicit
1100 1579 1177 1634 ‘non
1201 1581 1299 1653 potest
1322 1576 1471 1655 piissimus
1493 1575 1552 1636 dici

258 1699 312 1759 per
340 1697 440 1740 rerum
469 1681 630 1739 naturam’.
674 1675 834 1736 insultabat
861 1672 1011 1755 Antolnio,
1046 1680 1113 1736 ‘tu’
1142 1677 1183 1736 ait
1216 1680 1318 1737 ‘utere
1346 1695 1465 1758 semper
1492 1677 1551 1739 hoc

258 1780 364 1850 verbo,
389 1783 565 1860 piissimus'.
612 1787 710 1838 tamen
734 1778 841 1856 Caper,
866 1776 917 1837 ille
939 1779 1079 1856 magister
1101 1780 1223 1855 Augusti
1245 1778 1392 1850 Caesaris,
1417 1777 1552 1840 clabora-

258 1884 300 1944 vit
320 1882 577 1943 vehementissime
600 1887 628 1940 et
651 1879 688 1940 dc
711 1879 845 1960 epistulis
860 1878 1011 1941 Ciceronis
1034 1877 1151 1957 collegit
1173 1880 1246 1940 haec
1270 1879 1371 1950 verba,
1396 1881 1447 1942 ubi
1469 1881 1551 1942 dixe·

258 1994 304 2046 rat
331 1986 395 2064 ipse
423 1985 526 2046 Cicero
556 1983 713 2062 piissimus.
759 1983 835 2042 scias
865 1983 1003 2061 quoniam
1033 1981 1228 2041 amaritudine
1257 1981 1405 2044 rhetorica
1435 1983 1492 2045 lroc
1524 1987 1550 2045 ei
1565 2008 1589 2046 ra

259 2086 421 2154 obiecerat,
454 2094 486 2146 ut
518 2085 631 2145 diceret
663 2087 738 2144 ‘nou
772 2091 868 2163 potest
899 2101 954 2163 per
988 2102 1087 2143 rerum
1122 2091 1256 2144 naturam
1285 2083 1344 2144 dici
1371 2086 1550 2164 piissimus’.

259 2205 330 2266 crgo
359 2196 404 2249 est
430 2186 587 2265 aliquando
608 2187 750 2266 positivus
772 2194 802 2246 et
823 2185 1030 2265 superlativus,
1062 2192 1094 2246 ut
1116 2187 1184 2265 pius
1206 2187 1369 2265 piissimus,
1393 2186 1550 2268 aliqnando

258 2291 401 2368 positivus
429 2297 459 2349 et
487 2289 705 2367 conparativus,
736 2296 768 2347 ut
789 2305 879 2347 senex
901 2289 1015 2356 senior,
1039 2286 1196 2367 aliquando
1219 2289 1425 2367 conparativus
1448 2297 1477 2350 et
1499 2309 1548 2351 su·

258 2391 430 2472 perlativus,
465 2399 497 2451 ut
530 2389 654 2450 ulterior
686 2388 823 2476 ultimus,
859 2389 1015 2468 aliquando
1049 2389 1245 2469 superlativus
1272 2398 1402 2460 tanturn,
1436 2399 1470 2452 ut
1496 2411 1550 2454 no·

258 2495 400 2554 vissimus.
708 2536 711 2539 ι
1562 2517 1589 2557 20

156 2612 245 2674 astu
342 2595 394 2656 Est
415 2593 482 2655 talis
503 2594 604 2673 regula
627 2603 760 2673 recepta:
784 2601 868 2654 rectu
890 2596 1062 2674 conparatio
1086 2604 1143 2664 est,
1161 2612 1236 2673 quae
1258 2597 1385 2674 primam
1409 2594 1550 2676 syllabam

258 2715 318 2757 non
340 2703 449 2766 mutat,
473 2704 505 2757 ut
527 2704 595 2777 puta
619 2696 733 2757 doctus.
780 2703 809 2754 et
833 2695 897 2756 vide
919 2714 973 2776 per
995 2714 1098 2756 omnes
1121 2695 1231 2774 gradus
1253 2697 1392 2773 quoniam
1415 2699 1471 2758 ista
1494 2701 1551 2761 erit

258 2797 368 2878 syllaba
383 2800 480 2879 prior,
504 2798 609 2860 doctus
624 2797 741 2859 doctior
755 2797 959 2866 doctissimus,
981 2817 1039 2858 non
1057 2799 1193 2859 mutavit:
1218 2798 1288 2858 felix
1304 2798 1420 2860 felicior
1441 2800 1551 2862 felicis-

258 2902 366 2970 simus,
394 2919 455 2961 non
482 2902 618 2971 mutavit,
648 2900 700 2960 sed
723 2901 885 2979 permansit
908 2901 935 2960 le
956 2899 1078 2979 ubique.
1122 2919 1138 2961 c
1161 2903 1310 2962 contrario
1333 2902 1452 2962 nomina
1474 2921 1549 2982 quae

257 3010 371 3064 mutant
392 3002 524 3064 anomala
547 3011 629 3071 sunt,
654 2999 748 3063 malus
770 3003 854 3081 peior
876 3001 1035 3081 pessimus,
1060 3005 1196 3062 mutavit:
1227 3001 1323 3063 bonus
1345 3001 1450 3064 melior
1472 3008 1548 3085 opti·
1562 3027 1589 3067 aa

257 3123 339 3174 mus,
369 3107 505 3166 mutavit:
535 3123 659 3183 magnus
686 3105 780 3164 maior
809 3104 968 3173 maximus,
998 3122 1068 3165 ecce
1097 3106 1229 3164 mutavit.
1276 3112 1305 3164 et
1325 3106 1381 3166 ista
1403 3114 1471 3167 sunt
1493 3109 1550 3169 tria

157 3226 158 3229 ¹
256 3216 370 3269 tantum
399 3206 502 3276 modo,
531 3224 606 3286 quae
634 3214 762 3275 mutant,
793 3204 888 3265 bonus
916 3203 1009 3264 malus
1037 3223 1173 3283 magnus.
1219 3215 1248 3267 et
1275 3226 1308 3266 ea
1332 3209 1450 3269 nomina
1473 3211 1550 3270 reci-

258 3311 343 3388 piunt
366 3310 615 3389 conparationem,
641 3325 715 3388 quae
739 3315 808 3368 sunt
830 3306 977 3386 qualitatis
1000 3314 1029 3367 et
1052 3309 1230 3384 quantitatis.
1256 3308 1308 3369 sed
1332 3327 1391 3369 non
1413 3310 1549 3373 ubicum-

257 3429 315 3491 que
344 3411 470 3490 qualitas
499 3418 526 3470 et
555 3412 702 3490 quantitas
730 3410 832 3478 luerit,
864 3409 950 3470 etiam
973 3410 1145 3490 conparatio
1168 3411 1281 3487 integra
1305 3418 1359 3471 est.
1405 3429 1471 3473 nam
1495 3411 1548 3473 ali·

257 3512 376 3592 quando
401 3516 404 3593 l
428 3513 595 3573 invenimus
617 3519 668 3572 aut
691 3529 782 3571 unum
805 3510 928 3590 gradum
951 3517 1001 3571 aut
1023 3510 1105 3572 duos.
1137 3511 1224 3591 plauc
1240 3512 1393 3575 sciendum
1417 3522 1460 3574 est
1483 3532 1588 3576 esseoo

257 3612 354 3691 aliqua
382 3615 500 3675 nomina
536 3630 610 3690 quae
639 3612 812 3674 naturaliter
839 3613 949 3691 gradus
975 3631 1046 3673 suos
1076 3621 1268 3693 corrumpant
1296 3614 1332 3674 ad
1358 3615 1548 3692 significatio·

258 3732 340 3784 nem,
364 3714 394 3774 id
418 3724 463 3776 est
484 3723 552 3775 sunt
573 3714 670 3792 aliqua
694 3716 812 3776 nomina
835 3732 909 3792 quae
930 3714 1103 3776 naturaliter
1122 3716 1258 3794 videntur
1280 3735 1345 3777 esse
1365 3716 1548 3788 diminutiva,

257 3817 372 3876 ratione
395 3824 493 3876 tamen
516 3817 718 3895 conparativa,
747 3816 974 3895 grandiusculus
995 3815 1176 3879 maiusculus
1198 3817 1390 3879 minusculus.
1430 3818 1549 3896 quando

258 3916 383 3977 dicimus
405 3918 515 3985 maius,
544 3920 608 3978 sine
631 3916 720 3978 dubio
744 3920 951 3998 conparativus
974 3927 1032 3987 est;
1063 3917 1245 3979 maiuscnlus
1266 3918 1469 3982 diminutivum
1493 3930 1547 3983 est.

258 4037 327 4079 ecce
354 4019 509 4078 diminutio
538 4026 583 4079 est
611 4038 626 4078 a
654 4021 850 4098 conparativo.
897 4038 967 4099 ergo
996 4020 1114 4099 quando
1136 4019 1203 4080 dico
1225 4021 1464 4099 grandiusculus,
1488 4042 1588 4104 quor..-¹

257 4120 345 4181 modo
368 4119 463 4180 deleo
479 4120 578 4182 dicere
601 4124 671 4181 istas
692 4130 802 4199 partes·
816 4124 974 4183 orationis?
998 4125 1117 4184 nomina
1138 4130 1206 4183 sunt
1227 4123 1380 4185 intellectu
1403 4144 1548 4205 conpara·

257 4222 329 4292 tiva,
354 4223 554 4282 enuntiatione
575 4222 761 4292 diminutiva,
778 4222 808 4282 id
825 4231 868 4283 est
890 4242 964 4284 sono
980 4225 1165 4293 diminutiva,
1181 4225 1333 4287 intellectu
1349 4229 1547 4306 conparativa.

325 4446 342 4495 2
360 4445 436 4493 etiam
456 4443 556 4508 planius
574 4440 631 4496 Oa*
648 4445 723 4494 etiam
742 4446 843 4510 plenius
855 4445 881 4495 A
897 4446 972 4494 etiam
993 4487 1057 4499 .,..
1075 4487 1080 4498 .
1095 4446 1196 4512 planius
1214 4464 1263 4499 rex
1274 4450 1333 4511 sere
1351 4450 1441 4500 litteris
1460 4449 1550 4500 deletis

169 4541 171 4545 ν
257 4513 282 4561 B
333 4514 364 4564 11
383 4514 510 4578 uituperat
528 4513 566 4562 A:
586 4514 742 4578 uituperauit
760 4516 842 4565 cicero
860 4518 941 4566 cicero
961 4516 1025 4565 inl]
1076 4516 1101 4566 in
1122 4514 1284 4584 Philippicis]
1305 4517 1362 4570 Xlll
1379 4517 1412 4570 19
1427 4529 1454 4568 tu
1471 4533 1547 4586 porro

257 4598 288 4633 ue
303 4584 360 4651 pios
379 4583 492 4648 quidem,
507 4584 552 4632 sed
572 4584 703 4651 piissimos
721 4587 832 4651 qnaeris,
845 4597 869 4636 et
888 4585 956 4651 qnod
969 4585 1074 4635 verbnm
1093 4589 1194 4637 omniuo
1209 4588 1306 4638 nultum
1322 4591 1347 4639 in
1368 4590 1455 4656 lingna
1469 4590 1548 4639 lutino

256 4661 303 4714 est,
320 4654 344 4703 id
364 4664 466 4720 propter
481 4663 550 4705 tuam
570 4652 682 4704 divinam
704 4656 827 4720 pietatem¹
839 4671 931 4707 novum
951 4656 1050 4704 inducis
1114 4658 1146 4707 12
1160 4659 1246 4706 antoni
1260 4657 1285 4706 A
1304 4658 1307 4662 ’
1356 4658 1387 4710 13
1407 4659 1548 4708 elaborauit

256 4721 533 4775 BCa*labrrrauitA
604 4726 636 4775 14
654 4725 827 4791 colligitAB
902 4726 934 4778 lo
959 4726 1112 4777 obiceratB
1187 4728 1219 4778 21
1244 4736 1312 4775 rectu
1336 4729 1480 4780 om.ABC

256 4793 291 4843 24
305 4797 444 4860 pennansit
463 4792 585 4857 iubique
606 4794 678 4846 Bca
697 4795 833 4862 permansit
853 4797 946 4860 ubique
964 4795 989 4845 Α
1059 4796 1093 4848 '28
1111 4797 1261 4858 ubicumque
1280 4795 1407 4859 qualitatis
1426 4807 1450 4848 et
1467 4813 1546 4862 quan-

256 4862 334 4913 titatis
354 4864 378 4912 A
447 4862 483 4917 80
501 4865 644 4916 inuanimus
665 4875 709 4916 aut
728 4881 804 4916 unum
823 4866 879 4915 AB
896 4867 1040 4916 inuenimus
1057 4867 1130 4916 ctiam
1149 4881 1225 4916 unum
1244 4866 1282 4916 Cl
