<?xml version="1.0" encoding="UTF-8"?>
<!DOCTYPE html PUBLIC "-//W3C//DTD XHTML 1.0 Transitional//EN"
    "http://www.w3.org/TR/xhtml1/DTD/xhtml1-transitional.dtd">
<html xmlns="http://www.w3.org/1999/xhtml" xml:lang="en" lang="en">
 <head>
  <title>
</title>
<meta http-equiv="Content-Type" content="text/html;charset=utf-8" />
  <meta name='ocr-system' content='tesseract 3.04.00' />
  <meta name='ocr-capabilities' content='ocr_page ocr_carea ocr_par ocr_line ocrx_word'/>
</head>
<body>
  <div class='ocr_page' id='page_1' title='image "./grammaticilatin03keilgoog_0059.png"; bbox 0 0 3346 5498; ppageno 0'>
   <div class='ocr_carea' id='block_1_1' title="bbox 220 381 264 446">
    <p class='ocr_par' dir='ltr' id='par_1_1' title="bbox 220 381 304 446">
     <span class='ocr_line' id='line_1_1' title="bbox 220 381 264 446; baseline -0.095 1"><span class='ocrx_word' id='word_1_1' title='bbox 220 381 264 446; x_wconf 82' lang='lat'><strong>46</strong></span> 
     </span>
    </p>
   </div>
   <div class='ocr_carea' id='block_1_2' title="bbox 710 380 944 482">
    <p class='ocr_par' dir='ltr' id='par_1_2' title="bbox 710 380 944 482">
     <span class='ocr_line' id='line_1_2' title="bbox 710 380 944 482; baseline -0.004 -38"><span class='ocrx_word' id='word_1_2' title='bbox 710 458 727 482; x_wconf 36' lang='lat' dir='ltr'>x</span> <span class='ocrx_word' id='word_1_3' title='bbox 783 380 944 444; x_wconf 65' lang='lat' dir='ltr'><strong>deuerti</strong></span> 
     </span>
    </p>
   </div>
   <div class='ocr_carea' id='block_1_3' title="bbox 108 422 1553 3612">
    <p class='ocr_par' dir='ltr' id='par_1_3' title="bbox 245 422 435 545">
     <span class='ocr_line' id='line_1_3' title="bbox 422 422 434 449; baseline 0 0"><span class='ocrx_word' id='word_1_4' title='bbox 422 422 434 449; x_wconf 60' lang='lat' dir='ltr'>Q</span> 
     </span>
     <span class='ocr_line' id='line_1_4' title="bbox 245 462 435 545; baseline 0 -13"><span class='ocrx_word' id='word_1_5' title='bbox 245 498 269 545; x_wconf 72' lang='lat' dir='ltr'><strong>p.</strong></span> <span class='ocrx_word' id='word_1_6' title='bbox 283 488 384 533; x_wconf 52' lang='lat' dir='ltr'><strong>tsotssoa</strong></span> <span class='ocrx_word' id='word_1_7' title='bbox 413 462 435 535; x_wconf 74' lang='lat' dir='ltr'><strong>,i</strong></span> 
     </span>
    </p>

    <p class='ocr_par' dir='ltr' id='par_1_4' title="bbox 220 562 1514 651">
     <span class='ocr_line' id='line_1_5' title="bbox 220 562 1514 651; baseline -0.003 -19"><span class='ocrx_word' id='word_1_8' title='bbox 220 570 306 632; x_wconf 88' lang='lat' dir='ltr'><strong>tabes</strong></span> <span class='ocrx_word' id='word_1_9' title='bbox 328 566 354 651; x_wconf 74' lang='lat' dir='ltr'><strong>p&#39;</strong></span> <span class='ocrx_word' id='word_1_10' title='bbox 427 569 505 633; x_wconf 77' lang='lat' dir='ltr'><strong>‚diei</strong></span> <span class='ocrx_word' id='word_1_11' title='bbox 528 585 625 646; x_wconf 90' lang='lat' dir='ltr'><strong>neque</strong></span> <span class='ocrx_word' id='word_1_12' title='bbox 647 569 736 629; x_wconf 86' lang='lat' dir='ltr'><strong>dicio.</strong></span> <span class='ocrx_word' id='word_1_13' title='bbox 763 569 830 647; x_wconf 92' lang='lat' dir='ltr'><strong>quia</strong></span> <span class='ocrx_word' id='word_1_14' title='bbox 853 576 952 648; x_wconf 83' lang='lat' dir='ltr'><strong>aptota</strong></span> <span class='ocrx_word' id='word_1_15' title='bbox 980 568 1099 628; x_wconf 89' lang='lat' dir='ltr'><strong>nomina</strong></span> <span class='ocrx_word' id='word_1_16' title='bbox 1122 576 1151 628; x_wconf 88' lang='lat' dir='ltr'><strong>et</strong></span> <span class='ocrx_word' id='word_1_17' title='bbox 1173 562 1362 649; x_wconf 76' lang='lat' dir='ltr'><strong>monoptollta</strong></span> <span class='ocrx_word' id='word_1_18' title='bbox 1384 587 1400 629; x_wconf 90' lang='lat' dir='ltr'><strong>a</strong></span> <span class='ocrx_word' id='word_1_19' title='bbox 1423 567 1514 629; x_wconf 91' lang='lat' dir='ltr'><strong>decli·</strong></span> 
     </span>
    </p>

    <p class='ocr_par' dir='ltr' id='par_1_5' title="bbox 121 475 1514 775">
     <span class='ocr_line' id='line_1_6' title="bbox 121 475 1514 775; baseline 0 -42"><span class='ocrx_word' id='word_1_20' title='bbox 121 475 544 775; x_wconf 46' lang='lat' dir='ltr'><strong>atsanatIonessrepant.</strong></span> <span class='ocrx_word' id='word_1_21' title='bbox 569 672 792 732; x_wconf 91' lang='lat' dir='ltr'><strong>-Necesse</strong></span> <span class='ocrx_word' id='word_1_22' title='bbox 821 677 876 729; x_wconf 89' lang='lat' dir='ltr'><strong>est</strong></span> <span class='ocrx_word' id='word_1_23' title='bbox 904 676 1022 731; x_wconf 90' lang='lat' dir='ltr'><strong>autem</strong></span> <span class='ocrx_word' id='word_1_24' title='bbox 1047 665 1053 751; x_wconf 78' lang='grc' dir='ltr'>Ι</span> <span class='ocrx_word' id='word_1_25' title='bbox 1078 677 1209 729; x_wconf 89' lang='lat' dir='ltr'><strong>contra</strong></span> <span class='ocrx_word' id='word_1_26' title='bbox 1236 670 1328 731; x_wconf 88' lang='lat' dir='ltr'><strong>bane</strong></span> <span class='ocrx_word' id='word_1_27' title='bbox 1350 669 1514 749; x_wconf 87' lang='lat' dir='ltr'><strong>regulam</strong></span> 
     </span>
    </p>

    <p class='ocr_par' dir='ltr' id='par_1_6' title="bbox 223 767 1515 869">
     <span class='ocr_line' id='line_1_7' title="bbox 223 767 1515 869; baseline -0.001 -35"><span class='ocrx_word' id='word_1_28' title='bbox 223 773 461 869; x_wconf 66' lang='lat' dir='ltr'><strong>declinentur</strong></span> <span class='ocrx_word' id='word_1_29' title='bbox 484 793 523 835; x_wconf 91' lang='lat' dir='ltr'><strong>ea</strong></span> <span class='ocrx_word' id='word_1_30' title='bbox 539 774 698 833; x_wconf 90' lang='lat' dir='ltr'><strong>nomina:</strong></span> <span class='ocrx_word' id='word_1_31' title='bbox 723 770 795 832; x_wconf 90' lang='lat' dir='ltr'><strong>baec</strong></span> <span class='ocrx_word' id='word_1_32' title='bbox 811 770 923 850; x_wconf 90' lang='lat' dir='ltr'><strong>regula,</strong></span> <span class='ocrx_word' id='word_1_33' title='bbox 940 789 1016 850; x_wconf 91' lang='lat' dir='ltr'><strong>quae</strong></span> <span class='ocrx_word' id='word_1_34' title='bbox 1032 767 1154 851; x_wconf 88' lang='lat' dir='ltr'><strong>p&#39;ropter</strong></span> <span class='ocrx_word' id='word_1_35' title='bbox 1168 770 1380 833; x_wconf 72' lang='lat' dir='ltr'><strong>discretionem</strong></span> <span class='ocrx_word' id='word_1_36' title='bbox 1395 774 1515 850; x_wconf 90' lang='lat' dir='ltr'><strong>generis</strong></span> 
     </span>
    </p>

    <p class='ocr_par' dir='ltr' id='par_1_7' title="bbox 222 866 1540 1247">
     <span class='ocr_line' id='line_1_8' title="bbox 222 872 1515 952; baseline -0.003 -14"><span class='ocrx_word' id='word_1_37' title='bbox 222 875 271 938; x_wconf 92' lang='lat' dir='ltr'><strong>abl</strong></span> <span class='ocrx_word' id='word_1_38' title='bbox 403 883 432 937; x_wconf 91' lang='lat' dir='ltr'><strong>et</strong></span> <span class='ocrx_word' id='word_1_39' title='bbox 454 875 584 937; x_wconf 90' lang='lat' dir='ltr'><strong>dativum</strong></span> <span class='ocrx_word' id='word_1_40' title='bbox 606 876 637 936; x_wconf 94' lang='lat' dir='ltr'><strong>in</strong></span> <span class='ocrx_word' id='word_1_41' title='bbox 661 873 715 934; x_wconf 92' lang='lat' dir='ltr'><strong>bus</strong></span> <span class='ocrx_word' id='word_1_42' title='bbox 737 875 840 943; x_wconf 87' lang='lat' dir='ltr'><strong>mittit,</strong></span> <span class='ocrx_word' id='word_1_43' title='bbox 864 881 897 934; x_wconf 91' lang='lat' dir='ltr'><strong>nt</strong></span> <span class='ocrx_word' id='word_1_44' title='bbox 918 872 965 952; x_wconf 86' lang='lat' dir='ltr'><strong>his</strong></span> <span class='ocrx_word' id='word_1_45' title='bbox 988 880 1018 933; x_wconf 93' lang='lat' dir='ltr'><strong>et</strong></span> <span class='ocrx_word' id='word_1_46' title='bbox 1039 873 1075 934; x_wconf 90' lang='lat' dir='ltr'><strong>ab</strong></span> <span class='ocrx_word' id='word_1_47' title='bbox 1098 873 1144 934; x_wconf 91' lang='lat' dir='ltr'><strong>bis</strong></span> <span class='ocrx_word' id='word_1_48' title='bbox 1159 872 1286 942; x_wconf 82' lang='lat' dir='ltr'><strong>deabus,</strong></span> <span class='ocrx_word' id='word_1_49' title='bbox 1310 873 1356 935; x_wconf 90' lang='lat' dir='ltr'><strong>bis</strong></span> <span class='ocrx_word' id='word_1_50' title='bbox 1372 881 1401 935; x_wconf 89' lang='lat' dir='ltr'><strong>et</strong></span> <span class='ocrx_word' id='word_1_51' title='bbox 1415 874 1453 936; x_wconf 89' lang='lat' dir='ltr'><strong>ab</strong></span> <span class='ocrx_word' id='word_1_52' title='bbox 1468 874 1515 935; x_wconf 90' lang='lat' dir='ltr'><strong>bis</strong></span> 
     </span>
     <span class='ocr_line' id='line_1_9' title="bbox 222 866 1540 1247; baseline -0.004 -208"><span class='ocrx_word' id='word_1_53' title='bbox 222 866 408 1247; x_wconf 44' lang='grc' dir='ltr'><strong>111ἲὶ11</strong></span> <span class='ocrx_word' id='word_1_54' title='bbox 429 978 476 1039; x_wconf 91' lang='lat' dir='ltr'><strong>bis</strong></span> <span class='ocrx_word' id='word_1_55' title='bbox 498 985 610 1039; x_wconf 90' lang='lat' dir='ltr'><strong>tantum</strong></span> <span class='ocrx_word' id='word_1_56' title='bbox 634 975 777 1038; x_wconf 85' lang='lat' dir='ltr'><strong>servanda</strong></span> <span class='ocrx_word' id='word_1_57' title='bbox 800 983 854 1046; x_wconf 90' lang='lat' dir='ltr'><strong>est,</strong></span> <span class='ocrx_word' id='word_1_58' title='bbox 878 993 954 1056; x_wconf 88' lang='lat' dir='ltr'><strong>quae</strong></span> <span class='ocrx_word' id='word_1_59' title='bbox 975 975 1052 1036; x_wconf 88' lang='lat' dir='ltr'><strong>lecta</strong></span> <span class='ocrx_word' id='word_1_60' title='bbox 1074 983 1152 1036; x_wconf 86' lang='lat' dir='ltr'><strong>sunt.</strong></span> <span class='ocrx_word' id='word_1_61' title='bbox 1190 982 1321 1037; x_wconf 85' lang='lat' dir='ltr'><strong>ceterum</strong></span> <span class='ocrx_word' id='word_1_62' title='bbox 1344 979 1370 1037; x_wconf 89' lang='lat' dir='ltr'><strong>si</strong></span> <span class='ocrx_word' id='word_1_63' title='bbox 1385 975 1540 1037; x_wconf 84' lang='lat' dir='ltr'><strong>volueri-s</strong></span> 
     </span>
    </p>

    <p class='ocr_par' dir='ltr' id='par_1_8' title="bbox 158 1056 1513 1157">
     <span class='ocr_line' id='line_1_10' title="bbox 158 1056 1513 1157; baseline -0.001 -17"><span class='ocrx_word' id='word_1_64' title='bbox 158 1096 159 1099; x_wconf 71' lang='grc'>’</span> <span class='ocrx_word' id='word_1_65' title='bbox 222 1056 298 1142; x_wconf 74' lang='lat' dir='ltr'><strong>mus</strong></span> <span class='ocrx_word' id='word_1_66' title='bbox 362 1056 419 1142; x_wconf 68' lang='lat' dir='ltr'><strong>ista</strong></span> <span class='ocrx_word' id='word_1_67' title='bbox 440 1081 539 1142; x_wconf 88' lang='lat' dir='ltr'><strong>emnia</strong></span> <span class='ocrx_word' id='word_1_68' title='bbox 561 1078 712 1140; x_wconf 87' lang='lat' dir='ltr'><strong>declinare</strong></span> <span class='ocrx_word' id='word_1_69' title='bbox 733 1079 851 1157; x_wconf 87' lang='lat' dir='ltr'><strong>generis</strong></span> <span class='ocrx_word' id='word_1_70' title='bbox 872 1077 1022 1146; x_wconf 83' lang='lat' dir='ltr'><strong>feminini,</strong></span> <span class='ocrx_word' id='word_1_71' title='bbox 1051 1078 1131 1157; x_wconf 89' lang='lat' dir='ltr'><strong>perit</strong></span> <span class='ocrx_word' id='word_1_72' title='bbox 1150 1076 1294 1147; x_wconf 80' lang='lat' dir='ltr'><strong>latinitas,</strong></span> <span class='ocrx_word' id='word_1_73' title='bbox 1317 1086 1349 1139; x_wconf 92' lang='lat' dir='ltr'><strong>ut</strong></span> <span class='ocrx_word' id='word_1_74' title='bbox 1370 1078 1513 1149; x_wconf 89' lang='lat' dir='ltr'><strong>Romana,</strong></span> 
     </span>
    </p>

    <p class='ocr_par' dir='ltr' id='par_1_9' title="bbox 108 1154 1517 1287">
     <span class='ocr_line' id='line_1_11' title="bbox 108 1154 1517 1287; baseline -0.001 -44"><span class='ocrx_word' id='word_1_75' title='bbox 108 1154 112 1162; x_wconf 38' lang='grc'>’</span> <span class='ocrx_word' id='word_1_76' title='bbox 221 1182 269 1243; x_wconf 90' lang='lat' dir='ltr'><strong>bis</strong></span> <span class='ocrx_word' id='word_1_77' title='bbox 288 1244 319 1287; x_wconf 44' lang='grc' dir='ltr'><em>ρ</em></span> <span class='ocrx_word' id='word_1_78' title='bbox 343 1180 380 1242; x_wconf 91' lang='lat' dir='ltr'><strong>ab</strong></span> <span class='ocrx_word' id='word_1_79' title='bbox 402 1182 450 1244; x_wconf 90' lang='lat' dir='ltr'><strong>bis</strong></span> <span class='ocrx_word' id='word_1_80' title='bbox 471 1175 674 1251; x_wconf 85' lang='lat' dir='ltr'><strong>itomanabus,</strong></span> <span class='ocrx_word' id='word_1_81' title='bbox 698 1181 764 1258; x_wconf 93' lang='lat' dir='ltr'><strong>quia</strong></span> <span class='ocrx_word' id='word_1_82' title='bbox 788 1179 844 1241; x_wconf 89' lang='lat' dir='ltr'><strong>boc</strong></span> <span class='ocrx_word' id='word_1_83' title='bbox 866 1181 964 1259; x_wconf 91' lang='lat' dir='ltr'><strong>ipsum</strong></span> <span class='ocrx_word' id='word_1_84' title='bbox 980 1179 1058 1259; x_wconf 91' lang='lat' dir='ltr'><strong>quod</strong></span> <span class='ocrx_word' id='word_1_85' title='bbox 1073 1180 1224 1241; x_wconf 79' lang='lat' dir='ltr'><strong>inventum</strong></span> <span class='ocrx_word' id='word_1_86' title='bbox 1241 1187 1286 1240; x_wconf 90' lang='lat' dir='ltr'><strong>est</strong></span> <span class='ocrx_word' id='word_1_87' title='bbox 1300 1189 1402 1241; x_wconf 89' lang='lat' dir='ltr'><strong>eontra</strong></span> <span class='ocrx_word' id='word_1_88' title='bbox 1418 1189 1517 1243; x_wconf 82' lang='lat' dir='ltr'><strong>artem</strong></span> 
     </span>
    </p>

    <p class='ocr_par' dir='ltr' id='par_1_10' title="bbox 137 1277 1515 1364">
     <span class='ocr_line' id='line_1_12' title="bbox 137 1277 1515 1364; baseline 0.001 -21"><span class='ocrx_word' id='word_1_89' title='bbox 137 1335 141 1343; x_wconf 95' lang='lat'><em>.</em></span> <span class='ocrx_word' id='word_1_90' title='bbox 222 1286 405 1364; x_wconf 87' lang='lat' dir='ltr'><strong>iurisperiti</strong></span> <span class='ocrx_word' id='word_1_91' title='bbox 430 1285 578 1353; x_wconf 76' lang='lat' dir='ltr'><strong>iecerunt,</strong></span> <span class='ocrx_word' id='word_1_92' title='bbox 608 1285 713 1362; x_wconf 87' lang='lat' dir='ltr'><strong>nequis</strong></span> <span class='ocrx_word' id='word_1_93' title='bbox 735 1277 866 1343; x_wconf 89' lang='lat' dir='ltr'><strong>moriens</strong></span> <span class='ocrx_word' id='word_1_94' title='bbox 893 1280 1088 1343; x_wconf 82' lang='lat' dir='ltr'><strong>hereditatem</strong></span> <span class='ocrx_word' id='word_1_95' title='bbox 1115 1281 1182 1342; x_wconf 88' lang='lat' dir='ltr'><strong>tiliis</strong></span> <span class='ocrx_word' id='word_1_96' title='bbox 1204 1282 1366 1343; x_wconf 87' lang='lat' dir='ltr'><strong>dimitteret</strong></span> <span class='ocrx_word' id='word_1_97' title='bbox 1388 1287 1423 1344; x_wconf 89' lang='lat' dir='ltr'><strong>et&#39;</strong></span> <span class='ocrx_word' id='word_1_98' title='bbox 1439 1281 1515 1344; x_wconf 84' lang='lat' dir='ltr'><strong>illias</strong></span> 
     </span>
    </p>

    <p class='ocr_par' dir='ltr' id='par_1_11' title="bbox 178 1382 1551 1556">
     <span class='ocr_line' id='line_1_13' title="bbox 178 1382 1515 1467; baseline -0.001 -20"><span class='ocrx_word' id='word_1_99' title='bbox 178 1398 209 1447; x_wconf 84' lang='lat'><strong>13</strong></span> <span class='ocrx_word' id='word_1_100' title='bbox 222 1386 370 1447; x_wconf 87' lang='lat' dir='ltr'><strong>videretur</strong></span> <span class='ocrx_word' id='word_1_101' title='bbox 391 1387 561 1467; x_wconf 81' lang='lat' dir='ltr'><strong>patrimonii</strong></span> <span class='ocrx_word' id='word_1_102' title='bbox 584 1388 629 1447; x_wconf 91' lang='lat' dir='ltr'><strong>sui</strong></span> <span class='ocrx_word' id='word_1_103' title='bbox 652 1387 750 1447; x_wconf 89' lang='lat' dir='ltr'><strong>lacere</strong></span> <span class='ocrx_word' id='word_1_104' title='bbox 772 1383 909 1446; x_wconf 90' lang='lat' dir='ltr'><strong>heredes.</strong></span> <span class='ocrx_word' id='word_1_105' title='bbox 931 1417 972 1427; x_wconf 92' lang='lat'>-</span> <span class='ocrx_word' id='word_1_106' title='bbox 995 1382 1093 1443; x_wconf 89' lang='lat' dir='ltr'><strong>Hane</strong></span> <span class='ocrx_word' id='word_1_107' title='bbox 1115 1383 1280 1462; x_wconf 89' lang='lat' dir='ltr'><strong>regulam</strong></span> <span class='ocrx_word' id='word_1_108' title='bbox 1303 1385 1515 1445; x_wconf 80' lang='lat' dir='ltr'><strong>invenimus</strong></span> 
     </span>
     <span class='ocr_line' id='line_1_14' title="bbox 222 1483 1551 1556; baseline -0.001 -8"><span class='ocrx_word' id='word_1_109' title='bbox 222 1488 265 1549; x_wconf 91' lang='lat' dir='ltr'><strong>ab</strong></span> <span class='ocrx_word' id='word_1_110' title='bbox 293 1487 360 1549; x_wconf 93' lang='lat' dir='ltr'><strong>boe</strong></span> <span class='ocrx_word' id='word_1_111' title='bbox 388 1506 472 1549; x_wconf 91' lang='lat' dir='ltr'><strong>vase</strong></span> <span class='ocrx_word' id='word_1_112' title='bbox 500 1506 685 1549; x_wconf 89' lang='lat' dir='ltr'><strong>vasorum:</strong></span> <span class='ocrx_word' id='word_1_113' title='bbox 710 1485 794 1546; x_wconf 92' lang='lat' dir='ltr'><strong>aliter</strong></span> <span class='ocrx_word' id='word_1_114' title='bbox 817 1483 975 1546; x_wconf 90' lang='lat' dir='ltr'><strong>dicendum</strong></span> <span class='ocrx_word' id='word_1_115' title='bbox 999 1493 1044 1546; x_wconf 87' lang='lat' dir='ltr'><strong>est</strong></span> <span class='ocrx_word' id='word_1_116' title='bbox 1065 1503 1150 1556; x_wconf 90' lang='lat' dir='ltr'><strong>vasa,</strong></span> <span class='ocrx_word' id='word_1_117' title='bbox 1174 1484 1260 1547; x_wconf 91' lang='lat' dir='ltr'><strong>aliter</strong></span> <span class='ocrx_word' id='word_1_118' title='bbox 1283 1485 1442 1547; x_wconf 88' lang='lat' dir='ltr'><strong>dicendum</strong></span> <span class='ocrx_word' id='word_1_119' title='bbox 1466 1494 1513 1547; x_wconf 90' lang='lat' dir='ltr'><strong>est</strong></span> <span class='ocrx_word' id='word_1_120' title='bbox 1526 1500 1551 1540; x_wconf 89' lang='lat'><strong>10</strong></span> 
     </span>
    </p>

    <p class='ocr_par' dir='ltr' id='par_1_12' title="bbox 222 1584 1515 1664">
     <span class='ocr_line' id='line_1_15' title="bbox 222 1584 1515 1664; baseline 0.001 -15"><span class='ocrx_word' id='word_1_121' title='bbox 222 1592 314 1659; x_wconf 87' lang='lat' dir='ltr'><strong>vasis,</strong></span> <span class='ocrx_word' id='word_1_122' title='bbox 344 1599 377 1651; x_wconf 91' lang='lat' dir='ltr'><strong>ut</strong></span> <span class='ocrx_word' id='word_1_123' title='bbox 397 1591 475 1664; x_wconf 91' lang='lat' dir='ltr'><strong>vasis</strong></span> <span class='ocrx_word' id='word_1_124' title='bbox 497 1589 663 1651; x_wconf 80' lang='lat' dir='ltr'><strong>simulacris</strong></span> <span class='ocrx_word' id='word_1_125' title='bbox 690 1589 738 1649; x_wconf 89' lang='lat' dir='ltr'><strong>bic</strong></span> <span class='ocrx_word' id='word_1_126' title='bbox 761 1588 865 1648; x_wconf 89' lang='lat' dir='ltr'><strong>tertiae</strong></span> <span class='ocrx_word' id='word_1_127' title='bbox 888 1584 1092 1648; x_wconf 82' lang='lat' dir='ltr'><strong>declinationis</strong></span> <span class='ocrx_word' id='word_1_128' title='bbox 1121 1595 1150 1648; x_wconf 86' lang='lat' dir='ltr'><strong>et</strong></span> <span class='ocrx_word' id='word_1_129' title='bbox 1177 1587 1265 1649; x_wconf 87' lang='lat' dir='ltr'><strong>iaciat</strong></span> <span class='ocrx_word' id='word_1_130' title='bbox 1293 1589 1368 1649; x_wconf 87' lang='lat' dir='ltr'><strong>vasis</strong></span> <span class='ocrx_word' id='word_1_131' title='bbox 1396 1587 1435 1649; x_wconf 91' lang='lat' dir='ltr'><strong>ab</strong></span> <span class='ocrx_word' id='word_1_132' title='bbox 1456 1588 1515 1650; x_wconf 91' lang='lat' dir='ltr'><strong>boe</strong></span> 
     </span>
    </p>

    <p class='ocr_par' dir='ltr' id='par_1_13' title="bbox 222 1688 1515 1768">
     <span class='ocr_line' id='line_1_16' title="bbox 222 1688 1515 1768; baseline 0 -18"><span class='ocrx_word' id='word_1_133' title='bbox 222 1695 282 1752; x_wconf 88' lang='lat' dir='ltr'><strong>vasi</strong></span> <span class='ocrx_word' id='word_1_134' title='bbox 305 1692 351 1753; x_wconf 91' lang='lat' dir='ltr'><strong>bis</strong></span> <span class='ocrx_word' id='word_1_135' title='bbox 372 1691 498 1753; x_wconf 86' lang='lat' dir='ltr'><strong>vasibus.</strong></span> <span class='ocrx_word' id='word_1_136' title='bbox 535 1692 592 1753; x_wconf 93' lang='lat' dir='ltr'><strong>boe</strong></span> <span class='ocrx_word' id='word_1_137' title='bbox 621 1710 690 1752; x_wconf 89' lang='lat' dir='ltr'><strong>vero</strong></span> <span class='ocrx_word' id='word_1_138' title='bbox 719 1709 769 1750; x_wconf 90' lang='lat' dir='ltr'><strong>vas</strong></span> <span class='ocrx_word' id='word_1_139' title='bbox 797 1691 867 1750; x_wconf 90' lang='lat' dir='ltr'><strong>iacit</strong></span> <span class='ocrx_word' id='word_1_140' title='bbox 888 1688 926 1749; x_wconf 94' lang='lat' dir='ltr'><strong>ab</strong></span> <span class='ocrx_word' id='word_1_141' title='bbox 948 1689 1006 1749; x_wconf 90' lang='lat' dir='ltr'><strong>boc</strong></span> <span class='ocrx_word' id='word_1_142' title='bbox 1029 1707 1097 1750; x_wconf 89' lang='lat' dir='ltr'><strong>vase</strong></span> <span class='ocrx_word' id='word_1_143' title='bbox 1117 1708 1254 1751; x_wconf 88' lang='lat' dir='ltr'><strong>vasorum</strong></span> <span class='ocrx_word' id='word_1_144' title='bbox 1276 1691 1362 1751; x_wconf 89' lang='lat' dir='ltr'><strong>vasis.</strong></span> <span class='ocrx_word' id='word_1_145' title='bbox 1397 1694 1515 1768; x_wconf 85' lang='lat' dir='ltr'><strong>lqnare</strong></span> 
     </span>
    </p>

    <p class='ocr_par' dir='ltr' id='par_1_14' title="bbox 223 1791 1514 1872">
     <span class='ocr_line' id='line_1_17' title="bbox 223 1791 1514 1872; baseline -0.002 -17"><span class='ocrx_word' id='word_1_146' title='bbox 223 1795 335 1872; x_wconf 88' lang='lat' dir='ltr'><strong>antiqui</strong></span> <span class='ocrx_word' id='word_1_147' title='bbox 358 1795 469 1855; x_wconf 87' lang='lat' dir='ltr'><strong>rectius</strong></span> <span class='ocrx_word' id='word_1_148' title='bbox 492 1793 630 1855; x_wconf 91' lang='lat' dir='ltr'><strong>dicebant</strong></span> <span class='ocrx_word' id='word_1_149' title='bbox 651 1812 767 1860; x_wconf 90' lang='lat' dir='ltr'><strong>vasum,</strong></span> <span class='ocrx_word' id='word_1_150' title='bbox 789 1811 848 1871; x_wconf 91' lang='lat' dir='ltr'><strong>quo</strong></span> <span class='ocrx_word' id='word_1_151' title='bbox 870 1791 959 1852; x_wconf 91' lang='lat' dir='ltr'><strong>modo</strong></span> <span class='ocrx_word' id='word_1_152' title='bbox 981 1809 1144 1852; x_wconf 82' lang='lat' dir='ltr'><strong>scamnum.</strong></span> <span class='ocrx_word' id='word_1_153' title='bbox 1181 1793 1341 1853; x_wconf 87' lang='lat' dir='ltr'><strong>aucteritas</strong></span> <span class='ocrx_word' id='word_1_154' title='bbox 1362 1809 1412 1853; x_wconf 87' lang='lat' dir='ltr'><strong>vas</strong></span> <span class='ocrx_word' id='word_1_155' title='bbox 1427 1811 1514 1872; x_wconf 90' lang='lat' dir='ltr'><strong>prae·</strong></span> 
     </span>
    </p>

    <p class='ocr_par' dir='ltr' id='par_1_15' title="bbox 178 1893 1551 2086">
     <span class='ocr_line' id='line_1_18' title="bbox 222 1893 1509 1975; baseline 0 -19"><span class='ocrx_word' id='word_1_156' title='bbox 222 1897 360 1975; x_wconf 89' lang='lat' dir='ltr'><strong>sumpsit,</strong></span> <span class='ocrx_word' id='word_1_157' title='bbox 395 1897 462 1973; x_wconf 89' lang='lat' dir='ltr'><strong>quia</strong></span> <span class='ocrx_word' id='word_1_158' title='bbox 496 1895 609 1957; x_wconf 87' lang='lat' dir='ltr'><strong>nullum</strong></span> <span class='ocrx_word' id='word_1_159' title='bbox 645 1914 752 1957; x_wconf 91' lang='lat' dir='ltr'><strong>nomen</strong></span> <span class='ocrx_word' id='word_1_160' title='bbox 785 1895 904 1973; x_wconf 89' lang='lat' dir='ltr'><strong>generis</strong></span> <span class='ocrx_word' id='word_1_161' title='bbox 935 1895 1033 1954; x_wconf 90' lang='lat' dir='ltr'><strong>neutri</strong></span> <span class='ocrx_word' id='word_1_162' title='bbox 1062 1911 1094 1954; x_wconf 90' lang='lat' dir='ltr'><strong>as</strong></span> <span class='ocrx_word' id='word_1_163' title='bbox 1121 1893 1228 1954; x_wconf 90' lang='lat' dir='ltr'><strong>litteris</strong></span> <span class='ocrx_word' id='word_1_164' title='bbox 1257 1896 1441 1956; x_wconf 89' lang='lat' dir='ltr'><strong>terminatur.</strong></span> <span class='ocrx_word' id='word_1_165' title='bbox 1473 1928 1509 1939; x_wconf 91' lang='lat'>—</span> 
     </span>
     <span class='ocr_line' id='line_1_19' title="bbox 178 1995 1551 2086; baseline -0.001 -28"><span class='ocrx_word' id='word_1_166' title='bbox 178 1999 350 2060; x_wconf 79' lang='lat' dir='ltr'><strong>ldllativo</strong></span> <span class='ocrx_word' id='word_1_167' title='bbox 375 2004 409 2057; x_wconf 87' lang='lat' dir='ltr'><strong>et</strong></span> <span class='ocrx_word' id='word_1_168' title='bbox 431 1997 594 2059; x_wconf 89' lang='lat' dir='ltr'><strong>ablativo</strong></span> <span class='ocrx_word' id='word_1_169' title='bbox 616 2000 652 2058; x_wconf 92' lang='lat' dir='ltr'><strong>in</strong></span> <span class='ocrx_word' id='word_1_170' title='bbox 674 1998 755 2067; x_wconf 92' lang='lat' dir='ltr'><strong>bus,</strong></span> <span class='ocrx_word' id='word_1_171' title='bbox 771 1996 865 2057; x_wconf 91' lang='lat' dir='ltr'><strong>utab</strong></span> <span class='ocrx_word' id='word_1_172' title='bbox 889 1996 955 2056; x_wconf 88' lang='lat' dir='ltr'><strong>bac</strong></span> <span class='ocrx_word' id='word_1_173' title='bbox 979 2015 1017 2057; x_wconf 90' lang='lat' dir='ltr'><strong>re</strong></span> <span class='ocrx_word' id='word_1_174' title='bbox 1040 1995 1167 2057; x_wconf 90' lang='lat' dir='ltr'><strong>barum</strong></span> <span class='ocrx_word' id='word_1_175' title='bbox 1186 2014 1310 2086; x_wconf 79' lang='lat' dir='ltr'><strong>rernm</strong></span> <span class='ocrx_word' id='word_1_176' title='bbox 1332 1996 1389 2057; x_wconf 92' lang='lat' dir='ltr'><strong>bis</strong></span> <span class='ocrx_word' id='word_1_177' title='bbox 1412 2004 1447 2057; x_wconf 89' lang='lat' dir='ltr'><strong>et</strong></span> <span class='ocrx_word' id='word_1_178' title='bbox 1469 1996 1551 2058; x_wconf 79' lang='lat' dir='ltr'><strong>abu</strong></span> 
     </span>
    </p>

    <p class='ocr_par' dir='ltr' id='par_1_16' title="bbox 223 2097 1513 2197">
     <span class='ocr_line' id='line_1_20' title="bbox 223 2097 1513 2197; baseline -0.002 -36"><span class='ocrx_word' id='word_1_179' title='bbox 223 2102 279 2162; x_wconf 91' lang='lat' dir='ltr'><strong>bis</strong></span> <span class='ocrx_word' id='word_1_180' title='bbox 301 2099 429 2169; x_wconf 89' lang='lat' dir='ltr'><strong>rebus;</strong></span> <span class='ocrx_word' id='word_1_181' title='bbox 460 2108 496 2159; x_wconf 90' lang='lat' dir='ltr'><strong>et</strong></span> <span class='ocrx_word' id='word_1_182' title='bbox 516 2100 606 2161; x_wconf 89' lang='lat' dir='ltr'><strong>haee</strong></span> <span class='ocrx_word' id='word_1_183' title='bbox 628 2099 938 2197; x_wconf 53' lang='lat' dir='ltr'><strong>regula&#39;proprie</strong></span> <span class='ocrx_word' id='word_1_184' title='bbox 966 2097 1138 2158; x_wconf 77' lang='lat' dir='ltr'><strong>seminini</strong></span> <span class='ocrx_word' id='word_1_185' title='bbox 1166 2100 1316 2176; x_wconf 88' lang='lat' dir='ltr'><strong>generis</strong></span> <span class='ocrx_word' id='word_1_186' title='bbox 1344 2106 1513 2178; x_wconf 86' lang='lat' dir='ltr'><strong>putatur:</strong></span> 
     </span>
    </p>

    <p class='ocr_par' dir='ltr' id='par_1_17' title="bbox 222 2200 1514 2282">
     <span class='ocr_line' id='line_1_21' title="bbox 222 2200 1514 2282; baseline 0 -19"><span class='ocrx_word' id='word_1_187' title='bbox 222 2203 295 2264; x_wconf 88' lang='lat' dir='ltr'><strong>baec</strong></span> <span class='ocrx_word' id='word_1_188' title='bbox 318 2202 418 2281; x_wconf 90' lang='lat' dir='ltr'><strong>regula</strong></span> <span class='ocrx_word' id='word_1_189' title='bbox 440 2203 562 2281; x_wconf 90' lang='lat' dir='ltr'><strong>quintae</strong></span> <span class='ocrx_word' id='word_1_190' title='bbox 583 2201 789 2263; x_wconf 81' lang='lat' dir='ltr'><strong>declinationis</strong></span> <span class='ocrx_word' id='word_1_191' title='bbox 812 2201 946 2260; x_wconf 80' lang='lat' dir='ltr'><strong>feminini</strong></span> <span class='ocrx_word' id='word_1_192' title='bbox 967 2201 1086 2277; x_wconf 86' lang='lat' dir='ltr'><strong>generis</strong></span> <span class='ocrx_word' id='word_1_193' title='bbox 1108 2209 1166 2271; x_wconf 91' lang='lat' dir='ltr'><strong>est,</strong></span> <span class='ocrx_word' id='word_1_194' title='bbox 1190 2206 1223 2261; x_wconf 90' lang='lat' dir='ltr'><strong>nt</strong></span> <span class='ocrx_word' id='word_1_195' title='bbox 1244 2200 1318 2262; x_wconf 90' lang='lat' dir='ltr'><strong>baec</strong></span> <span class='ocrx_word' id='word_1_196' title='bbox 1340 2201 1405 2262; x_wconf 89' lang='lat' dir='ltr'><strong>dies</strong></span> <span class='ocrx_word' id='word_1_197' title='bbox 1420 2204 1514 2282; x_wconf 88' lang='lat' dir='ltr'><strong>magis</strong></span> 
     </span>
    </p>

    <p class='ocr_par' dir='ltr' id='par_1_18' title="bbox 224 2282 1515 2384">
     <span class='ocr_line' id='line_1_22' title="bbox 224 2282 1515 2384; baseline 0.001 -20"><span class='ocrx_word' id='word_1_198' title='bbox 224 2305 365 2366; x_wconf 88' lang='lat' dir='ltr'><strong>leminino</strong></span> <span class='ocrx_word' id='word_1_199' title='bbox 388 2323 497 2383; x_wconf 90' lang='lat' dir='ltr'><strong>genere</strong></span> <span class='ocrx_word' id='word_1_200' title='bbox 514 2282 696 2366; x_wconf 78' lang='lat' dir='ltr'><strong>&#39;declinanda</strong></span> <span class='ocrx_word' id='word_1_201' title='bbox 717 2306 769 2374; x_wconf 91' lang='lat' dir='ltr'><strong>sit,</strong></span> <span class='ocrx_word' id='word_1_202' title='bbox 793 2320 881 2380; x_wconf 90' lang='lat' dir='ltr'><strong>quam</strong></span> <span class='ocrx_word' id='word_1_203' title='bbox 904 2294 1081 2371; x_wconf 80' lang='lat' dir='ltr'><strong>masculino,</strong></span> <span class='ocrx_word' id='word_1_204' title='bbox 1105 2299 1173 2362; x_wconf 90' lang='lat' dir='ltr'><strong>lieet</strong></span> <span class='ocrx_word' id='word_1_205' title='bbox 1188 2300 1337 2379; x_wconf 87' lang='lat' dir='ltr'><strong>Vergilius</strong></span> <span class='ocrx_word' id='word_1_206' title='bbox 1353 2308 1515 2384; x_wconf 88' lang='lat' dir='ltr'><strong>utrumque</strong></span> 
     </span>
    </p>

    <p class='ocr_par' dir='ltr' id='par_1_19' title="bbox 177 2402 1553 2587">
     <span class='ocr_line' id='line_1_23' title="bbox 177 2402 1515 2490; baseline 0.001 -24"><span class='ocrx_word' id='word_1_207' title='bbox 177 2405 339 2466; x_wconf 74' lang='lat' dir='ltr'><strong>eetlixerit.</strong></span> <span class='ocrx_word' id='word_1_208' title='bbox 363 2441 406 2452; x_wconf 91' lang='lat'>-</span> <span class='ocrx_word' id='word_1_209' title='bbox 427 2406 461 2467; x_wconf 94' lang='lat' dir='ltr'><strong>ln</strong></span> <span class='ocrx_word' id='word_1_210' title='bbox 484 2405 537 2466; x_wconf 90' lang='lat' dir='ltr'><strong>lrac</strong></span> <span class='ocrx_word' id='word_1_211' title='bbox 560 2405 661 2490; x_wconf 88' lang='lat' dir='ltr'><strong>regula</strong></span> <span class='ocrx_word' id='word_1_212' title='bbox 684 2406 867 2466; x_wconf 87' lang='lat' dir='ltr'><strong>accusativus</strong></span> <span class='ocrx_word' id='word_1_213' title='bbox 889 2402 1013 2483; x_wconf 91' lang='lat' dir='ltr'><strong>pluralis</strong></span> <span class='ocrx_word' id='word_1_214' title='bbox 1034 2405 1163 2482; x_wconf 90' lang='lat' dir='ltr'><strong>genetivi</strong></span> <span class='ocrx_word' id='word_1_215' title='bbox 1184 2402 1340 2481; x_wconf 88' lang='lat' dir='ltr'><strong>singularis</strong></span> <span class='ocrx_word' id='word_1_216' title='bbox 1354 2405 1515 2468; x_wconf 85' lang='lat' dir='ltr'><strong>termulam</strong></span> 
     </span>
     <span class='ocr_line' id='line_1_24' title="bbox 222 2505 1553 2587; baseline -0.005 -18"><span class='ocrx_word' id='word_1_217' title='bbox 222 2511 371 2586; x_wconf 87' lang='lat' dir='ltr'><strong>sequitur,</strong></span> <span class='ocrx_word' id='word_1_218' title='bbox 395 2507 453 2568; x_wconf 91' lang='lat' dir='ltr'><strong>boc</strong></span> <span class='ocrx_word' id='word_1_219' title='bbox 475 2514 521 2568; x_wconf 87' lang='lat' dir='ltr'><strong>est</strong></span> <span class='ocrx_word' id='word_1_220' title='bbox 542 2507 595 2569; x_wconf 90' lang='lat' dir='ltr'><strong>bas</strong></span> <span class='ocrx_word' id='word_1_221' title='bbox 617 2509 741 2587; x_wconf 88' lang='lat' dir='ltr'><strong>puppis,</strong></span> <span class='ocrx_word' id='word_1_222' title='bbox 763 2508 840 2567; x_wconf 91' lang='lat' dir='ltr'><strong>sieut</strong></span> <span class='ocrx_word' id='word_1_223' title='bbox 860 2505 949 2566; x_wconf 92' lang='lat' dir='ltr'><strong>buius</strong></span> <span class='ocrx_word' id='word_1_224' title='bbox 969 2507 1091 2584; x_wconf 89' lang='lat' dir='ltr'><strong>puppis,</strong></span> <span class='ocrx_word' id='word_1_225' title='bbox 1110 2513 1244 2585; x_wconf 58' lang='lat' dir='ltr'><strong>,propter</strong></span> <span class='ocrx_word' id='word_1_226' title='bbox 1270 2509 1440 2585; x_wconf 76' lang='lat' dir='ltr'><strong>genetivum</strong></span> <span class='ocrx_word' id='word_1_227' title='bbox 1464 2510 1553 2587; x_wconf 79' lang='lat' dir='ltr'><strong>quito</strong></span> 
     </span>
    </p>

    <p class='ocr_par' dir='ltr' id='par_1_20' title="bbox 178 2606 1514 2688">
     <span class='ocr_line' id='line_1_25' title="bbox 178 2606 1514 2688; baseline 0.001 -17"><span class='ocrx_word' id='word_1_228' title='bbox 178 2622 208 2671; x_wconf 83' lang='lat' dir='ltr'><strong>tt</strong></span> <span class='ocrx_word' id='word_1_229' title='bbox 221 2612 252 2672; x_wconf 93' lang='lat' dir='ltr'><strong>in</strong></span> <span class='ocrx_word' id='word_1_230' title='bbox 274 2611 336 2671; x_wconf 90' lang='lat' dir='ltr'><strong>ium</strong></span> <span class='ocrx_word' id='word_1_231' title='bbox 360 2610 448 2670; x_wconf 91' lang='lat' dir='ltr'><strong>vadit.</strong></span> <span class='ocrx_word' id='word_1_232' title='bbox 474 2644 512 2654; x_wconf 93' lang='lat'>-</span> <span class='ocrx_word' id='word_1_233' title='bbox 536 2609 594 2670; x_wconf 91' lang='lat' dir='ltr'><strong>lsta</strong></span> <span class='ocrx_word' id='word_1_234' title='bbox 621 2610 756 2678; x_wconf 89' lang='lat' dir='ltr'><strong>nomina,</strong></span> <span class='ocrx_word' id='word_1_235' title='bbox 786 2609 895 2688; x_wconf 88' lang='lat' dir='ltr'><strong>puppis</strong></span> <span class='ocrx_word' id='word_1_236' title='bbox 917 2606 1015 2685; x_wconf 85' lang='lat' dir='ltr'><strong>Tigris</strong></span> <span class='ocrx_word' id='word_1_237' title='bbox 1036 2606 1153 2668; x_wconf 86' lang='lat' dir='ltr'><strong>Tiberis</strong></span> <span class='ocrx_word' id='word_1_238' title='bbox 1175 2610 1271 2679; x_wconf 89' lang='lat' dir='ltr'><strong>navis,</strong></span> <span class='ocrx_word' id='word_1_239' title='bbox 1300 2611 1331 2670; x_wconf 92' lang='lat' dir='ltr'><strong>in</strong></span> <span class='ocrx_word' id='word_1_240' title='bbox 1359 2612 1370 2670; x_wconf 94' lang='lat' dir='ltr'><strong>i</strong></span> <span class='ocrx_word' id='word_1_241' title='bbox 1392 2613 1514 2672; x_wconf 88' lang='lat' dir='ltr'><strong>mittunt</strong></span> 
     </span>
    </p>

    <p class='ocr_par' dir='ltr' id='par_1_21' title="bbox 221 2710 1516 2792">
     <span class='ocr_line' id='line_1_26' title="bbox 221 2710 1516 2792; baseline 0.002 -19"><span class='ocrx_word' id='word_1_242' title='bbox 221 2711 397 2781; x_wconf 88' lang='lat' dir='ltr'><strong>ablativum,</strong></span> <span class='ocrx_word' id='word_1_243' title='bbox 425 2713 502 2772; x_wconf 91' lang='lat' dir='ltr'><strong>sicut</strong></span> <span class='ocrx_word' id='word_1_244' title='bbox 528 2710 578 2771; x_wconf 91' lang='lat' dir='ltr'><strong>illa</strong></span> <span class='ocrx_word' id='word_1_245' title='bbox 601 2729 717 2789; x_wconf 92' lang='lat' dir='ltr'><strong>quaea</strong></span> <span class='ocrx_word' id='word_1_246' title='bbox 747 2711 898 2772; x_wconf 89' lang='lat' dir='ltr'><strong>communi</strong></span> <span class='ocrx_word' id='word_1_247' title='bbox 926 2710 1046 2770; x_wconf 88' lang='lat' dir='ltr'><strong>veniunt</strong></span> <span class='ocrx_word' id='word_1_248' title='bbox 1073 2712 1177 2772; x_wconf 88' lang='lat' dir='ltr'><strong>tertiae</strong></span> <span class='ocrx_word' id='word_1_249' title='bbox 1206 2711 1426 2784; x_wconf 85' lang='lat' dir='ltr'><strong>declinationis,</strong></span> <span class='ocrx_word' id='word_1_250' title='bbox 1452 2715 1457 2792; x_wconf 91' lang='grc' dir='ltr'>Ι</span> <span class='ocrx_word' id='word_1_251' title='bbox 1481 2721 1516 2775; x_wconf 91' lang='grc' dir='ltr'><strong>ιιι</strong></span> 
     </span>
    </p>

    <p class='ocr_par' dir='ltr' id='par_1_22' title="bbox 160 2799 1514 2894">
     <span class='ocr_line' id='line_1_27' title="bbox 160 2799 1514 2894; baseline 0.002 -20"><span class='ocrx_word' id='word_1_252' title='bbox 160 2799 188 2838; x_wconf 71' lang='grc'><em>”</em></span> <span class='ocrx_word' id='word_1_253' title='bbox 221 2813 290 2893; x_wconf 88' lang='lat' dir='ltr'><strong>agili</strong></span> <span class='ocrx_word' id='word_1_254' title='bbox 313 2811 391 2874; x_wconf 87' lang='lat' dir='ltr'><strong>lacili</strong></span> <span class='ocrx_word' id='word_1_255' title='bbox 413 2812 536 2874; x_wconf 90' lang='lat' dir='ltr'><strong>liberali.</strong></span> <span class='ocrx_word' id='word_1_256' title='bbox 576 2831 652 2890; x_wconf 89' lang='lat' dir='ltr'><strong>quae</strong></span> <span class='ocrx_word' id='word_1_257' title='bbox 675 2813 842 2884; x_wconf 86' lang='lat' dir='ltr'><strong>communia</strong></span> <span class='ocrx_word' id='word_1_258' title='bbox 865 2820 895 2872; x_wconf 88' lang='lat' dir='ltr'><strong>et</strong></span> <span class='ocrx_word' id='word_1_259' title='bbox 916 2818 1022 2872; x_wconf 91' lang='lat' dir='ltr'><strong>neutra</strong></span> <span class='ocrx_word' id='word_1_260' title='bbox 1044 2820 1128 2883; x_wconf 91' lang='lat' dir='ltr'><strong>sunt,</strong></span> <span class='ocrx_word' id='word_1_261' title='bbox 1156 2832 1275 2894; x_wconf 88' lang='lat' dir='ltr'><strong>semper</strong></span> <span class='ocrx_word' id='word_1_262' title='bbox 1303 2817 1333 2876; x_wconf 93' lang='lat' dir='ltr'><strong>in</strong></span> <span class='ocrx_word' id='word_1_263' title='bbox 1360 2817 1372 2875; x_wconf 95' lang='lat' dir='ltr'><strong>i</strong></span> <span class='ocrx_word' id='word_1_264' title='bbox 1394 2817 1514 2877; x_wconf 88' lang='lat' dir='ltr'><strong>mittunt</strong></span> 
     </span>
    </p>

    <p class='ocr_par' dir='ltr' id='par_1_23' title="bbox 175 2912 1552 3096">
     <span class='ocr_line' id='line_1_28' title="bbox 175 2912 1512 2995; baseline 0.001 -17"><span class='ocrx_word' id='word_1_265' title='bbox 175 2929 208 2978; x_wconf 74' lang='lat' dir='ltr'><strong>tt</strong></span> <span class='ocrx_word' id='word_1_266' title='bbox 221 2914 378 2975; x_wconf 90' lang='lat' dir='ltr'><strong>ablativum</strong></span> <span class='ocrx_word' id='word_1_267' title='bbox 402 2914 593 2995; x_wconf 91' lang='lat' dir='ltr'><strong>singularem.</strong></span> <span class='ocrx_word' id='word_1_268' title='bbox 618 2950 655 2959; x_wconf 90' lang='lat'><em>-</em></span> <span class='ocrx_word' id='word_1_269' title='bbox 679 2915 761 2986; x_wconf 84' lang='lat' dir='ltr'><strong>Quae</strong></span> <span class='ocrx_word' id='word_1_270' title='bbox 783 2916 813 2973; x_wconf 92' lang='lat' dir='ltr'><strong>in</strong></span> <span class='ocrx_word' id='word_1_271' title='bbox 837 2915 972 2993; x_wconf 89' lang='lat' dir='ltr'><strong>genetivo</strong></span> <span class='ocrx_word' id='word_1_272' title='bbox 993 2912 1100 2993; x_wconf 91' lang='lat' dir='ltr'><strong>plurali</strong></span> <span class='ocrx_word' id='word_1_273' title='bbox 1123 2918 1244 2978; x_wconf 88' lang='lat' dir='ltr'><strong>nomina</strong></span> <span class='ocrx_word' id='word_1_274' title='bbox 1265 2919 1296 2979; x_wconf 92' lang='lat' dir='ltr'><strong>in</strong></span> <span class='ocrx_word' id='word_1_275' title='bbox 1318 2935 1369 2979; x_wconf 90' lang='lat' dir='ltr'><strong>um</strong></span> <span class='ocrx_word' id='word_1_276' title='bbox 1391 2917 1512 2993; x_wconf 77' lang='lat' dir='ltr'><strong>vadunt,</strong></span> 
     </span>
     <span class='ocr_line' id='line_1_29' title="bbox 222 3015 1552 3096; baseline 0.002 -18"><span class='ocrx_word' id='word_1_277' title='bbox 222 3016 381 3078; x_wconf 86' lang='lat' dir='ltr'><strong>ablativum</strong></span> <span class='ocrx_word' id='word_1_278' title='bbox 404 3015 585 3096; x_wconf 85' lang='lat' dir='ltr'><strong>singularem</strong></span> <span class='ocrx_word' id='word_1_279' title='bbox 608 3019 639 3077; x_wconf 90' lang='lat' dir='ltr'><strong>in</strong></span> <span class='ocrx_word' id='word_1_280' title='bbox 655 3036 672 3077; x_wconf 93' lang='lat' dir='ltr'><strong>e</strong></span> <span class='ocrx_word' id='word_1_281' title='bbox 687 3019 820 3087; x_wconf 87' lang='lat' dir='ltr'><strong>mittunt,</strong></span> <span class='ocrx_word' id='word_1_282' title='bbox 844 3025 878 3078; x_wconf 90' lang='lat' dir='ltr'><strong>ut</strong></span> <span class='ocrx_word' id='word_1_283' title='bbox 892 3024 1019 3076; x_wconf 72' lang='lat' dir='ltr'><strong>manum</strong></span> <span class='ocrx_word' id='word_1_284' title='bbox 1037 3024 1144 3088; x_wconf 89' lang='lat' dir='ltr'><strong>matre;</strong></span> <span class='ocrx_word' id='word_1_285' title='bbox 1168 3036 1245 3096; x_wconf 91' lang='lat' dir='ltr'><strong>quae</strong></span> <span class='ocrx_word' id='word_1_286' title='bbox 1267 3022 1298 3081; x_wconf 91' lang='lat' dir='ltr'><strong>in</strong></span> <span class='ocrx_word' id='word_1_287' title='bbox 1313 3022 1375 3080; x_wconf 89' lang='lat' dir='ltr'><strong>iutn</strong></span> <span class='ocrx_word' id='word_1_288' title='bbox 1390 3020 1511 3090; x_wconf 88' lang='lat' dir='ltr'><strong>vadunt,</strong></span> <span class='ocrx_word' id='word_1_289' title='bbox 1525 3039 1552 3080; x_wconf 81' lang='lat' dir='ltr'><strong>ss</strong></span> 
     </span>
    </p>

    <p class='ocr_par' dir='ltr' id='par_1_24' title="bbox 222 3117 1513 3198">
     <span class='ocr_line' id='line_1_30' title="bbox 222 3117 1513 3198; baseline 0.003 -18"><span class='ocrx_word' id='word_1_290' title='bbox 222 3117 382 3180; x_wconf 89' lang='lat' dir='ltr'><strong>ablativum</strong></span> <span class='ocrx_word' id='word_1_291' title='bbox 405 3118 586 3198; x_wconf 86' lang='lat' dir='ltr'><strong>singularem</strong></span> <span class='ocrx_word' id='word_1_292' title='bbox 609 3120 640 3179; x_wconf 94' lang='lat' dir='ltr'><strong>in</strong></span> <span class='ocrx_word' id='word_1_293' title='bbox 662 3120 672 3179; x_wconf 92' lang='lat' dir='ltr'><strong>i</strong></span> <span class='ocrx_word' id='word_1_294' title='bbox 695 3125 726 3180; x_wconf 89' lang='lat' dir='ltr'><strong>et</strong></span> <span class='ocrx_word' id='word_1_295' title='bbox 746 3120 776 3179; x_wconf 94' lang='lat' dir='ltr'><strong>in</strong></span> <span class='ocrx_word' id='word_1_296' title='bbox 794 3137 810 3178; x_wconf 93' lang='lat' dir='ltr'><strong>e</strong></span> <span class='ocrx_word' id='word_1_297' title='bbox 825 3120 960 3189; x_wconf 90' lang='lat' dir='ltr'><strong>mittunt,</strong></span> <span class='ocrx_word' id='word_1_298' title='bbox 985 3127 1018 3179; x_wconf 92' lang='lat' dir='ltr'><strong>ut</strong></span> <span class='ocrx_word' id='word_1_299' title='bbox 1032 3119 1139 3180; x_wconf 86' lang='lat' dir='ltr'><strong>borum</strong></span> <span class='ocrx_word' id='word_1_300' title='bbox 1155 3120 1286 3183; x_wconf 78' lang='lat' dir='ltr'><strong>felicium</strong></span> <span class='ocrx_word' id='word_1_301' title='bbox 1303 3121 1340 3183; x_wconf 93' lang='lat' dir='ltr'><strong>ab</strong></span> <span class='ocrx_word' id='word_1_302' title='bbox 1355 3122 1413 3184; x_wconf 92' lang='lat' dir='ltr'><strong>boc</strong></span> <span class='ocrx_word' id='word_1_303' title='bbox 1427 3121 1513 3184; x_wconf 88' lang='lat' dir='ltr'><strong>ieliee</strong></span> 
     </span>
    </p>

    <p class='ocr_par' dir='ltr' id='par_1_25' title="bbox 222 3218 1511 3305">
     <span class='ocr_line' id='line_1_31' title="bbox 222 3218 1511 3305; baseline 0.005 -25"><span class='ocrx_word' id='word_1_304' title='bbox 222 3221 267 3282; x_wconf 89' lang='lat' dir='ltr'><strong>vel</strong></span> <span class='ocrx_word' id='word_1_305' title='bbox 289 3219 377 3280; x_wconf 88' lang='lat' dir='ltr'><strong>teliei.</strong></span> <span class='ocrx_word' id='word_1_306' title='bbox 415 3239 484 3282; x_wconf 88' lang='lat' dir='ltr'><strong>nam</strong></span> <span class='ocrx_word' id='word_1_307' title='bbox 500 3229 530 3281; x_wconf 90' lang='lat' dir='ltr'><strong>et</strong></span> <span class='ocrx_word' id='word_1_308' title='bbox 544 3218 761 3282; x_wconf 88' lang='lat' dir='ltr'><strong>lacrimantium</strong></span> <span class='ocrx_word' id='word_1_309' title='bbox 778 3219 904 3282; x_wconf 86' lang='lat' dir='ltr'><strong>dicimus</strong></span> <span class='ocrx_word' id='word_1_310' title='bbox 920 3230 949 3283; x_wconf 90' lang='lat' dir='ltr'><strong>et</strong></span> <span class='ocrx_word' id='word_1_311' title='bbox 964 3221 1168 3284; x_wconf 89' lang='lat' dir='ltr'><strong>lacrimantum</strong></span> <span class='ocrx_word' id='word_1_312' title='bbox 1184 3242 1238 3303; x_wconf 91' lang='lat' dir='ltr'><strong>per</strong></span> <span class='ocrx_word' id='word_1_313' title='bbox 1253 3243 1413 3305; x_wconf 74' lang='lat' dir='ltr'><strong>syncopen.</strong></span> <span class='ocrx_word' id='word_1_314' title='bbox 1430 3230 1511 3287; x_wconf 86' lang='lat' dir='ltr'><strong>&#39;nant</strong></span> 
     </span>
    </p>

    <p class='ocr_par' dir='ltr' id='par_1_26' title="bbox 223 3320 1512 3404">
     <span class='ocr_line' id='line_1_32' title="bbox 223 3320 1512 3404; baseline 0.003 -20"><span class='ocrx_word' id='word_1_315' title='bbox 223 3320 394 3404; x_wconf 78' lang='lat' dir='ltr'><strong>parllticipia</strong></span> <span class='ocrx_word' id='word_1_316' title='bbox 416 3341 535 3404; x_wconf 87' lang='lat' dir='ltr'><strong>sempev</strong></span> <span class='ocrx_word' id='word_1_317' title='bbox 562 3325 592 3384; x_wconf 93' lang='lat' dir='ltr'><strong>in</strong></span> <span class='ocrx_word' id='word_1_318' title='bbox 615 3343 665 3385; x_wconf 89' lang='lat' dir='ltr'><strong>nm</strong></span> <span class='ocrx_word' id='word_1_319' title='bbox 699 3323 808 3384; x_wconf 88' lang='lat' dir='ltr'><strong>debent</strong></span> <span class='ocrx_word' id='word_1_320' title='bbox 837 3324 933 3394; x_wconf 83' lang='lat' dir='ltr'><strong>exire,</strong></span> <span class='ocrx_word' id='word_1_321' title='bbox 963 3325 1083 3385; x_wconf 82' lang='lat' dir='ltr'><strong>tremina</strong></span> <span class='ocrx_word' id='word_1_322' title='bbox 1109 3326 1141 3385; x_wconf 91' lang='lat' dir='ltr'><strong>iu</strong></span> <span class='ocrx_word' id='word_1_323' title='bbox 1164 3326 1239 3401; x_wconf 86' lang='lat' dir='ltr'><strong>ium,</strong></span> <span class='ocrx_word' id='word_1_324' title='bbox 1270 3334 1304 3386; x_wconf 87' lang='lat' dir='ltr'><strong>ut</strong></span> <span class='ocrx_word' id='word_1_325' title='bbox 1330 3329 1512 3404; x_wconf 89' lang='lat' dir='ltr'><strong>gementium</strong></span> 
     </span>
    </p>

    <p class='ocr_par' dir='ltr' id='par_1_27' title="bbox 177 3423 1551 3612">
     <span class='ocr_line' id='line_1_33' title="bbox 177 3423 1513 3508; baseline 0.001 -18"><span class='ocrx_word' id='word_1_326' title='bbox 177 3441 331 3490; x_wconf 76' lang='lat' dir='ltr'><strong>senomen</strong></span> <span class='ocrx_word' id='word_1_327' title='bbox 360 3427 413 3495; x_wconf 90' lang='lat' dir='ltr'><strong>sit,</strong></span> <span class='ocrx_word' id='word_1_328' title='bbox 444 3432 614 3504; x_wconf 87' lang='lat' dir='ltr'><strong>gementum</strong></span> <span class='ocrx_word' id='word_1_329' title='bbox 643 3427 832 3506; x_wconf 89' lang='lat' dir='ltr'><strong>participium</strong></span> <span class='ocrx_word' id='word_1_330' title='bbox 856 3423 936 3505; x_wconf 87' lang='lat' dir='ltr'><strong>[lons</strong></span> <span class='ocrx_word' id='word_1_331' title='bbox 958 3427 1025 3488; x_wconf 85' lang='lat' dir='ltr'><strong>lons</strong></span> <span class='ocrx_word' id='word_1_332' title='bbox 1047 3426 1153 3508; x_wconf 75' lang='lat' dir='ltr'><strong>frons]⁸</strong></span> <span class='ocrx_word' id='word_1_333' title='bbox 1172 3462 1210 3472; x_wconf 92' lang='lat'><em>-</em></span> <span class='ocrx_word' id='word_1_334' title='bbox 1235 3428 1513 3491; x_wconf 76' lang='lat' dir='ltr'><strong>consuetudine</strong></span> 
     </span>
     <span class='ocr_line' id='line_1_34' title="bbox 221 3529 1551 3612; baseline 0.004 -26"><span class='ocrx_word' id='word_1_335' title='bbox 221 3532 456 3587; x_wconf 87' lang='lat' dir='ltr'><strong>commutata:</strong></span> <span class='ocrx_word' id='word_1_336' title='bbox 481 3535 514 3587; x_wconf 92' lang='lat' dir='ltr'><strong>ut</strong></span> <span class='ocrx_word' id='word_1_337' title='bbox 529 3545 583 3606; x_wconf 90' lang='lat' dir='ltr'><strong>per</strong></span> <span class='ocrx_word' id='word_1_338' title='bbox 598 3546 615 3587; x_wconf 92' lang='lat' dir='ltr'><strong>e</strong></span> <span class='ocrx_word' id='word_1_339' title='bbox 631 3535 736 3588; x_wconf 83' lang='lat' dir='ltr'><strong>exeant</strong></span> <span class='ocrx_word' id='word_1_340' title='bbox 756 3545 833 3605; x_wconf 91' lang='lat' dir='ltr'><strong>quae</strong></span> <span class='ocrx_word' id='word_1_341' title='bbox 848 3547 903 3607; x_wconf 88' lang='lat' dir='ltr'><strong>per</strong></span> <span class='ocrx_word' id='word_1_342' title='bbox 924 3530 934 3588; x_wconf 94' lang='lat' dir='ltr'><strong>i</strong></span> <span class='ocrx_word' id='word_1_343' title='bbox 957 3529 1078 3590; x_wconf 85' lang='lat' dir='ltr'><strong>exibant</strong></span> <span class='ocrx_word' id='word_1_344' title='bbox 1092 3530 1170 3610; x_wconf 88' lang='lat' dir='ltr'><strong>apud</strong></span> <span class='ocrx_word' id='word_1_345' title='bbox 1186 3531 1329 3612; x_wconf 86' lang='lat' dir='ltr'><strong>antiquos.</strong></span> <span class='ocrx_word' id='word_1_346' title='bbox 1354 3566 1396 3578; x_wconf 89' lang='lat'><em>-</em></span> <span class='ocrx_word' id='word_1_347' title='bbox 1417 3533 1512 3594; x_wconf 88' lang='lat' dir='ltr'><strong>Con·</strong></span> <span class='ocrx_word' id='word_1_348' title='bbox 1526 3551 1551 3591; x_wconf 83' lang='lat' dir='ltr'><strong>aa</strong></span> 
     </span>
    </p>
   </div>
   <div class='ocr_carea' id='block_1_4' title="bbox 148 3711 1514 4130">
    <p class='ocr_par' dir='ltr' id='par_1_28' title="bbox 290 3711 1514 3993">
     <span class='ocr_line' id='line_1_35' title="bbox 291 3711 1514 3785; baseline 0.006 -21"><span class='ocrx_word' id='word_1_349' title='bbox 291 3714 447 3767; x_wconf 76' lang='lat' dir='ltr'><strong>Codssern.</strong></span> <span class='ocrx_word' id='word_1_350' title='bbox 467 3715 513 3763; x_wconf 91' lang='lat' dir='ltr'><strong>vtt</strong></span> <span class='ocrx_word' id='word_1_351' title='bbox 532 3711 670 3764; x_wconf 80' lang='lat' dir='ltr'><strong>t*—vttt</strong></span> <span class='ocrx_word' id='word_1_352' title='bbox 691 3715 714 3767; x_wconf 92' lang='lat' dir='ltr'><strong>l.</strong></span> <span class='ocrx_word' id='word_1_353' title='bbox 775 3715 881 3780; x_wconf 89' lang='lat' dir='ltr'><strong>lpotes</strong></span> <span class='ocrx_word' id='word_1_354' title='bbox 932 3716 1032 3778; x_wconf 76' lang='lat' dir='ltr'><strong>bquse</strong></span> <span class='ocrx_word' id='word_1_355' title='bbox 1050 3717 1131 3768; x_wconf 85' lang='lat' dir='ltr'><strong>eleettt</strong></span> <span class='ocrx_word' id='word_1_356' title='bbox 1182 3718 1287 3785; x_wconf 79' lang='lat' dir='ltr'><strong>iipsnt</strong></span> <span class='ocrx_word' id='word_1_357' title='bbox 1341 3719 1514 3771; x_wconf 79' lang='lat' dir='ltr'><strong>8bereditate</strong></span> 
     </span>
     <span class='ocr_line' id='line_1_36' title="bbox 292 3783 1513 3852; baseline 0.006 -19"><span class='ocrx_word' id='word_1_358' title='bbox 292 3784 323 3833; x_wconf 78' lang='lat'><strong>12</strong></span> <span class='ocrx_word' id='word_1_359' title='bbox 340 3783 431 3831; x_wconf 90' lang='lat' dir='ltr'><strong>abhoc</strong></span> <span class='ocrx_word' id='word_1_360' title='bbox 451 3797 512 3832; x_wconf 90' lang='lat' dir='ltr'><strong>uase</strong></span> <span class='ocrx_word' id='word_1_361' title='bbox 529 3797 648 3832; x_wconf 88' lang='lat' dir='ltr'><strong>uasorum</strong></span> <span class='ocrx_word' id='word_1_362' title='bbox 664 3785 733 3834; x_wconf 72' lang='lat' dir='ltr'><strong>erasis</strong></span> <span class='ocrx_word' id='word_1_363' title='bbox 751 3799 811 3834; x_wconf 91' lang='lat' dir='ltr'><strong>uase</strong></span> <span class='ocrx_word' id='word_1_364' title='bbox 826 3785 831 3848; x_wconf 81' lang='grc'><strong>1</strong></span> <span class='ocrx_word' id='word_1_365' title='bbox 847 3800 966 3835; x_wconf 86' lang='lat' dir='ltr'><strong>nasorum</strong></span> <span class='ocrx_word' id='word_1_366' title='bbox 983 3787 1053 3837; x_wconf 89' lang='lat' dir='ltr'><strong>nasis</strong></span> <span class='ocrx_word' id='word_1_367' title='bbox 1071 3802 1149 3852; x_wconf 83' lang='lat' dir='ltr'><strong>quare</strong></span> <span class='ocrx_word' id='word_1_368' title='bbox 1203 3788 1236 3839; x_wconf 93' lang='grc'><strong>14</strong></span> <span class='ocrx_word' id='word_1_369' title='bbox 1251 3789 1334 3837; x_wconf 87' lang='lat' dir='ltr'><strong>littera</strong></span> <span class='ocrx_word' id='word_1_370' title='bbox 1346 3790 1513 3840; x_wconf 87' lang='lat' dir='ltr'><strong>terminantur</strong></span> 
     </span>
     <span class='ocr_line' id='line_1_37' title="bbox 290 3850 1513 3923; baseline 0.006 -20"><span class='ocrx_word' id='word_1_371' title='bbox 290 3853 323 3903; x_wconf 82' lang='lat' dir='ltr'><strong>to</strong></span> <span class='ocrx_word' id='word_1_372' title='bbox 340 3852 584 3918; x_wconf 87' lang='lat' dir='ltr'><strong>propriaetieminini</strong></span> <span class='ocrx_word' id='word_1_373' title='bbox 656 3853 687 3904; x_wconf 88' lang='grc'><strong>18</strong></span> <span class='ocrx_word' id='word_1_374' title='bbox 704 3850 747 3919; x_wconf 85' lang='lat' dir='ltr'><strong>sit]</strong></span> <span class='ocrx_word' id='word_1_375' title='bbox 769 3861 808 3903; x_wconf 87' lang='lat' dir='ltr'><strong>est</strong></span> <span class='ocrx_word' id='word_1_376' title='bbox 862 3854 894 3905; x_wconf 82' lang='lat'><strong>19</strong></span> <span class='ocrx_word' id='word_1_377' title='bbox 911 3854 1027 3922; x_wconf 87' lang='lat' dir='ltr'><strong>pluralis]</strong></span> <span class='ocrx_word' id='word_1_378' title='bbox 1047 3856 1184 3923; x_wconf 85' lang='lat' dir='ltr'><strong>singularis</strong></span> <span class='ocrx_word' id='word_1_379' title='bbox 1254 3857 1289 3908; x_wconf 80' lang='lat'><strong>20</strong></span> <span class='ocrx_word' id='word_1_380' title='bbox 1306 3857 1355 3908; x_wconf 90' lang='lat' dir='ltr'><strong>hoc</strong></span> <span class='ocrx_word' id='word_1_381' title='bbox 1373 3859 1513 3910; x_wconf 86' lang='lat' dir='ltr'><strong>estuthas</strong></span> 
     </span>
     <span class='ocr_line' id='line_1_38' title="bbox 290 3922 1513 3993; baseline 0.007 -21"><span class='ocrx_word' id='word_1_382' title='bbox 290 3924 321 3973; x_wconf 81' lang='lat'><strong>21</strong></span> <span class='ocrx_word' id='word_1_383' title='bbox 342 3923 432 3971; x_wconf 84' lang='lat' dir='ltr'><strong>iniant</strong></span> <span class='ocrx_word' id='word_1_384' title='bbox 449 3922 525 3971; x_wconf 86' lang='lat' dir='ltr'><strong>tradet</strong></span> <span class='ocrx_word' id='word_1_385' title='bbox 594 3925 690 3990; x_wconf 87' lang='lat' dir='ltr'><strong>puppis</strong></span> <span class='ocrx_word' id='word_1_386' title='bbox 708 3925 771 3989; x_wconf 88' lang='lat' dir='ltr'><strong>igris</strong></span> <span class='ocrx_word' id='word_1_387' title='bbox 789 3923 889 3987; x_wconf 84' lang='lat' dir='ltr'><strong>thybris</strong></span> <span class='ocrx_word' id='word_1_388' title='bbox 958 3927 1165 3977; x_wconf 71' lang='lat' dir='ltr'><strong>redecimatione</strong></span> <span class='ocrx_word' id='word_1_389' title='bbox 1236 3928 1270 3980; x_wconf 77' lang='lat'><strong>23</strong></span> <span class='ocrx_word' id='word_1_390' title='bbox 1289 3932 1513 3993; x_wconf 85' lang='lat' dir='ltr'><strong>quaecommunia</strong></span> 
     </span>
    </p>

    <p class='ocr_par' dir='ltr' id='par_1_29' title="bbox 148 3993 1512 4130">
     <span class='ocr_line' id='line_1_39' title="bbox 148 3993 1512 4116; baseline 0.007 -76"><span class='ocrx_word' id='word_1_391' title='bbox 148 4038 156 4050; x_wconf 78' lang='grc'><strong><em>,</em></strong></span> <span class='ocrx_word' id='word_1_392' title='bbox 221 4006 322 4111; x_wconf 56' lang='grc' dir='ltr'>εειιψὶεᾶ</span> <span class='ocrx_word' id='word_1_393' title='bbox 342 4002 367 4041; x_wconf 88' lang='lat' dir='ltr'><strong>et</strong></span> <span class='ocrx_word' id='word_1_394' title='bbox 389 4000 556 4112; x_wconf 23' lang='lat' dir='ltr'><strong>neu‘trqusnnt</strong></span> <span class='ocrx_word' id='word_1_395' title='bbox 573 3993 636 4112; x_wconf 73' lang='lat' dir='ltr'><strong>in3i0</strong></span> <span class='ocrx_word' id='word_1_396' title='bbox 685 3995 728 4113; x_wconf 55' lang='lat'><strong>&#39;²3</strong></span> <span class='ocrx_word' id='word_1_397' title='bbox 747 4002 773 4112; x_wconf 73' lang='lat' dir='ltr'><strong>qt</strong></span> <span class='ocrx_word' id='word_1_398' title='bbox 793 4004 871 4044; x_wconf 86' lang='lat' dir='ltr'><strong>matre</strong></span> <span class='ocrx_word' id='word_1_399' title='bbox 890 4003 1000 4115; x_wconf 83' lang='lat' dir='ltr'><strong>matrumt</strong></span> <span class='ocrx_word' id='word_1_400' title='bbox 1019 4066 1042 4116; x_wconf 39' lang='lat' dir='ltr'><strong>d.</strong></span> <span class='ocrx_word' id='word_1_401' title='bbox 1068 3999 1102 4048; x_wconf 78' lang='lat'><strong>27</strong></span> <span class='ocrx_word' id='word_1_402' title='bbox 1120 3996 1306 4066; x_wconf 81' lang='lat' dir='ltr'><strong>lacrimantum]</strong></span> <span class='ocrx_word' id='word_1_403' title='bbox 1328 4000 1512 4050; x_wconf 86' lang='lat' dir='ltr'><strong>lacrimantium</strong></span> 
     </span>
     <span class='ocr_line' id='line_1_40' title="bbox 289 4071 1102 4130; baseline 0.006 -20"><span class='ocrx_word' id='word_1_404' title='bbox 289 4071 295 4083; x_wconf 90' lang='grc'><em>·</em></span> <span class='ocrx_word' id='word_1_405' title='bbox 340 4077 460 4113; x_wconf 88' lang='lat' dir='ltr'><strong>eoasueu</strong></span> <span class='ocrx_word' id='word_1_406' title='bbox 482 4077 548 4112; x_wconf 87' lang='lat' dir='ltr'><strong>taem</strong></span> <span class='ocrx_word' id='word_1_407' title='bbox 650 4079 706 4114; x_wconf 85' lang='lat' dir='ltr'><strong>exre</strong></span> <span class='ocrx_word' id='word_1_408' title='bbox 726 4078 756 4112; x_wconf 84' lang='lat' dir='ltr'><strong>an</strong></span> <span class='ocrx_word' id='word_1_409' title='bbox 780 4074 841 4130; x_wconf 90' lang='lat' dir='ltr'><strong>aput</strong></span> <span class='ocrx_word' id='word_1_410' title='bbox 895 4081 1016 4117; x_wconf 85' lang='lat' dir='ltr'><strong>consvteu</strong></span> <span class='ocrx_word' id='word_1_411' title='bbox 1037 4081 1102 4115; x_wconf 83' lang='lat' dir='ltr'><strong>ruent</strong></span> 
     </span>
    </p>
   </div>
   <div class='ocr_carea' id='block_1_5' title="bbox 220 4184 523 4193">
    <p class='ocr_par' dir='ltr' id='par_1_30' title="bbox 220 4184 523 4193">
     <span class='ocr_line' id='line_1_41' title="bbox 220 4184 523 4193; baseline 0.007 -3"><span class='ocrx_word' id='word_1_412' title='bbox 220 4184 315 4193; x_wconf 64' lang='lat'>-—-.‚</span> <span class='ocrx_word' id='word_1_413' title='bbox 320 4186 410 4191; x_wconf 75' lang='grc'><em>--...-</em></span> <span class='ocrx_word' id='word_1_414' title='bbox 422 4186 523 4192; x_wconf 72' lang='grc'><em>..,.-.-.-</em></span> 
     </span>
    </p>
   </div>
   <div class='ocr_carea' id='block_1_6' title="bbox 199 4235 1558 4922">
    <p class='ocr_par' dir='ltr' id='par_1_31' title="bbox 217 4235 1558 4513">
     <span class='ocr_line' id='line_1_42' title="bbox 292 4235 1513 4305; baseline 0.004 -19"><span class='ocrx_word' id='word_1_415' title='bbox 292 4235 304 4286; x_wconf 93' lang='lat' dir='ltr'><strong>l</strong></span> <span class='ocrx_word' id='word_1_416' title='bbox 330 4238 388 4299; x_wconf 88' lang='lat' dir='ltr'><strong>qnia</strong></span> <span class='ocrx_word' id='word_1_417' title='bbox 408 4236 603 4301; x_wconf 85' lang='lat' dir='ltr'><strong>-discrepant</strong></span> <span class='ocrx_word' id='word_1_418' title='bbox 629 4237 665 4285; x_wconf 88' lang='lat' dir='ltr'><strong>ad</strong></span> <span class='ocrx_word' id='word_1_419' title='bbox 680 4235 774 4286; x_wconf 85' lang='lat' dir='ltr'><strong>Donat.</strong></span> <span class='ocrx_word' id='word_1_420' title='bbox 795 4235 895 4297; x_wconf 81' lang='lat'><strong>378‚4</strong></span> <span class='ocrx_word' id='word_1_421' title='bbox 918 4237 963 4287; x_wconf 87' lang='lat' dir='ltr'><strong>sed</strong></span> <span class='ocrx_word' id='word_1_422' title='bbox 988 4252 1018 4286; x_wconf 88' lang='lat' dir='ltr'><strong>ea</strong></span> <span class='ocrx_word' id='word_1_423' title='bbox 1043 4238 1175 4287; x_wconf 82' lang='lat' dir='ltr'><strong>dumtaxat</strong></span> <span class='ocrx_word' id='word_1_424' title='bbox 1192 4254 1258 4303; x_wconf 86' lang='lat' dir='ltr'><strong>quae</strong></span> <span class='ocrx_word' id='word_1_425' title='bbox 1277 4254 1327 4288; x_wconf 92' lang='lat' dir='ltr'><strong>nou</strong></span> <span class='ocrx_word' id='word_1_426' title='bbox 1347 4247 1407 4290; x_wconf 91' lang='lat' dir='ltr'><strong>sunt</strong></span> <span class='ocrx_word' id='word_1_427' title='bbox 1425 4247 1513 4305; x_wconf 82' lang='lat' dir='ltr'><strong>aptota</strong></span> 
     </span>
     <span class='ocr_line' id='line_1_43' title="bbox 217 4306 1558 4372; baseline 0.003 -16"><span class='ocrx_word' id='word_1_428' title='bbox 217 4309 355 4371; x_wconf 81' lang='lat' dir='ltr'><strong>pertinent.</strong></span> <span class='ocrx_word' id='word_1_429' title='bbox 379 4306 412 4355; x_wconf 85' lang='lat' dir='ltr'><strong>de</strong></span> <span class='ocrx_word' id='word_1_430' title='bbox 431 4308 461 4356; x_wconf 84' lang='lat' dir='ltr'><strong>iis</strong></span> <span class='ocrx_word' id='word_1_431' title='bbox 479 4322 544 4371; x_wconf 83' lang='lat' dir='ltr'><strong>quae</strong></span> <span class='ocrx_word' id='word_1_432' title='bbox 560 4307 718 4367; x_wconf 82' lang='lat' dir='ltr'><strong>praecedunt</strong></span> <span class='ocrx_word' id='word_1_433' title='bbox 733 4322 781 4356; x_wconf 83' lang='lat' dir='ltr'><strong>non</strong></span> <span class='ocrx_word' id='word_1_434' title='bbox 802 4308 866 4356; x_wconf 83' lang='lat' dir='ltr'><strong>sutis</strong></span> <span class='ocrx_word' id='word_1_435' title='bbox 884 4315 983 4357; x_wconf 83' lang='lat' dir='ltr'><strong>constat</strong></span> <span class='ocrx_word' id='word_1_436' title='bbox 999 4318 1079 4358; x_wconf 83' lang='lat' dir='ltr'><strong>atrum</strong></span> <span class='ocrx_word' id='word_1_437' title='bbox 1097 4308 1181 4358; x_wconf 87' lang='lat' dir='ltr'><strong>codem</strong></span> <span class='ocrx_word' id='word_1_438' title='bbox 1199 4309 1337 4371; x_wconf 80' lang='lat' dir='ltr'><strong>referenda</strong></span> <span class='ocrx_word' id='word_1_439' title='bbox 1351 4311 1409 4372; x_wconf 79' lang='lat' dir='ltr'><strong>aiut,</strong></span> <span class='ocrx_word' id='word_1_440' title='bbox 1426 4327 1459 4360; x_wconf 82' lang='lat' dir='ltr'><strong>nu</strong></span> <span class='ocrx_word' id='word_1_441' title='bbox 1478 4312 1514 4360; x_wconf 83' lang='lat' dir='ltr'><strong>od</strong></span> <span class='ocrx_word' id='word_1_442' title='bbox 1554 4346 1558 4354; x_wconf 83' lang='grc'><em>.</em></span> 
     </span>
     <span class='ocr_line' id='line_1_44' title="bbox 221 4376 1444 4443; baseline 0.003 -16"><span class='ocrx_word' id='word_1_443' title='bbox 221 4392 253 4427; x_wconf 86' lang='lat' dir='ltr'><strong>eu</strong></span> <span class='ocrx_word' id='word_1_444' title='bbox 274 4391 339 4441; x_wconf 86' lang='lat' dir='ltr'><strong>quoe</strong></span> <span class='ocrx_word' id='word_1_445' title='bbox 355 4391 435 4438; x_wconf 83' lang='lat' dir='ltr'><strong>supro</strong></span> <span class='ocrx_word' id='word_1_446' title='bbox 455 4376 487 4425; x_wconf 87' lang='lat' dir='ltr'><strong>de</strong></span> <span class='ocrx_word' id='word_1_447' title='bbox 505 4376 650 4440; x_wconf 71' lang='lat' dir='ltr'><strong>differentia</strong></span> <span class='ocrx_word' id='word_1_448' title='bbox 670 4384 809 4440; x_wconf 82' lang='lat' dir='ltr'><strong>optatorum</strong></span> <span class='ocrx_word' id='word_1_449' title='bbox 826 4383 851 4426; x_wconf 86' lang='lat' dir='ltr'><strong>et</strong></span> <span class='ocrx_word' id='word_1_450' title='bbox 866 4386 1058 4441; x_wconf 79' lang='lat' dir='ltr'><strong>monoptotorwu</strong></span> <span class='ocrx_word' id='word_1_451' title='bbox 1074 4380 1205 4443; x_wconf 82' lang='lat' dir='ltr'><strong>disputato</strong></span> <span class='ocrx_word' id='word_1_452' title='bbox 1221 4387 1280 4428; x_wconf 86' lang='lat' dir='ltr'><strong>sunt</strong></span> <span class='ocrx_word' id='word_1_453' title='bbox 1299 4382 1444 4443; x_wconf 80' lang='lat' dir='ltr'><strong>pertineant</strong></span> 
     </span>
     <span class='ocr_line' id='line_1_45' title="bbox 220 4445 1512 4513; baseline 0.002 -15"><span class='ocrx_word' id='word_1_454' title='bbox 220 4449 237 4498; x_wconf 83' lang='lat'>5</span> <span class='ocrx_word' id='word_1_455' title='bbox 256 4445 408 4496; x_wconf 85' lang='lat' dir='ltr'><strong>voluerimus</strong></span> <span class='ocrx_word' id='word_1_456' title='bbox 427 4447 460 4495; x_wconf 91' lang='lat' dir='ltr'><strong>ita</strong></span> <span class='ocrx_word' id='word_1_457' title='bbox 479 4447 527 4496; x_wconf 87' lang='lat' dir='ltr'><strong>ista</strong></span> <span class='ocrx_word' id='word_1_458' title='bbox 546 4447 681 4497; x_wconf 76' lang='lat' dir='ltr'><strong>Patrobios</strong></span> <span class='ocrx_word' id='word_1_459' title='bbox 749 4445 907 4512; x_wconf 82' lang='lat' dir='ltr'><strong>tiliomana]</strong></span> <span class='ocrx_word' id='word_1_460' title='bbox 925 4449 963 4508; x_wconf 85' lang='lat' dir='ltr'><strong>es.</strong></span> <span class='ocrx_word' id='word_1_461' title='bbox 986 4448 1095 4513; x_wconf 83' lang='lat' dir='ltr'><strong>Pompei.</strong></span> <span class='ocrx_word' id='word_1_462' title='bbox 1111 4465 1138 4512; x_wconf 85' lang='lat' dir='ltr'><strong>p.</strong></span> <span class='ocrx_word' id='word_1_463' title='bbox 1159 4449 1209 4498; x_wconf 80' lang='lat' dir='ltr'><strong>lte</strong></span> <span class='ocrx_word' id='word_1_464' title='bbox 1224 4456 1291 4512; x_wconf 82' lang='lat' dir='ltr'><strong>etp.</strong></span> <span class='ocrx_word' id='word_1_465' title='bbox 1310 4451 1361 4502; x_wconf 73' lang='lat'><strong>209</strong></span> <span class='ocrx_word' id='word_1_466' title='bbox 1379 4451 1420 4500; x_wconf 85' lang='lat' dir='ltr'><strong>ed.</strong></span> <span class='ocrx_word' id='word_1_467' title='bbox 1436 4451 1512 4501; x_wconf 82' lang='lat' dir='ltr'><strong>Liad.</strong></span> 
     </span>
    </p>

    <p class='ocr_par' dir='ltr' id='par_1_32' title="bbox 221 4515 1513 4859">
     <span class='ocr_line' id='line_1_46' title="bbox 291 4515 1513 4584; baseline 0.005 -18"><span class='ocrx_word' id='word_1_468' title='bbox 291 4515 324 4567; x_wconf 91' lang='grc'><strong>10</strong></span> <span class='ocrx_word' id='word_1_469' title='bbox 341 4532 386 4566; x_wconf 89' lang='lat' dir='ltr'><strong>vas</strong></span> <span class='ocrx_word' id='word_1_470' title='bbox 408 4518 433 4565; x_wconf 87' lang='lat' dir='ltr'><strong>in</strong></span> <span class='ocrx_word' id='word_1_471' title='bbox 451 4530 550 4566; x_wconf 66' lang='lat' dir='ltr'><strong>rrumno</strong></span> <span class='ocrx_word' id='word_1_472' title='bbox 568 4518 691 4581; x_wconf 59' lang='lat' dir='ltr'><strong>anguinei</strong></span> <span class='ocrx_word' id='word_1_473' title='bbox 714 4521 804 4568; x_wconf 67' lang='lat' dir='ltr'><strong>ternos</strong></span> <span class='ocrx_word' id='word_1_474' title='bbox 822 4519 997 4568; x_wconf 82' lang='lat' dir='ltr'><strong>declinationis</strong></span> <span class='ocrx_word' id='word_1_475' title='bbox 1019 4534 1089 4580; x_wconf 84' lang='lat' dir='ltr'><strong>esse,</strong></span> <span class='ocrx_word' id='word_1_476' title='bbox 1114 4522 1139 4568; x_wconf 85' lang='lat' dir='ltr'><strong>in</strong></span> <span class='ocrx_word' id='word_1_477' title='bbox 1155 4534 1257 4568; x_wconf 81' lang='lat' dir='ltr'><strong>nurnero</strong></span> <span class='ocrx_word' id='word_1_478' title='bbox 1271 4521 1370 4584; x_wconf 80' lang='lat' dir='ltr'><strong>plrtrola&#39;</strong></span> <span class='ocrx_word' id='word_1_479' title='bbox 1386 4524 1513 4572; x_wconf 54' lang='lat' dir='ltr'><strong>&amp;eundae</strong></span> 
     </span>
     <span class='ocr_line' id='line_1_47' title="bbox 221 4585 1513 4654; baseline 0.003 -17"><span class='ocrx_word' id='word_1_480' title='bbox 221 4589 311 4638; x_wconf 78' lang='lat' dir='ltr'><strong>decem</strong></span> <span class='ocrx_word' id='word_1_481' title='bbox 324 4585 428 4638; x_wconf 78' lang='lat' dir='ltr'><strong>Servius</strong></span> <span class='ocrx_word' id='word_1_482' title='bbox 441 4588 467 4636; x_wconf 85' lang='lat' dir='ltr'><strong>iu</strong></span> <span class='ocrx_word' id='word_1_483' title='bbox 483 4589 577 4637; x_wconf 85' lang='lat' dir='ltr'><strong>Donat.</strong></span> <span class='ocrx_word' id='word_1_484' title='bbox 596 4589 655 4646; x_wconf 84' lang='grc'><strong>434,</strong></span> <span class='ocrx_word' id='word_1_485' title='bbox 675 4588 708 4637; x_wconf 81' lang='lat'><strong>1²</strong></span> <span class='ocrx_word' id='word_1_486' title='bbox 726 4595 751 4638; x_wconf 82' lang='lat' dir='ltr'><strong>et</strong></span> <span class='ocrx_word' id='word_1_487' title='bbox 766 4589 899 4653; x_wconf 82' lang='lat' dir='ltr'><strong>Pompeius</strong></span> <span class='ocrx_word' id='word_1_488' title='bbox 914 4605 942 4652; x_wconf 84' lang='lat' dir='ltr'><strong>p·</strong></span> <span class='ocrx_word' id='word_1_489' title='bbox 961 4588 1013 4639; x_wconf 80' lang='lat'><strong>213</strong></span> <span class='ocrx_word' id='word_1_490' title='bbox 1031 4589 1071 4639; x_wconf 82' lang='lat' dir='ltr'><strong>cd.</strong></span> <span class='ocrx_word' id='word_1_491' title='bbox 1093 4588 1168 4638; x_wconf 84' lang='lat' dir='ltr'><strong>Liud.</strong></span> <span class='ocrx_word' id='word_1_492' title='bbox 1185 4604 1287 4654; x_wconf 86' lang='lat' dir='ltr'><strong>quorum</strong></span> <span class='ocrx_word' id='word_1_493' title='bbox 1303 4591 1416 4641; x_wconf 78' lang='lat' dir='ltr'><strong>rationes</strong></span> <span class='ocrx_word' id='word_1_494' title='bbox 1433 4593 1456 4641; x_wconf 82' lang='lat' dir='ltr'><strong>ai</strong></span> <span class='ocrx_word' id='word_1_495' title='bbox 1467 4591 1513 4641; x_wconf 82' lang='lat' dir='ltr'><strong>doc</strong></span> 
     </span>
     <span class='ocr_line' id='line_1_48' title="bbox 221 4657 1512 4724; baseline 0.004 -18"><span class='ocrx_word' id='word_1_496' title='bbox 221 4673 318 4724; x_wconf 84' lang='lat' dir='ltr'><strong>quoque</strong></span> <span class='ocrx_word' id='word_1_497' title='bbox 339 4660 393 4707; x_wconf 86' lang='lat' dir='ltr'><strong>loeo</strong></span> <span class='ocrx_word' id='word_1_498' title='bbox 411 4657 543 4708; x_wconf 81' lang='lat' dir='ltr'><strong>Cledoaius</strong></span> <span class='ocrx_word' id='word_1_499' title='bbox 564 4665 662 4707; x_wconf 76' lang='lat' dir='ltr'><strong>secatur</strong></span> <span class='ocrx_word' id='word_1_500' title='bbox 683 4667 735 4713; x_wconf 79' lang='lat' dir='ltr'><strong>est,</strong></span> <span class='ocrx_word' id='word_1_501' title='bbox 755 4667 781 4708; x_wconf 87' lang='lat' dir='ltr'><strong>ut</strong></span> <span class='ocrx_word' id='word_1_502' title='bbox 798 4661 874 4713; x_wconf 83' lang='lat' dir='ltr'><strong>solet.</strong></span> <span class='ocrx_word' id='word_1_503' title='bbox 897 4662 934 4708; x_wconf 84' lang='lat' dir='ltr'><strong>sie</strong></span> <span class='ocrx_word' id='word_1_504' title='bbox 949 4660 1007 4722; x_wconf 76' lang='lat' dir='ltr'><strong>sere</strong></span> <span class='ocrx_word' id='word_1_505' title='bbox 1030 4660 1150 4723; x_wconf 76' lang='lat' dir='ltr'><strong>scriptum</strong></span> <span class='ocrx_word' id='word_1_506' title='bbox 1168 4661 1300 4723; x_wconf 72' lang='lat' dir='ltr'><strong>reliquisse</strong></span> <span class='ocrx_word' id='word_1_507' title='bbox 1316 4661 1446 4724; x_wconf 75' lang='lat' dir='ltr'><strong>putandus</strong></span> <span class='ocrx_word' id='word_1_508' title='bbox 1465 4668 1512 4721; x_wconf 85' lang='lat' dir='ltr'><strong>est,</strong></span> 
     </span>
     <span class='ocr_line' id='line_1_49' title="bbox 221 4727 1513 4795; baseline 0.004 -20"><span class='ocrx_word' id='word_1_509' title='bbox 221 4727 294 4776; x_wconf 90' lang='lat' dir='ltr'><strong>aliter</strong></span> <span class='ocrx_word' id='word_1_510' title='bbox 319 4728 456 4780; x_wconf 90' lang='lat' dir='ltr'><strong>dicendum</strong></span> <span class='ocrx_word' id='word_1_511' title='bbox 474 4738 512 4777; x_wconf 90' lang='lat' dir='ltr'><strong>est</strong></span> <span class='ocrx_word' id='word_1_512' title='bbox 531 4741 601 4788; x_wconf 86' lang='lat' dir='ltr'><strong>vasa,</strong></span> <span class='ocrx_word' id='word_1_513' title='bbox 621 4729 693 4777; x_wconf 85' lang='lat' dir='ltr'><strong>aliter·</strong></span> <span class='ocrx_word' id='word_1_514' title='bbox 711 4728 846 4778; x_wconf 84' lang='lat' dir='ltr'><strong>dicendum</strong></span> <span class='ocrx_word' id='word_1_515' title='bbox 865 4738 902 4778; x_wconf 88' lang='lat' dir='ltr'><strong>est</strong></span> <span class='ocrx_word' id='word_1_516' title='bbox 920 4744 975 4788; x_wconf 85' lang='lat' dir='ltr'><strong>vas,</strong></span> <span class='ocrx_word' id='word_1_517' title='bbox 996 4738 1021 4777; x_wconf 91' lang='lat' dir='ltr'><strong>nt</strong></span> <span class='ocrx_word' id='word_1_518' title='bbox 1037 4743 1082 4778; x_wconf 87' lang='lat' dir='ltr'><strong>vas</strong></span> <span class='ocrx_word' id='word_1_519' title='bbox 1102 4730 1127 4777; x_wconf 92' lang='lat' dir='ltr'><strong>in</strong></span> <span class='ocrx_word' id='word_1_520' title='bbox 1144 4729 1269 4795; x_wconf 87' lang='lat' dir='ltr'><strong>singulari</strong></span> <span class='ocrx_word' id='word_1_521' title='bbox 1288 4745 1392 4781; x_wconf 85' lang='lat' dir='ltr'><strong>numero</strong></span> <span class='ocrx_word' id='word_1_522' title='bbox 1411 4733 1444 4781; x_wconf 90' lang='lat' dir='ltr'><strong>sit</strong></span> <span class='ocrx_word' id='word_1_523' title='bbox 1462 4740 1513 4782; x_wconf 83' lang='lat' dir='ltr'><strong>ter-</strong></span> 
     </span>
     <span class='ocr_line' id='line_1_50' title="bbox 221 4796 1513 4859; baseline 0.003 -13"><span class='ocrx_word' id='word_1_524' title='bbox 221 4797 272 4846; x_wconf 81' lang='lat' dir='ltr'><strong>tiae</strong></span> <span class='ocrx_word' id='word_1_525' title='bbox 290 4798 465 4849; x_wconf 86' lang='lat' dir='ltr'><strong>declinationis</strong></span> <span class='ocrx_word' id='word_1_526' title='bbox 485 4807 510 4847; x_wconf 89' lang='lat' dir='ltr'><strong>et</strong></span> <span class='ocrx_word' id='word_1_527' title='bbox 528 4796 604 4846; x_wconf 84' lang='lat' dir='ltr'><strong>iaciat</strong></span> <span class='ocrx_word' id='word_1_528' title='bbox 623 4797 698 4846; x_wconf 88' lang='lat' dir='ltr'><strong>buius</strong></span> <span class='ocrx_word' id='word_1_529' title='bbox 714 4799 781 4847; x_wconf 87' lang='lat' dir='ltr'><strong>vasis</strong></span> <span class='ocrx_word' id='word_1_530' title='bbox 798 4800 829 4847; x_wconf 93' lang='lat' dir='ltr'><strong>ab</strong></span> <span class='ocrx_word' id='word_1_531' title='bbox 849 4797 897 4847; x_wconf 90' lang='lat' dir='ltr'><strong>boc</strong></span> <span class='ocrx_word' id='word_1_532' title='bbox 915 4813 990 4859; x_wconf 88' lang='lat' dir='ltr'><strong>vase,</strong></span> <span class='ocrx_word' id='word_1_533' title='bbox 1008 4799 1072 4849; x_wconf 91' lang='lat' dir='ltr'><strong>haec</strong></span> <span class='ocrx_word' id='word_1_534' title='bbox 1088 4814 1147 4849; x_wconf 88' lang='lat' dir='ltr'><strong>vero</strong></span> <span class='ocrx_word' id='word_1_535' title='bbox 1166 4815 1228 4848; x_wconf 86' lang='lat' dir='ltr'><strong>vasa</strong></span> <span class='ocrx_word' id='word_1_536' title='bbox 1243 4800 1370 4851; x_wconf 88' lang='lat' dir='ltr'><strong>secundae</strong></span> <span class='ocrx_word' id='word_1_537' title='bbox 1389 4810 1415 4851; x_wconf 87' lang='lat' dir='ltr'><strong>et</strong></span> <span class='ocrx_word' id='word_1_538' title='bbox 1434 4801 1513 4852; x_wconf 85' lang='lat' dir='ltr'><strong>iaciat</strong></span> 
     </span>
    </p>

    <p class='ocr_par' dir='ltr' id='par_1_33' title="bbox 199 4866 1307 4922">
     <span class='ocr_line' id='line_1_51' title="bbox 199 4866 1307 4922; baseline 0.005 -5"><span class='ocrx_word' id='word_1_539' title='bbox 199 4878 202 4883; x_wconf 58' lang='lat'><strong>⁴</strong></span> <span class='ocrx_word' id='word_1_540' title='bbox 221 4880 340 4920; x_wconf 84' lang='lat' dir='ltr'><strong>vasorum</strong></span> <span class='ocrx_word' id='word_1_541' title='bbox 356 4870 426 4921; x_wconf 83' lang='lat' dir='ltr'><strong>vasis</strong></span> <span class='ocrx_word' id='word_1_542' title='bbox 496 4866 531 4919; x_wconf 81' lang='lat'><strong>29</strong></span> <span class='ocrx_word' id='word_1_543' title='bbox 548 4882 621 4919; x_wconf 86' lang='lat' dir='ltr'><strong>naeus</strong></span> <span class='ocrx_word' id='word_1_544' title='bbox 640 4866 697 4918; x_wconf 88' lang='lat' dir='ltr'><strong>lons</strong></span> <span class='ocrx_word' id='word_1_545' title='bbox 717 4867 788 4919; x_wconf 83' lang='lat' dir='ltr'><strong>trous</strong></span> <span class='ocrx_word' id='word_1_546' title='bbox 802 4869 985 4920; x_wconf 85' lang='lat' dir='ltr'><strong>consuetudine</strong></span> <span class='ocrx_word' id='word_1_547' title='bbox 1004 4878 1154 4920; x_wconf 72' lang='lat' dir='ltr'><strong>commentata</strong></span> <span class='ocrx_word' id='word_1_548' title='bbox 1174 4869 1307 4922; x_wconf 80' lang='lat' dir='ltr'><strong>Putrelaias</strong></span> 
     </span>
    </p>
   </div>
   <div class='ocr_carea' id='block_1_7' title="bbox 0 0 1678 5498">
    <p class='ocr_par' dir='ltr' id='par_1_34' title="bbox 0 0 1678 5498">
     <span class='ocr_line' id='line_1_52' title="bbox 0 0 1678 5498; baseline 0 0"><span class='ocrx_word' id='word_1_549' title='bbox 0 0 1678 5498; x_wconf 95' lang='lat' dir='ltr'><strong> </strong></span> 
     </span>
    </p>
   </div>
  </div>
 </body>
</html>
