3346 5498
259 371 323 436 224
826 370 978 434 ΡΟΜΡΕΙΙ

285 483 409 536 paor-as
422 480 444 522 1„

261 564 352 632 citur;
376 563 461 624 tertia
483 562 514 620 in
536 561 631 621 activo
652 560 662 619 i
684 557 775 620 habet
796 567 974 640 correptam.
996 560 1028 621 in
1050 559 1166 640 passivo
1187 578 1248 622 non
1270 559 1359 622 hahet
1385 562 1396 620 i
1418 558 1547 623 litteram

260 672 438 744 correptam,
461 662 512 724 sed
534 681 590 743 pro
612 663 623 721 i
645 681 670 724 e.
715 660 785 723 hino
811 671 935 742 apparet
959 662 1097 742 quoniam
1119 669 1257 743 correpta
1279 669 1334 724 cst.
1378 670 1449 743 puta
1482 661 1551 741 lego

259 765 346 846 legis:
370 764 465 846 qualis
487 766 600 826 sitista
622 764 719 826 littera
741 784 801 827 non
824 762 978 843 intellego,
1007 766 1053 826 lac
1082 767 1230 846 passivum
1259 764 1341 844 legor
1362 763 1479 843 legeris.
1524 764 1549 824 si

259 876 405 930 servasset
426 869 519 947 ipsam
542 867 680 938 litteram,
704 874 768 928 erat
789 866 944 947 producta.
980 884 1040 929 non
1061 875 1161 929 autem
1183 869 1318 938 serravit,
1342 867 1394 928 scd
1416 866 1547 936 mutavit,

261 970 340 1033 unde
363 978 485 1051 apparot
505 971 730 1050 quia,correpta
747 977 800 1031 est.
831 987 991 1050 numquam
1007 977 1105 1050 potest
1126 978 1250 1041 mutare,
1275 971 1331 1031 nisi
1348 969 1466 1050 quando
1481 985 1577 1030 cor-a
1629 987 1632 991 ’

260 1073 381 1154 ripitur,
411 1079 443 1133 ut
468 1070 536 1151 lego
563 1070 651 1151 legis,
682 1070 764 1151 legor
786 1070 902 1151 legeris.
947 1071 1090 1152 numquid
1115 1081 1166 1134 aut
1190 1072 1344 1152 produxit,
1378 1069 1550 1152 quomodo

260 1175 384 1236 dicimus
406 1173 516 1235 doceor
538 1173 663 1244 doceris,
688 1158 893 1244 aut'sernavit.
920 1193 980 1254 quo
1002 1173 1092 1235 modo
1114 1173 1240 1236 dicimus
1267 1175 1384 1236 nutrior
1406 1171 1551 1235 nutriris?

261 1293 333 1356 crgo
360 1278 386 1337 si
413 1283 551 1356 correpta
574 1277 678 1346 luerit,
708 1278 738 1337 in
768 1283 914 1346 emutat;
943 1277 969 1337 si
992 1275 1138 1356 producta
1165 1277 1255 1338 luerit
1282 1276 1462 1354 coniugatio,
1491 1292 1552 1338 non

261 1386 369 1450 mutat,
397 1377 450 1439 sed
478 1386 576 1440 servat
605 1379 699 1458 ipsam
729 1376 1012 1459 [coniugationcm],
1047 1386 1079 1439 ut
1105 1379 1131 1439 si
1164 1377 1247 1440 dicas
1274 1379 1390 1440 nutrior
1416 1377 1549 1438 nutriris.

262 1498 320 1543 non
343 1481 470 1542 dicimus
492 1481 631 1550 nutrcris
655 1481 800 1560 quemad
823 1480 944 1542 modum
965 1479 1084 1558 legeris,
1108 1478 1160 1541 scd
1183 1482 1283 1541 nutrio
1306 1481 1411 1549 nutris,
1435 1479 1553 1541 nutrior
1567 1497 1595 1538 ao

261 1584 393 1645 nutriris.
438 1601 508 1644 ecco
530 1581 623 1644 habes
645 1601 737 1644 unum
759 1582 920 1645 discrimen
941 1583 1050 1663 ipsius;
1075 1590 1120 1643 cst
1141 1581 1230 1644 alind.
1273 1581 1392 1663 quando
1414 1588 1553 1661 correpta

262 1687 369 1756 estin
392 1704 409 1746 ε
431 1693 524 1747 mutat
545 1686 766 1766 imperativum
789 1684 907 1763 quando
928 1683 1072 1765 producta
1095 1691 1152 1754 cst,
1181 1685 1212 1746 in
1235 1686 1245 1745 i
1267 1692 1432 1765 permanet.
1481 1692 1554 1762 puta

261 1787 328 1868 lego
351 1785 423 1865 legis
445 1787 519 1866 lege,
544 1805 614 1848 cccc
636 1787 666 1846 in
689 1788 863 1866 imperativo
885 1786 973 1847 modo
995 1787 1117 1848 mutavit
1137 1787 1192 1846 iin
1209 1807 1234 1856 ε,
1259 1794 1288 1848 ει
1303 1795 1474 1865 correptum
1491 1794 1553 1848 cst:

203 1879 211 1894 ”
261 1892 360 1952 nutrio
382 1890 478 1951 nutris
500 1890 590 1958 nutri,
614 1906 685 1949 ecce
707 1890 831 1950 serravit
852 1890 946 1970 ipsam
968 1890 978 1949 i
1000 1891 1031 1950 in
1041 1890 1230 1983 imperativo,
1254 1896 1284 1949 ει
1303 1890 1481 1969 productum
1497 1895 1553 1959 ost,

146 3024 204 3080 ns,
217 3024 251 3073 aa

147 3092 206 3155 sco,
219 3092 253 3142 aa

262 2011 322 2053 non
344 1992 415 2053 lacit
436 1999 532 2053 nutrc.
564 1997 609 2052 cst
631 1991 701 2052 item
724 1988 802 2052 aliud
824 1992 856 2052 in
878 1990 1066 2071 paenultimis
1087 1990 1206 2071 syllabis
1220 1992 1357 2052 infinitivi
1380 1991 1469 2062 modi,
1492 2009 1554 2052 non
1569 2012 1595 2054 ro

262 2095 294 2154 in
316 2093 435 2165 ultimis,
459 2093 510 2155 sed
532 2094 563 2154 in
585 2091 776 2173 paenultimis
797 2090 926 2172 syllabis.
970 2092 1088 2171 quando
1116 2093 1265 2155 invonitur
1288 2103 1404 2174 tempus
1425 2093 1555 2175 produc·

264 2202 336 2267 tum,
359 2195 549 2276 producitur;
573 2193 691 2275 quando
713 2196 863 2256 invenitur
885 2192 1010 2276 ternfpus
1032 2202 1212 2275 correptum,
1237 2203 1374 2275 correpta
1391 2203 1436 2257 cst
1450 2196 1555 2257 coniu-

262 2299 352 2377 gatio.
396 2306 465 2378 puta
488 2297 588 2377 legere
610 2296 728 2377 quando
757 2296 837 2367 dico,
866 2296 1009 2385 numquid
1037 2295 1163 2376 produxi
1190 2296 1418 2378 paenultimam?
1454 2297 1557 2377 legere

263 2399 361 2461 brevis
390 2409 442 2461 cst.
488 2419 504 2461 ε
532 2401 682 2460 contrario
709 2400 734 2459 si
762 2391 907 2484 preducta
933 2399 972 2460 sit
999 2400 1181 2478 coniugatio,
1211 2398 1401 2478 producitur:
1439 2401 1556 2461 nutrire

262 2501 407 2582 producta
430 2509 483 2572 est,
507 2521 566 2563 non
588 2501 713 2565 dicimus
736 2509 866 2562 nutrere.
910 2519 980 2562 cccc
1001 2500 1094 2562 habes
1117 2509 1177 2562 tres
1199 2503 1346 2572 rationes,
1369 2501 1448 2563 unde
1471 2500 1555 2562 colli·
1569 2522 1595 2562 so

263 2620 323 2683 gas,
347 2604 464 2684 quando
487 2612 623 2685 correpta
647 2611 707 2674 cst,
736 2603 854 2684 quando
881 2603 1026 2683 producta
1052 2605 1108 2665 ista
1136 2604 1312 2682 coniugatio.
1358 2604 1428 2684 quid
1456 2612 1557 2665 autem

264 2705 351 2767 nobis
379 2706 502 2786 prodest
528 2708 606 2768 scire
632 2707 718 2768 istam
746 2706 997 2786 coniugationem,
1029 2705 1149 2786 quando
1175 2706 1320 2786 producta
1349 2713 1408 2775 est,
1438 2705 1557 2784 quando

264 2809 420 2889 correpta?
463 2809 553 2887 quid?
574 2816 699 2889 propter
720 2810 850 2870 rationes
872 2817 1052 2889 temporum.
1096 2808 1134 2868 de
1156 2808 1244 2870 nullis
1267 2810 1345 2869 enim
1366 2807 1458 2870 celtus
1487 2827 1557 2888 pos·

264 2930 368 2973 sumus
389 2918 524 2991 tempora
547 2911 687 2990 colligere
709 2912 765 2971 nisi
787 2910 825 2971 de
846 2911 909 2971 istis
934 2909 1199 2990 coniugationibus.

349 3012 424 3073 Ecca
446 3015 540 3092 prima
565 3020 594 3072 et
614 3012 743 3074 secunda
768 3014 935 3091 coniugatio
956 3015 1091 3074 loturum
1112 3020 1230 3091 tempus
1251 3014 1284 3073 in
1306 3012 1345 3073 bo
1368 3014 1464 3085 naittit,
1489 3031 1598 3075 amoao

265 3133 345 3175 amas
368 3114 481 3185 amabo,
505 3114 599 3175 doceo
622 3114 711 3176 doces
733 3114 847 3179 docebo
867 3112 974 3196 [prima
998 3133 1069 3194 crgo
1092 3122 1122 3175 ct
1143 3114 1274 3176 secunda
1290 3115 1421 3177 loturum
1437 3123 1559 3195 tempus

263 3217 295 3278 in
323 3216 361 3277 bo
390 3218 481 3278 mittit
507 3217 655 3278 indicativi
685 3217 778 3290 modi,
812 3237 881 3280 amo
910 3236 992 3279 amas
1019 3216 1139 3287 amabo,
1174 3216 1267 3278 doceo
1295 3217 1386 3279 doces
1414 3215 1557 3297 docebo}

264 3321 350 3381 tertia
373 3322 556 3398 coniugatio,
584 3321 610 3400 si
633 3329 770 3402 correpta
792 3323 895 3396 luerit,
924 3322 1059 3381 futurum
1089 3328 1206 3399 ternpus
1233 3320 1264 3379 in
1293 3338 1340 3381 am
1363 3321 1466 3390 mittit,
1490 3319 1559 3398 lego

264 3421 337 3502 legis
364 3422 475 3502 legam,
505 3441 596 3485 curro
623 3426 720 3485 curris
741 3442 868 3485 currant.
914 3439 983 3484 cccc
1006 3425 1063 3483 iarn
1086 3421 1214 3483 diximus
1242 3420 1280 3482 dc
1307 3429 1443 3502 correpta
1471 3423 1559 3483 tertia

265 3527 482 3604 coniugatione.
527 3527 551 3585 si
572 3525 716 3605 producta
739 3527 837 3596 luerit,
860 3527 919 3586 iam
942 3522 1003 3587 noli
1026 3525 1171 3586 lionatum
1193 3525 1287 3602 sequi,
1311 3523 1363 3585 scd
1386 3533 1454 3585 tone
1470 3524 1559 3585 istam
1572 3545 1600 3585 oo

265 3626 398 3705 regulam
422 3645 509 3707 quam
533 3626 586 3688 tibi
608 3628 683 3688 dico.
715 3627 842 3687 diximus
865 3645 945 3705 ergo,
969 3627 1064 3706 prima
1087 3634 1118 3688 ει
1138 3625 1268 3688 secunda
1290 3627 1458 3705 coniugatio
1477 3626 1558 3687 lutu-

265 3746 331 3788 rum
354 3737 470 3807 tempus
492 3728 604 3804 inibo
626 3731 722 3799 mittit,
746 3748 812 3791 amo
836 3747 917 3791 amas
938 3728 1054 3801 amabo,
1077 3728 1170 3798 doceo
1193 3728 1282 3789 doces
1304 3727 1429 3790 docebo.
1472 3730 1561 3789 tertia

266 3830 448 3907 coniugatio,
476 3831 501 3890 si
524 3838 658 3910 correpta
682 3830 780 3903 luerit,
803 3833 834 3892 in
857 3850 903 3893 am
927 3831 1030 3901 mittit,
1060 3832 1085 3891 si
1107 3848 1178 3890 vero
1200 3829 1344 3909 producta
1367 3829 1469 3904 luerit,
1499 3831 1561 3891 iam

266 3931 372 3992 recede
395 3950 410 3991 a
434 3934 548 3992 ratione
576 3934 630 3992 ista
658 3952 748 4013 quam
770 3933 894 4012 legimus
923 3912 970 3994 liic
993 3934 1023 3993 in
1046 3933 1176 4010 Donato,
1206 3931 1266 3993 noli
1290 3951 1358 3993 eum
1380 3932 1479 4011 sequi,
1507 3932 1560 3993 sed

267 4031 323 4092 lioc
345 4040 413 4093 tenc
436 4034 513 4111 qraod
536 4033 590 4094 tibi
613 4034 715 4095 dixero
745 4034 831 4115 [crgo
854 4038 940 4097 tertia
969 4035 1136 4113 coniugatio
1165 4033 1307 4113 producta
1336 4035 1484 4096 invenitur
1506 4033 1559 4095 ali·
1574 4057 1603 4096 so

267 4135 404 4211 quotiens
427 4143 455 4194 ει
476 4138 506 4196 in
530 4155 576 4196 ani
600 4143 629 4196 ει
651 4139 681 4197 in
705 4134 769 4216 bo].
802 4156 872 4216 crgo
897 4138 961 4198 vide
984 4137 1054 4215 quid
1079 4135 1160 4196 dico:
1192 4137 1278 4197 tertia
1301 4137 1471 4214 coniugatio
1488 4154 1558 4216 pro·
1627 4149 1629 4153 ’

268 4235 355 4298 ducta
379 4237 525 4298 invenitur
552 4236 708 4317 aliquando
737 4246 767 4298 ct
795 4241 826 4298 in
855 4257 901 4299 am
931 4247 960 4300 ct
986 4241 1018 4299 in
1046 4237 1084 4299 ho
1119 4237 1206 4299 sirnul
1235 4240 1366 4309 mittere,
1400 4238 1560 4318 aliquando

267 4338 360 4400 inho
389 4348 504 4400 tantum
533 4339 630 4399 inodo.
676 4340 827 4403 videamus
854 4341 971 4420 quando
1002 4350 1031 4400 et
1056 4342 1087 4400 in
1116 4359 1162 4401 ain
1187 4348 1215 4401 ct
1237 4341 1267 4401 in
1291 4340 1329 4402 ho
1352 4339 1438 4401 simul
1461 4341 1561 4401 mittit.

268 4440 384 4503 dimitte
406 4443 465 4502 ianr
486 4440 551 4501 illas
574 4444 704 4522 quinquo
726 4462 784 4512 res,
808 4462 881 4523 quas
904 4442 957 4503 tihi
979 4442 1041 4502 dixi
1062 4444 1200 4522 superius
1223 4450 1254 4502 ut
1271 4445 1407 4522 requiras
1426 4439 1560 4524 [modum

268 4581 411 4590 ——-.
419 4584 520 4588 ---—.

339 4668 351 4717 l
370 4663 454 4732 tertia}
477 4667 501 4715 in
521 4665 594 4715 tertia
612 4665 696 4715 ABG
764 4667 781 4714 4
800 4673 853 4714 erat
871 4664 994 4731 producta
1012 4663 1038 4712 B
1054 4676 1112 4715 cr.t
1132 4664 1268 4730 producta.
1288 4665 1312 4712 Α
1336 4674 1390 4714 erat
1408 4664 1530 4730 producto
1547 4681 1561 4714 ε

268 4734 301 4787 a*
319 4746 390 4786 eraut
407 4735 582 4802 productaeG
677 4735 708 4784 13
727 4736 784 4800 loge
802 4735 1027 4800 imperatinoecce
1046 4735 1122 4785 modo
1140 4735 1223 4785 ABG
1309 4737 1341 4785 ²1
1360 4745 1506 4784 autemeam
1528 4737 1569 4794 Α,

268 4807 330 4858 add.
349 4823 366 4856 o
436 4805 471 4856 36
489 4804 640 4868 aliquotiens
659 4814 684 4854 ct
703 4807 728 4855 ln
745 4821 786 4853 ana
805 4805 1046 4856 BCo*:etoa1.A
1118 4803 1151 4855 ³7
1170 4801 1256 4869 simul]
1279 4807 1396 4854 sirniliter
1414 4804 1497 4855 ABG

268 4877 303 4928 38
321 4877 421 4939 quando
435 4885 459 4923 rt
476 4879 500 4922 iu
520 4890 558 4922 arn
579 4873 656 4925 Gai:
675 4885 699 4923 ει
717 4892 763 4925 om.
784 4875 839 4924 AB
