<?xml version="1.0" encoding="UTF-8"?>
<!DOCTYPE html PUBLIC "-//W3C//DTD XHTML 1.0 Transitional//EN"
    "http://www.w3.org/TR/xhtml1/DTD/xhtml1-transitional.dtd">
<html xmlns="http://www.w3.org/1999/xhtml" xml:lang="en" lang="en">
 <head>
  <title>
</title>
<meta http-equiv="Content-Type" content="text/html;charset=utf-8" />
  <meta name='ocr-system' content='tesseract 3.04.00' />
  <meta name='ocr-capabilities' content='ocr_page ocr_carea ocr_par ocr_line ocrx_word'/>
</head>
<body>
  <div class='ocr_page' id='page_1' title='image "./grammaticilatin03keilgoog_0172.png"; bbox 0 0 3346 5498; ppageno 0'>
   <div class='ocr_carea' id='block_1_1' title="bbox 656 372 1424 439">
    <p class='ocr_par' dir='ltr' id='par_1_1' title="bbox 656 372 1424 439">
     <span class='ocr_line' id='line_1_1' title="bbox 656 372 1424 439; baseline 0.001 -2"><span class='ocrx_word' id='word_1_1' title='bbox 656 375 893 439; x_wconf 80' lang='lat' dir='ltr'><strong>COMMENTVM</strong></span> <span class='ocrx_word' id='word_1_2' title='bbox 1020 413 1026 419; x_wconf 82' lang='lat'><em>-</em></span> <span class='ocrx_word' id='word_1_3' title='bbox 1364 372 1424 439; x_wconf 82' lang='lat'><strong>159</strong></span> 
     </span>
    </p>
   </div>
   <div class='ocr_carea' id='block_1_2' title="bbox 92 482 1459 2662">
    <p class='ocr_par' dir='ltr' id='par_1_2' title="bbox 129 482 1426 947">
     <span class='ocr_line' id='line_1_2' title="bbox 1239 482 1399 537; baseline -0.019 -13"><span class='ocrx_word' id='word_1_4' title='bbox 1239 485 1364 537; x_wconf 70' lang='lat' dir='ltr'><strong>prta-44</strong></span> <span class='ocrx_word' id='word_1_5' title='bbox 1376 482 1399 522; x_wconf 85' lang='lat' dir='ltr'><strong>L.</strong></span> 
     </span>
     <span class='ocr_line' id='line_1_3' title="bbox 129 561 1424 641; baseline -0.002 -16"><span class='ocrx_word' id='word_1_6' title='bbox 129 568 163 626; x_wconf 92' lang='lat' dir='ltr'><strong>iu</strong></span> <span class='ocrx_word' id='word_1_7' title='bbox 191 583 277 627; x_wconf 83' lang='lat' dir='ltr'><strong>nsum</strong></span> <span class='ocrx_word' id='word_1_8' title='bbox 307 569 464 635; x_wconf 83' lang='lat' dir='ltr'><strong>venerunt,</strong></span> <span class='ocrx_word' id='word_1_9' title='bbox 494 563 613 641; x_wconf 90' lang='lat' dir='ltr'><strong>qnando</strong></span> <span class='ocrx_word' id='word_1_10' title='bbox 642 563 745 624; x_wconf 88' lang='lat' dir='ltr'><strong>dicunt</strong></span> <span class='ocrx_word' id='word_1_11' title='bbox 772 565 886 625; x_wconf 77' lang='lat' dir='ltr'><strong>‘Aenea</strong></span> <span class='ocrx_word' id='word_1_12' title='bbox 915 563 1104 624; x_wconf 82' lang='lat' dir='ltr'><strong>fortissirne’.</strong></span> <span class='ocrx_word' id='word_1_13' title='bbox 1143 564 1168 622; x_wconf 88' lang='lat' dir='ltr'><strong>si</strong></span> <span class='ocrx_word' id='word_1_14' title='bbox 1196 561 1276 623; x_wconf 87' lang='lat' dir='ltr'><strong>dicas</strong></span> <span class='ocrx_word' id='word_1_15' title='bbox 1308 564 1424 624; x_wconf 79' lang='lat' dir='ltr'><strong>&#39;Aenea</strong></span> 
     </span>
     <span class='ocr_line' id='line_1_4' title="bbox 131 663 1425 744; baseline -0.002 -17"><span class='ocrx_word' id='word_1_16' title='bbox 131 668 319 737; x_wconf 86' lang='lat' dir='ltr'><strong>fortissime&#39;,</strong></span> <span class='ocrx_word' id='word_1_17' title='bbox 343 663 516 726; x_wconf 87' lang='lat' dir='ltr'><strong>nonhabet</strong></span> <span class='ocrx_word' id='word_1_18' title='bbox 544 668 706 735; x_wconf 84' lang='lat' dir='ltr'><strong>rationem,</strong></span> <span class='ocrx_word' id='word_1_19' title='bbox 737 667 794 726; x_wconf 91' lang='lat' dir='ltr'><strong>nisi</strong></span> <span class='ocrx_word' id='word_1_20' title='bbox 822 664 964 741; x_wconf 90' lang='lat' dir='ltr'><strong>adiungas</strong></span> <span class='ocrx_word' id='word_1_21' title='bbox 990 664 1076 734; x_wconf 90' lang='lat' dir='ltr'><strong>alios,</strong></span> <span class='ocrx_word' id='word_1_22' title='bbox 1106 664 1213 744; x_wconf 90' lang='lat' dir='ltr'><strong>qnihns</strong></span> <span class='ocrx_word' id='word_1_23' title='bbox 1236 665 1334 743; x_wconf 87' lang='lat' dir='ltr'><strong>possis</strong></span> <span class='ocrx_word' id='word_1_24' title='bbox 1357 681 1425 724; x_wconf 90' lang='lat' dir='ltr'><strong>enm</strong></span> 
     </span>
     <span class='ocr_line' id='line_1_5' title="bbox 129 765 1426 849; baseline -0.002 -20"><span class='ocrx_word' id='word_1_25' title='bbox 129 769 298 849; x_wconf 88' lang='lat' dir='ltr'><strong>praeferre:</strong></span> <span class='ocrx_word' id='word_1_26' title='bbox 326 775 397 847; x_wconf 90' lang='lat' dir='ltr'><strong>puta</strong></span> <span class='ocrx_word' id='word_1_27' title='bbox 426 769 451 826; x_wconf 85' lang='lat' dir='ltr'><strong>si</strong></span> <span class='ocrx_word' id='word_1_28' title='bbox 478 765 561 827; x_wconf 87' lang='lat' dir='ltr'><strong>dicas</strong></span> <span class='ocrx_word' id='word_1_29' title='bbox 584 770 698 828; x_wconf 75' lang='lat' dir='ltr'><strong>‘Aenea</strong></span> <span class='ocrx_word' id='word_1_30' title='bbox 720 769 880 828; x_wconf 78' lang='lat' dir='ltr'><strong>fortissime</strong></span> <span class='ocrx_word' id='word_1_31' title='bbox 902 767 1097 838; x_wconf 85' lang='lat' dir='ltr'><strong>Troianorum</strong></span> <span class='ocrx_word' id='word_1_32' title='bbox 1106 771 1127 837; x_wconf 86' lang='lat'><strong>&#39;,</strong></span> <span class='ocrx_word' id='word_1_33' title='bbox 1151 765 1239 827; x_wconf 93' lang='lat' dir='ltr'><strong>modo</strong></span> <span class='ocrx_word' id='word_1_34' title='bbox 1260 774 1317 826; x_wconf 90' lang='lat' dir='ltr'><strong>stat</strong></span> <span class='ocrx_word' id='word_1_35' title='bbox 1337 765 1426 844; x_wconf 90' lang='lat' dir='ltr'><strong>plena</strong></span> 
     </span>
     <span class='ocr_line' id='line_1_6' title="bbox 130 854 1424 947; baseline -0.004 -16"><span class='ocrx_word' id='word_1_36' title='bbox 130 870 270 932; x_wconf 78' lang='lat' dir='ltr'>elocutio.</span> <span class='ocrx_word' id='word_1_37' title='bbox 317 871 342 930; x_wconf 92' lang='lat' dir='ltr'><strong>si</strong></span> <span class='ocrx_word' id='word_1_38' title='bbox 371 877 468 930; x_wconf 89' lang='lat' dir='ltr'><strong>antem</strong></span> <span class='ocrx_word' id='word_1_39' title='bbox 498 868 579 930; x_wconf 89' lang='lat' dir='ltr'><strong>dicas</strong></span> <span class='ocrx_word' id='word_1_40' title='bbox 608 872 724 931; x_wconf 75' lang='lat' dir='ltr'><strong>‘Aenea</strong></span> <span class='ocrx_word' id='word_1_41' title='bbox 749 870 940 940; x_wconf 85' lang='lat' dir='ltr'><strong>fortissime’,</strong></span> <span class='ocrx_word' id='word_1_42' title='bbox 969 888 1028 929; x_wconf 90' lang='lat' dir='ltr'><strong>non</strong></span> <span class='ocrx_word' id='word_1_43' title='bbox 1055 854 1154 930; x_wconf 59' lang='lat' dir='ltr'><strong>stabitx</strong></span> <span class='ocrx_word' id='word_1_44' title='bbox 1171 867 1257 947; x_wconf 88' lang='lat' dir='ltr'><strong>plena</strong></span> <span class='ocrx_word' id='word_1_45' title='bbox 1288 865 1424 928; x_wconf 91' lang='lat' dir='ltr'><strong>elocutio.</strong></span> 
     </span>
    </p>

    <p class='ocr_par' dir='ltr' id='par_1_3' title="bbox 104 968 1426 1460">
     <span class='ocr_line' id='line_1_7' title="bbox 104 968 1424 1052; baseline 0 -22"><span class='ocrx_word' id='word_1_46' title='bbox 104 973 213 1033; x_wconf 73' lang='lat' dir='ltr'><strong>enode</strong></span> <span class='ocrx_word' id='word_1_47' title='bbox 236 972 292 1033; x_wconf 90' lang='lat' dir='ltr'><strong>hoc</strong></span> <span class='ocrx_word' id='word_1_48' title='bbox 315 970 490 1050; x_wconf 62' lang='lat' dir='ltr'><strong>probamus</strong></span> <span class='ocrx_word' id='word_1_49' title='bbox 515 974 654 1052; x_wconf 89' lang='lat' dir='ltr'><strong>quoniam</strong></span> <span class='ocrx_word' id='word_1_50' title='bbox 677 973 717 1032; x_wconf 91' lang='lat' dir='ltr'><strong>ita</strong></span> <span class='ocrx_word' id='word_1_51' title='bbox 740 970 829 1032; x_wconf 89' lang='lat' dir='ltr'><strong>debet</strong></span> <span class='ocrx_word' id='word_1_52' title='bbox 851 970 926 1031; x_wconf 83' lang='lat' dir='ltr'><strong>dicit</strong></span> <span class='ocrx_word' id='word_1_53' title='bbox 953 970 991 1031; x_wconf 88' lang='lat' dir='ltr'><strong>de</strong></span> <span class='ocrx_word' id='word_1_54' title='bbox 1013 971 1202 1050; x_wconf 87' lang='lat' dir='ltr'><strong>conparatiro</strong></span> <span class='ocrx_word' id='word_1_55' title='bbox 1224 969 1274 1030; x_wconf 94' lang='lat' dir='ltr'><strong>illo</strong></span> <span class='ocrx_word' id='word_1_56' title='bbox 1296 970 1342 1029; x_wconf 89' lang='lat' dir='ltr'><strong>fac</strong></span> <span class='ocrx_word' id='word_1_57' title='bbox 1364 968 1424 1030; x_wconf 92' lang='lat' dir='ltr'><strong>elo·</strong></span> 
     </span>
     <span class='ocr_line' id='line_1_8' title="bbox 130 1062 1425 1152; baseline -0.002 -18"><span class='ocrx_word' id='word_1_58' title='bbox 130 1076 299 1144; x_wconf 74' lang='lat' dir='ltr'><strong>cntionem,</strong></span> <span class='ocrx_word' id='word_1_59' title='bbox 325 1081 354 1134; x_wconf 91' lang='lat' dir='ltr'><strong>et</strong></span> <span class='ocrx_word' id='word_1_60' title='bbox 375 1073 458 1143; x_wconf 84' lang='lat' dir='ltr'><strong>vide,</strong></span> <span class='ocrx_word' id='word_1_61' title='bbox 482 1076 507 1134; x_wconf 92' lang='lat' dir='ltr'><strong>si</strong></span> <span class='ocrx_word' id='word_1_62' title='bbox 528 1081 594 1135; x_wconf 88' lang='lat' dir='ltr'><strong>stat.</strong></span> <span class='ocrx_word' id='word_1_63' title='bbox 629 1062 761 1135; x_wconf 77' lang='lat' dir='ltr'><strong>‘Aeneas</strong></span> <span class='ocrx_word' id='word_1_64' title='bbox 783 1074 915 1144; x_wconf 87' lang='lat' dir='ltr'><strong>fortior&#39;,</strong></span> <span class='ocrx_word' id='word_1_65' title='bbox 939 1072 1083 1152; x_wconf 89' lang='lat' dir='ltr'><strong>numquid</strong></span> <span class='ocrx_word' id='word_1_66' title='bbox 1098 1080 1202 1152; x_wconf 53' lang='lat' dir='ltr'><strong>”potest</strong></span> <span class='ocrx_word' id='word_1_67' title='bbox 1224 1089 1288 1132; x_wconf 88' lang='lat' dir='ltr'><strong>esse</strong></span> <span class='ocrx_word' id='word_1_68' title='bbox 1311 1070 1425 1151; x_wconf 89' lang='lat' dir='ltr'><strong>aliquis,</strong></span> 
     </span>
     <span class='ocr_line' id='line_1_9' title="bbox 129 1174 1426 1255; baseline -0.003 -19"><span class='ocrx_word' id='word_1_69' title='bbox 129 1177 181 1255; x_wconf 83' lang='lat' dir='ltr'><strong>qni</strong></span> <span class='ocrx_word' id='word_1_70' title='bbox 205 1175 260 1237; x_wconf 91' lang='lat' dir='ltr'><strong>hoc</strong></span> <span class='ocrx_word' id='word_1_71' title='bbox 282 1174 378 1236; x_wconf 79' lang='lat' dir='ltr'><strong>dicati</strong></span> <span class='ocrx_word' id='word_1_72' title='bbox 407 1176 460 1236; x_wconf 89' lang='lat' dir='ltr'><strong>sed</strong></span> <span class='ocrx_word' id='word_1_73' title='bbox 483 1176 564 1237; x_wconf 91' lang='lat' dir='ltr'><strong>dicat</strong></span> <span class='ocrx_word' id='word_1_74' title='bbox 585 1179 718 1237; x_wconf 76' lang='lat' dir='ltr'><strong>‘Aeneas</strong></span> <span class='ocrx_word' id='word_1_75' title='bbox 740 1175 846 1235; x_wconf 92' lang='lat' dir='ltr'><strong>fortior</strong></span> <span class='ocrx_word' id='word_1_76' title='bbox 869 1174 1033 1236; x_wconf 88' lang='lat' dir='ltr'><strong>Troianis’.</strong></span> <span class='ocrx_word' id='word_1_77' title='bbox 1078 1176 1102 1235; x_wconf 88' lang='lat' dir='ltr'><strong>si</strong></span> <span class='ocrx_word' id='word_1_78' title='bbox 1126 1191 1198 1252; x_wconf 92' lang='lat' dir='ltr'><strong>ergo</strong></span> <span class='ocrx_word' id='word_1_79' title='bbox 1220 1175 1426 1252; x_wconf 86' lang='lat' dir='ltr'><strong>conparatirns</strong></span> 
     </span>
     <span class='ocr_line' id='line_1_10' title="bbox 131 1274 1425 1358; baseline -0.002 -20"><span class='ocrx_word' id='word_1_80' title='bbox 131 1279 223 1354; x_wconf 78' lang='lat' dir='ltr'><strong>exigit</strong></span> <span class='ocrx_word' id='word_1_81' title='bbox 245 1295 405 1358; x_wconf 84' lang='lat' dir='ltr'><strong>personas,</strong></span> <span class='ocrx_word' id='word_1_82' title='bbox 430 1277 538 1355; x_wconf 90' lang='lat' dir='ltr'><strong>quibus</strong></span> <span class='ocrx_word' id='word_1_83' title='bbox 561 1285 755 1357; x_wconf 91' lang='lat' dir='ltr'><strong>conparetur,</strong></span> <span class='ocrx_word' id='word_1_84' title='bbox 779 1283 890 1357; x_wconf 90' lang='lat' dir='ltr'><strong>quanto</strong></span> <span class='ocrx_word' id='word_1_85' title='bbox 912 1280 1008 1352; x_wconf 72' lang='lat' dir='ltr'><strong>magis</strong></span> <span class='ocrx_word' id='word_1_86' title='bbox 1030 1274 1224 1356; x_wconf 83' lang='lat' dir='ltr'><strong>superlativus</strong></span> <span class='ocrx_word' id='word_1_87' title='bbox 1246 1276 1335 1354; x_wconf 78' lang='lat' dir='ltr'><strong>exigit</strong></span> <span class='ocrx_word' id='word_1_88' title='bbox 1357 1294 1425 1354; x_wconf 86' lang='lat' dir='ltr'><strong>per·</strong></span> 
     </span>
     <span class='ocr_line' id='line_1_11' title="bbox 130 1376 1424 1460; baseline -0.003 -19"><span class='ocrx_word' id='word_1_89' title='bbox 130 1397 235 1448; x_wconf 87' lang='lat' dir='ltr'><strong>sonas,</strong></span> <span class='ocrx_word' id='word_1_90' title='bbox 272 1379 379 1460; x_wconf 89' lang='lat' dir='ltr'><strong>quibus</strong></span> <span class='ocrx_word' id='word_1_91' title='bbox 411 1381 629 1459; x_wconf 76' lang='lat' dir='ltr'><strong>praeponatur?</strong></span> <span class='ocrx_word' id='word_1_92' title='bbox 664 1397 735 1457; x_wconf 90' lang='lat' dir='ltr'><strong>ergo</strong></span> <span class='ocrx_word' id='word_1_93' title='bbox 764 1380 845 1439; x_wconf 89' lang='lat' dir='ltr'><strong>rides</strong></span> <span class='ocrx_word' id='word_1_94' title='bbox 874 1381 943 1459; x_wconf 90' lang='lat' dir='ltr'><strong>quia</strong></span> <span class='ocrx_word' id='word_1_95' title='bbox 970 1397 1030 1439; x_wconf 89' lang='lat' dir='ltr'><strong>non</strong></span> <span class='ocrx_word' id='word_1_96' title='bbox 1058 1396 1214 1459; x_wconf 89' lang='lat' dir='ltr'><strong>possumus</strong></span> <span class='ocrx_word' id='word_1_97' title='bbox 1241 1378 1281 1437; x_wconf 92' lang='lat' dir='ltr'><strong>ita</strong></span> <span class='ocrx_word' id='word_1_98' title='bbox 1314 1376 1424 1439; x_wconf 83' lang='lat' dir='ltr'><strong>dicere.</strong></span> 
     </span>
    </p>

    <p class='ocr_par' dir='ltr' id='par_1_4' title="bbox 93 1478 1425 1968">
     <span class='ocr_line' id='line_1_12' title="bbox 93 1478 1424 1560; baseline 0.002 -23"><span class='ocrx_word' id='word_1_99' title='bbox 93 1490 232 1542; x_wconf 84' lang='lat' dir='ltr'><strong>rotameu</strong></span> <span class='ocrx_word' id='word_1_100' title='bbox 261 1483 379 1543; x_wconf 85' lang='lat' dir='ltr'><strong>inventa</strong></span> <span class='ocrx_word' id='word_1_101' title='bbox 406 1490 450 1542; x_wconf 89' lang='lat' dir='ltr'><strong>est</strong></span> <span class='ocrx_word' id='word_1_102' title='bbox 479 1483 611 1542; x_wconf 77' lang='lat' dir='ltr'><strong>defensio</strong></span> <span class='ocrx_word' id='word_1_103' title='bbox 640 1489 743 1542; x_wconf 90' lang='lat' dir='ltr'><strong>contra</strong></span> <span class='ocrx_word' id='word_1_104' title='bbox 772 1481 954 1551; x_wconf 84' lang='lat' dir='ltr'><strong>honorem,</strong></span> <span class='ocrx_word' id='word_1_105' title='bbox 978 1481 1087 1560; x_wconf 88' lang='lat' dir='ltr'><strong>optima</strong></span> <span class='ocrx_word' id='word_1_106' title='bbox 1110 1479 1229 1556; x_wconf 86' lang='lat' dir='ltr'><strong>quidem</strong></span> <span class='ocrx_word' id='word_1_107' title='bbox 1252 1487 1281 1540; x_wconf 90' lang='lat' dir='ltr'><strong>ct</strong></span> <span class='ocrx_word' id='word_1_108' title='bbox 1302 1478 1424 1549; x_wconf 88' lang='lat' dir='ltr'><strong>callida,</strong></span> 
     </span>
     <span class='ocr_line' id='line_1_13' title="bbox 131 1579 1424 1662; baseline -0.002 -19"><span class='ocrx_word' id='word_1_109' title='bbox 131 1583 183 1643; x_wconf 87' lang='lat' dir='ltr'><strong>sed</strong></span> <span class='ocrx_word' id='word_1_110' title='bbox 206 1585 305 1644; x_wconf 90' lang='lat' dir='ltr'><strong>miuus</strong></span> <span class='ocrx_word' id='word_1_111' title='bbox 326 1582 424 1662; x_wconf 89' lang='lat' dir='ltr'><strong>plena.</strong></span> <span class='ocrx_word' id='word_1_112' title='bbox 453 1583 554 1643; x_wconf 88' lang='lat' dir='ltr'><strong>dicunt</strong></span> <span class='ocrx_word' id='word_1_113' title='bbox 576 1582 647 1643; x_wconf 88' lang='lat' dir='ltr'><strong>hoc:</strong></span> <span class='ocrx_word' id='word_1_114' title='bbox 671 1583 788 1660; x_wconf 92' lang='lat' dir='ltr'><strong>qnando</strong></span> <span class='ocrx_word' id='word_1_115' title='bbox 805 1581 871 1641; x_wconf 91' lang='lat' dir='ltr'><strong>dico</strong></span> <span class='ocrx_word' id='word_1_116' title='bbox 894 1583 1009 1643; x_wconf 78' lang='lat' dir='ltr'><strong>‘Aenea</strong></span> <span class='ocrx_word' id='word_1_117' title='bbox 1026 1584 1184 1643; x_wconf 72' lang='lat' dir='ltr'><strong>fortissime</strong></span> <span class='ocrx_word' id='word_1_118' title='bbox 1200 1579 1424 1650; x_wconf 84' lang='lat' dir='ltr'><strong>Troianornm&#39;,</strong></span> 
     </span>
     <span class='ocr_line' id='line_1_14' title="bbox 131 1682 1424 1753; baseline -0.002 -9"><span class='ocrx_word' id='word_1_119' title='bbox 131 1684 225 1746; x_wconf 91' lang='lat' dir='ltr'><strong>doceo</strong></span> <span class='ocrx_word' id='word_1_120' title='bbox 260 1704 326 1745; x_wconf 90' lang='lat' dir='ltr'><strong>enm</strong></span> <span class='ocrx_word' id='word_1_121' title='bbox 359 1685 552 1745; x_wconf 90' lang='lat' dir='ltr'><strong>fortissimum</strong></span> <span class='ocrx_word' id='word_1_122' title='bbox 587 1703 651 1745; x_wconf 89' lang='lat' dir='ltr'><strong>esse</strong></span> <span class='ocrx_word' id='word_1_123' title='bbox 673 1685 885 1753; x_wconf 64' lang='lat' dir='ltr'><strong>Troianorum</strong></span> <span class='ocrx_word' id='word_1_124' title='bbox 919 1686 944 1744; x_wconf 87' lang='lat' dir='ltr'><strong>si</strong></span> <span class='ocrx_word' id='word_1_125' title='bbox 972 1692 1071 1744; x_wconf 88' lang='lat' dir='ltr'><strong>antem</strong></span> <span class='ocrx_word' id='word_1_126' title='bbox 1102 1683 1197 1743; x_wconf 88' lang='lat' dir='ltr'><strong>solum</strong></span> <span class='ocrx_word' id='word_1_127' title='bbox 1230 1682 1286 1742; x_wconf 91' lang='lat' dir='ltr'><strong>hoc</strong></span> <span class='ocrx_word' id='word_1_128' title='bbox 1319 1682 1424 1752; x_wconf 89' lang='lat' dir='ltr'><strong>dicam,</strong></span> 
     </span>
     <span class='ocr_line' id='line_1_15' title="bbox 131 1785 1425 1866; baseline -0.001 -20"><span class='ocrx_word' id='word_1_129' title='bbox 131 1788 246 1847; x_wconf 79' lang='lat' dir='ltr'><strong>‘Aenea</strong></span> <span class='ocrx_word' id='word_1_130' title='bbox 279 1787 468 1857; x_wconf 88' lang='lat' dir='ltr'><strong>fortissime’,</strong></span> <span class='ocrx_word' id='word_1_131' title='bbox 502 1788 612 1866; x_wconf 88' lang='lat' dir='ltr'><strong>incipio</strong></span> <span class='ocrx_word' id='word_1_132' title='bbox 647 1785 747 1846; x_wconf 90' lang='lat' dir='ltr'><strong>dicere</strong></span> <span class='ocrx_word' id='word_1_133' title='bbox 773 1788 871 1847; x_wconf 72' lang='lat' dir='ltr'><strong>Aenea</strong></span> <span class='ocrx_word' id='word_1_134' title='bbox 904 1787 1064 1846; x_wconf 90' lang='lat' dir='ltr'><strong>fortissime</strong></span> <span class='ocrx_word' id='word_1_135' title='bbox 1097 1787 1246 1853; x_wconf 89' lang='lat' dir='ltr'><strong>omnium,</strong></span> <span class='ocrx_word' id='word_1_136' title='bbox 1278 1785 1336 1844; x_wconf 92' lang='lat' dir='ltr'><strong>iam</strong></span> <span class='ocrx_word' id='word_1_137' title='bbox 1366 1802 1425 1845; x_wconf 92' lang='lat' dir='ltr'><strong>uon</strong></span> 
     </span>
     <span class='ocr_line' id='line_1_16' title="bbox 132 1885 1425 1968; baseline -0.002 -19"><span class='ocrx_word' id='word_1_138' title='bbox 132 1888 328 1949; x_wconf 83' lang='lat' dir='ltr'><strong>Troianorum</strong></span> <span class='ocrx_word' id='word_1_139' title='bbox 352 1887 462 1958; x_wconf 88' lang='lat' dir='ltr'><strong>solum,</strong></span> <span class='ocrx_word' id='word_1_140' title='bbox 487 1889 539 1950; x_wconf 88' lang='lat' dir='ltr'><strong>sed</strong></span> <span class='ocrx_word' id='word_1_141' title='bbox 563 1890 706 1949; x_wconf 91' lang='lat' dir='ltr'><strong>omnium.</strong></span> <span class='ocrx_word' id='word_1_142' title='bbox 752 1898 796 1949; x_wconf 89' lang='lat' dir='ltr'><strong>est</strong></span> <span class='ocrx_word' id='word_1_143' title='bbox 818 1886 937 1968; x_wconf 90' lang='lat' dir='ltr'><strong>quidem</strong></span> <span class='ocrx_word' id='word_1_144' title='bbox 959 1889 1035 1948; x_wconf 91' lang='lat' dir='ltr'><strong>ratio</strong></span> <span class='ocrx_word' id='word_1_145' title='bbox 1058 1885 1150 1956; x_wconf 89' lang='lat' dir='ltr'><strong>hona,</strong></span> <span class='ocrx_word' id='word_1_146' title='bbox 1174 1886 1227 1947; x_wconf 90' lang='lat' dir='ltr'><strong>sed</strong></span> <span class='ocrx_word' id='word_1_147' title='bbox 1249 1885 1425 1947; x_wconf 84' lang='lat' dir='ltr'><strong>contradici·</strong></span> 
     </span>
    </p>

    <p class='ocr_par' dir='ltr' id='par_1_5' title="bbox 94 1988 1427 2475">
     <span class='ocr_line' id='line_1_17' title="bbox 94 1988 1424 2069; baseline 0.002 -23"><span class='ocrx_word' id='word_1_148' title='bbox 94 1999 180 2061; x_wconf 74' lang='lat' dir='ltr'><strong>ratur</strong></span> <span class='ocrx_word' id='word_1_149' title='bbox 212 1988 299 2050; x_wconf 88' lang='lat' dir='ltr'><strong>nobis</strong></span> <span class='ocrx_word' id='word_1_150' title='bbox 331 1993 399 2067; x_wconf 93' lang='lat' dir='ltr'><strong>quia</strong></span> <span class='ocrx_word' id='word_1_151' title='bbox 430 1991 627 2069; x_wconf 88' lang='lat' dir='ltr'><strong>superlativus</strong></span> <span class='ocrx_word' id='word_1_152' title='bbox 654 1998 757 2050; x_wconf 88' lang='lat' dir='ltr'><strong>nostro</strong></span> <span class='ocrx_word' id='word_1_153' title='bbox 785 1991 888 2067; x_wconf 84' lang='lat' dir='ltr'><strong>generi</strong></span> <span class='ocrx_word' id='word_1_154' title='bbox 918 2008 971 2050; x_wconf 87' lang='lat' dir='ltr'><strong>uos</strong></span> <span class='ocrx_word' id='word_1_155' title='bbox 1004 1989 1150 2069; x_wconf 88' lang='lat' dir='ltr'><strong>praefert,</strong></span> <span class='ocrx_word' id='word_1_156' title='bbox 1182 2006 1240 2049; x_wconf 92' lang='lat' dir='ltr'><strong>oon</strong></span> <span class='ocrx_word' id='word_1_157' title='bbox 1274 1997 1424 2050; x_wconf 89' lang='lat' dir='ltr'><strong>extraneo.</strong></span> 
     </span>
     <span class='ocr_line' id='line_1_18' title="bbox 134 2090 1425 2170; baseline -0.001 -19"><span class='ocrx_word' id='word_1_158' title='bbox 134 2110 204 2170; x_wconf 88' lang='lat' dir='ltr'><strong>ergo</strong></span> <span class='ocrx_word' id='word_1_159' title='bbox 226 2093 252 2152; x_wconf 92' lang='lat' dir='ltr'><strong>si</strong></span> <span class='ocrx_word' id='word_1_160' title='bbox 275 2091 386 2152; x_wconf 75' lang='lat' dir='ltr'><strong>dixeris</strong></span> <span class='ocrx_word' id='word_1_161' title='bbox 408 2093 523 2153; x_wconf 75' lang='lat' dir='ltr'><strong>‘Aenea</strong></span> <span class='ocrx_word' id='word_1_162' title='bbox 552 2093 741 2159; x_wconf 83' lang='lat' dir='ltr'><strong>fortissime’,</strong></span> <span class='ocrx_word' id='word_1_163' title='bbox 770 2110 891 2170; x_wconf 87' lang='lat' dir='ltr'><strong>possum</strong></span> <span class='ocrx_word' id='word_1_164' title='bbox 918 2090 1092 2169; x_wconf 80' lang='lat' dir='ltr'><strong>intellegere</strong></span> <span class='ocrx_word' id='word_1_165' title='bbox 1116 2091 1274 2151; x_wconf 84' lang='lat' dir='ltr'><strong>fortissime</strong></span> <span class='ocrx_word' id='word_1_166' title='bbox 1297 2091 1425 2152; x_wconf 87' lang='lat' dir='ltr'><strong>Graeco·</strong></span> 
     </span>
     <span class='ocr_line' id='line_1_19' title="bbox 136 2185 1427 2272; baseline -0.002 -19"><span class='ocrx_word' id='word_1_167' title='bbox 136 2211 211 2255; x_wconf 90' lang='lat' dir='ltr'><strong>rum.</strong></span> <span class='ocrx_word' id='word_1_168' title='bbox 257 2192 308 2254; x_wconf 88' lang='lat' dir='ltr'><strong>sed</strong></span> <span class='ocrx_word' id='word_1_169' title='bbox 331 2211 519 2272; x_wconf 84' lang='lat' dir='ltr'><strong>nequaquam</strong></span> <span class='ocrx_word' id='word_1_170' title='bbox 542 2193 600 2253; x_wconf 88' lang='lat' dir='ltr'><strong>hoc</strong></span> <span class='ocrx_word' id='word_1_171' title='bbox 622 2185 812 2272; x_wconf 79' lang='lat' dir='ltr'><strong>permittitur.</strong></span> <span class='ocrx_word' id='word_1_172' title='bbox 851 2192 920 2254; x_wconf 89' lang='lat' dir='ltr'><strong>inde</strong></span> <span class='ocrx_word' id='word_1_173' title='bbox 942 2192 1057 2253; x_wconf 89' lang='lat' dir='ltr'><strong>videtur</strong></span> <span class='ocrx_word' id='word_1_174' title='bbox 1079 2210 1139 2253; x_wconf 90' lang='lat' dir='ltr'><strong>uon</strong></span> <span class='ocrx_word' id='word_1_175' title='bbox 1162 2210 1227 2253; x_wconf 88' lang='lat' dir='ltr'><strong>esse</strong></span> <span class='ocrx_word' id='word_1_176' title='bbox 1250 2193 1335 2252; x_wconf 89' lang='lat' dir='ltr'><strong>ratio.</strong></span> <span class='ocrx_word' id='word_1_177' title='bbox 1381 2198 1427 2253; x_wconf 88' lang='lat' dir='ltr'><strong>est</strong></span> 
     </span>
     <span class='ocr_line' id='line_1_20' title="bbox 134 2277 1427 2374; baseline -0.001 -20"><span class='ocrx_word' id='word_1_178' title='bbox 134 2294 253 2374; x_wconf 92' lang='lat' dir='ltr'><strong>quidem</strong></span> <span class='ocrx_word' id='word_1_179' title='bbox 275 2294 404 2365; x_wconf 90' lang='lat' dir='ltr'><strong>subtilis,</strong></span> <span class='ocrx_word' id='word_1_180' title='bbox 429 2313 487 2356; x_wconf 87' lang='lat' dir='ltr'><strong>nou</strong></span> <span class='ocrx_word' id='word_1_181' title='bbox 511 2304 609 2356; x_wconf 90' lang='lat' dir='ltr'><strong>tamen</strong></span> <span class='ocrx_word' id='word_1_182' title='bbox 632 2314 715 2364; x_wconf 83' lang='lat' dir='ltr'><strong>vera,</strong></span> <span class='ocrx_word' id='word_1_183' title='bbox 740 2297 878 2372; x_wconf 85' lang='lat' dir='ltr'><strong>quoniam</strong></span> <span class='ocrx_word' id='word_1_184' title='bbox 901 2294 999 2355; x_wconf 93' lang='lat' dir='ltr'><strong>locum</strong></span> <span class='ocrx_word' id='word_1_185' title='bbox 1022 2295 1072 2355; x_wconf 86' lang='lat' dir='ltr'><strong>dat</strong></span> <span class='ocrx_word' id='word_1_186' title='bbox 1094 2277 1267 2354; x_wconf 85' lang='lat' dir='ltr'><strong>calumniae.</strong></span> <span class='ocrx_word' id='word_1_187' title='bbox 1311 2312 1378 2354; x_wconf 92' lang='lat' dir='ltr'><strong>nam</strong></span> <span class='ocrx_word' id='word_1_188' title='bbox 1401 2294 1427 2353; x_wconf 88' lang='lat' dir='ltr'><strong>si</strong></span> 
     </span>
     <span class='ocr_line' id='line_1_21' title="bbox 135 2395 1426 2475; baseline -0.002 -18"><span class='ocrx_word' id='word_1_189' title='bbox 135 2405 179 2457; x_wconf 91' lang='lat' dir='ltr'><strong>est</strong></span> <span class='ocrx_word' id='word_1_190' title='bbox 212 2395 285 2457; x_wconf 90' lang='lat' dir='ltr'><strong>mihi</strong></span> <span class='ocrx_word' id='word_1_191' title='bbox 316 2395 435 2457; x_wconf 86' lang='lat' dir='ltr'><strong>licentia</strong></span> <span class='ocrx_word' id='word_1_192' title='bbox 474 2404 507 2457; x_wconf 92' lang='lat' dir='ltr'><strong>nt</strong></span> <span class='ocrx_word' id='word_1_193' title='bbox 537 2397 707 2475; x_wconf 79' lang='lat' dir='ltr'><strong>intellegam</strong></span> <span class='ocrx_word' id='word_1_194' title='bbox 740 2399 887 2468; x_wconf 89' lang='lat' dir='ltr'><strong>omnium,</strong></span> <span class='ocrx_word' id='word_1_195' title='bbox 917 2414 989 2475; x_wconf 85' lang='lat' dir='ltr'><strong>ergo</strong></span> <span class='ocrx_word' id='word_1_196' title='bbox 1024 2405 1053 2458; x_wconf 89' lang='lat' dir='ltr'><strong>et</strong></span> <span class='ocrx_word' id='word_1_197' title='bbox 1080 2395 1270 2457; x_wconf 78' lang='lat' dir='ltr'><strong>Graecorum.</strong></span> <span class='ocrx_word' id='word_1_198' title='bbox 1316 2395 1367 2456; x_wconf 90' lang='lat' dir='ltr'><strong>sed</strong></span> <span class='ocrx_word' id='word_1_199' title='bbox 1401 2396 1426 2456; x_wconf 87' lang='lat' dir='ltr'><strong>si</strong></span> 
     </span>
    </p>

    <p class='ocr_par' dir='ltr' id='par_1_6' title="bbox 92 2497 1459 2662">
     <span class='ocr_line' id='line_1_22' title="bbox 92 2497 1459 2579; baseline 0.001 -23"><span class='ocrx_word' id='word_1_200' title='bbox 92 2518 120 2556; x_wconf 74' lang='lat' dir='ltr'><strong>so</strong></span> <span class='ocrx_word' id='word_1_201' title='bbox 134 2497 237 2559; x_wconf 90' lang='lat' dir='ltr'><strong>dixero</strong></span> <span class='ocrx_word' id='word_1_202' title='bbox 260 2497 457 2570; x_wconf 88' lang='lat' dir='ltr'><strong>Graecorum,</strong></span> <span class='ocrx_word' id='word_1_203' title='bbox 483 2516 553 2577; x_wconf 91' lang='lat' dir='ltr'><strong>ergo</strong></span> <span class='ocrx_word' id='word_1_204' title='bbox 577 2508 606 2560; x_wconf 91' lang='lat' dir='ltr'><strong>et</strong></span> <span class='ocrx_word' id='word_1_205' title='bbox 627 2498 822 2578; x_wconf 84' lang='lat' dir='ltr'><strong>superlativus</strong></span> <span class='ocrx_word' id='word_1_206' title='bbox 843 2499 977 2579; x_wconf 87' lang='lat' dir='ltr'><strong>praefert</strong></span> <span class='ocrx_word' id='word_1_207' title='bbox 997 2517 1045 2559; x_wconf 89' lang='lat' dir='ltr'><strong>me</strong></span> <span class='ocrx_word' id='word_1_208' title='bbox 1069 2507 1209 2560; x_wconf 90' lang='lat' dir='ltr'><strong>extraneo</strong></span> <span class='ocrx_word' id='word_1_209' title='bbox 1231 2498 1335 2577; x_wconf 84' lang='lat' dir='ltr'><strong>generi</strong></span> <span class='ocrx_word' id='word_1_210' title='bbox 1357 2515 1425 2558; x_wconf 91' lang='lat' dir='ltr'><strong>con·</strong></span> <span class='ocrx_word' id='word_1_211' title='bbox 1456 2539 1459 2544; x_wconf 35' lang='lat' dir='ltr'>s</span> 
     </span>
     <span class='ocr_line' id='line_1_23' title="bbox 135 2610 305 2662; baseline 0 -2"><span class='ocrx_word' id='word_1_212' title='bbox 135 2611 180 2662; x_wconf 89' lang='lat' dir='ltr'><strong>tra</strong></span> <span class='ocrx_word' id='word_1_213' title='bbox 202 2610 305 2662; x_wconf 89' lang='lat' dir='ltr'><strong>artem.</strong></span> 
     </span>
    </p>
   </div>
   <div class='ocr_carea' id='block_1_3' title="bbox 644 2767 914 2821">
    <p class='ocr_par' dir='ltr' id='par_1_7' title="bbox 644 2767 914 2821">
     <span class='ocr_line' id='line_1_24' title="bbox 644 2767 914 2821; baseline -0.019 0"><span class='ocrx_word' id='word_1_214' title='bbox 644 2768 696 2821; x_wconf 80' lang='lat' dir='ltr'><strong>DE</strong></span> <span class='ocrx_word' id='word_1_215' title='bbox 718 2767 914 2817; x_wconf 81' lang='lat' dir='ltr'>GENERIBVS</span> 
     </span>
    </p>
   </div>
   <div class='ocr_carea' id='block_1_4' title="bbox 94 2872 1543 4074">
    <p class='ocr_par' dir='ltr' id='par_1_8' title="bbox 218 2872 1543 2970">
     <span class='ocr_line' id='line_1_25' title="bbox 218 2872 1543 2970; baseline 0 -36"><span class='ocrx_word' id='word_1_216' title='bbox 218 2873 337 2934; x_wconf 85' lang='lat' dir='ltr'><strong>Tractat</strong></span> <span class='ocrx_word' id='word_1_217' title='bbox 366 2873 402 2933; x_wconf 92' lang='lat' dir='ltr'><strong>de</strong></span> <span class='ocrx_word' id='word_1_218' title='bbox 424 2873 593 2951; x_wconf 87' lang='lat' dir='ltr'><strong>generibus.</strong></span> <span class='ocrx_word' id='word_1_219' title='bbox 630 2875 722 2934; x_wconf 87' lang='lat' dir='ltr'><strong>Varro</strong></span> <span class='ocrx_word' id='word_1_220' title='bbox 745 2876 786 2935; x_wconf 88' lang='lat' dir='ltr'><strong>ait</strong></span> <span class='ocrx_word' id='word_1_221' title='bbox 807 2891 917 2952; x_wconf 86' lang='lat' dir='ltr'><strong>genera</strong></span> <span class='ocrx_word' id='word_1_222' title='bbox 939 2881 1053 2936; x_wconf 87' lang='lat' dir='ltr'><strong>tantum</strong></span> <span class='ocrx_word' id='word_1_223' title='bbox 1076 2872 1125 2935; x_wconf 89' lang='lat' dir='ltr'><strong>illa</strong></span> <span class='ocrx_word' id='word_1_224' title='bbox 1149 2891 1214 2934; x_wconf 88' lang='lat' dir='ltr'><strong>esse</strong></span> <span class='ocrx_word' id='word_1_225' title='bbox 1237 2891 1312 2953; x_wconf 89' lang='lat' dir='ltr'><strong>quae</strong></span> <span class='ocrx_word' id='word_1_226' title='bbox 1334 2890 1425 2952; x_wconf 88' lang='lat' dir='ltr'><strong>gene·</strong></span> <span class='ocrx_word' id='word_1_227' title='bbox 1437 2909 1497 2970; x_wconf 52' lang='lat'><strong>407,</strong></span> <span class='ocrx_word' id='word_1_228' title='bbox 1510 2909 1543 2960; x_wconf 72' lang='lat'><strong>39</strong></span> 
     </span>
    </p>

    <p class='ocr_par' dir='ltr' id='par_1_9' title="bbox 94 2971 1542 4074">
     <span class='ocr_line' id='line_1_26' title="bbox 134 2971 1542 3056; baseline 0.003 -20"><span class='ocrx_word' id='word_1_229' title='bbox 134 2982 213 3036; x_wconf 88' lang='lat' dir='ltr'><strong>rant:</strong></span> <span class='ocrx_word' id='word_1_230' title='bbox 236 2973 285 3035; x_wconf 91' lang='lat' dir='ltr'><strong>illa</strong></span> <span class='ocrx_word' id='word_1_231' title='bbox 309 2976 430 3054; x_wconf 91' lang='lat' dir='ltr'><strong>proprie</strong></span> <span class='ocrx_word' id='word_1_232' title='bbox 453 2976 592 3037; x_wconf 88' lang='lat' dir='ltr'><strong>dicuntur</strong></span> <span class='ocrx_word' id='word_1_233' title='bbox 607 2992 726 3053; x_wconf 88' lang='lat' dir='ltr'><strong>genera.</strong></span> <span class='ocrx_word' id='word_1_234' title='bbox 758 2975 864 3056; x_wconf 90' lang='lat' dir='ltr'><strong>quodsi</strong></span> <span class='ocrx_word' id='word_1_235' title='bbox 885 2994 1044 3056; x_wconf 85' lang='lat' dir='ltr'><strong>sequemur</strong></span> <span class='ocrx_word' id='word_1_236' title='bbox 1067 2976 1270 3036; x_wconf 89' lang='lat' dir='ltr'><strong>anctoritatem</strong></span> <span class='ocrx_word' id='word_1_237' title='bbox 1296 2971 1299 3054; x_wconf 80' lang='lat' dir='ltr'><strong>l</strong></span> <span class='ocrx_word' id='word_1_238' title='bbox 1323 2976 1424 3054; x_wconf 84' lang='lat' dir='ltr'><strong>ipsius,</strong></span> <span class='ocrx_word' id='word_1_239' title='bbox 1437 2978 1496 3040; x_wconf 78' lang='lat'><strong>492,</strong></span> <span class='ocrx_word' id='word_1_240' title='bbox 1509 2977 1542 3027; x_wconf 77' lang='lat'><strong>3⁷</strong></span> 
     </span>
     <span class='ocr_line' id='line_1_27' title="bbox 94 3076 1423 3154; baseline 0.002 -19"><span class='ocrx_word' id='word_1_241' title='bbox 94 3095 193 3137; x_wconf 73' lang='lat' dir='ltr'><strong>ernon</strong></span> <span class='ocrx_word' id='word_1_242' title='bbox 217 3085 304 3137; x_wconf 89' lang='lat' dir='ltr'><strong>erunt</strong></span> <span class='ocrx_word' id='word_1_243' title='bbox 326 3095 435 3154; x_wconf 85' lang='lat' dir='ltr'><strong>genera</strong></span> <span class='ocrx_word' id='word_1_244' title='bbox 458 3079 515 3138; x_wconf 90' lang='lat' dir='ltr'><strong>uisi</strong></span> <span class='ocrx_word' id='word_1_245' title='bbox 539 3078 612 3146; x_wconf 91' lang='lat' dir='ltr'><strong>dno,</strong></span> <span class='ocrx_word' id='word_1_246' title='bbox 636 3077 832 3138; x_wconf 90' lang='lat' dir='ltr'><strong>masculinnm</strong></span> <span class='ocrx_word' id='word_1_247' title='bbox 855 3086 884 3138; x_wconf 89' lang='lat' dir='ltr'><strong>et</strong></span> <span class='ocrx_word' id='word_1_248' title='bbox 906 3079 1089 3139; x_wconf 88' lang='lat' dir='ltr'><strong>femininum.</strong></span> <span class='ocrx_word' id='word_1_249' title='bbox 1120 3076 1200 3138; x_wconf 87' lang='lat' dir='ltr'><strong>nulla</strong></span> <span class='ocrx_word' id='word_1_250' title='bbox 1222 3077 1300 3137; x_wconf 89' lang='lat' dir='ltr'><strong>enim</strong></span> <span class='ocrx_word' id='word_1_251' title='bbox 1316 3094 1423 3154; x_wconf 89' lang='lat' dir='ltr'><strong>genera</strong></span> 
     </span>
     <span class='ocr_line' id='line_1_28' title="bbox 135 3178 1423 3264; baseline 0.002 -27"><span class='ocrx_word' id='word_1_252' title='bbox 135 3197 237 3240; x_wconf 87' lang='lat' dir='ltr'><strong>creare</strong></span> <span class='ocrx_word' id='word_1_253' title='bbox 265 3187 388 3258; x_wconf 89' lang='lat' dir='ltr'><strong>possunt</strong></span> <span class='ocrx_word' id='word_1_254' title='bbox 415 3181 470 3239; x_wconf 82' lang='lat' dir='ltr'><strong>uisi</strong></span> <span class='ocrx_word' id='word_1_255' title='bbox 498 3180 570 3240; x_wconf 86' lang='lat' dir='ltr'><strong>haec</strong></span> <span class='ocrx_word' id='word_1_256' title='bbox 598 3179 667 3240; x_wconf 91' lang='lat' dir='ltr'><strong>duo.</strong></span> <span class='ocrx_word' id='word_1_257' title='bbox 709 3178 759 3241; x_wconf 92' lang='lat' dir='ltr'><strong>illa</strong></span> <span class='ocrx_word' id='word_1_258' title='bbox 782 3197 852 3239; x_wconf 86' lang='lat' dir='ltr'><strong>vero</strong></span> <span class='ocrx_word' id='word_1_259' title='bbox 876 3178 931 3239; x_wconf 91' lang='lat' dir='ltr'><strong>alia</strong></span> <span class='ocrx_word' id='word_1_260' title='bbox 954 3178 1074 3240; x_wconf 88' lang='lat' dir='ltr'><strong>abusive</strong></span> <span class='ocrx_word' id='word_1_261' title='bbox 1096 3197 1207 3258; x_wconf 85' lang='lat' dir='ltr'><strong>genera</strong></span> <span class='ocrx_word' id='word_1_262' title='bbox 1228 3180 1423 3264; x_wconf 87' lang='lat' dir='ltr'><strong>nominamus,</strong></span> 
     </span>
     <span class='ocr_line' id='line_1_29' title="bbox 133 3278 1427 3360; baseline -0.001 -20"><span class='ocrx_word' id='word_1_263' title='bbox 133 3279 163 3340; x_wconf 93' lang='lat' dir='ltr'><strong>id</strong></span> <span class='ocrx_word' id='word_1_264' title='bbox 192 3288 235 3340; x_wconf 85' lang='lat' dir='ltr'><strong>est</strong></span> <span class='ocrx_word' id='word_1_265' title='bbox 262 3282 381 3340; x_wconf 87' lang='lat' dir='ltr'><strong>nomine</strong></span> <span class='ocrx_word' id='word_1_266' title='bbox 411 3289 524 3341; x_wconf 87' lang='lat' dir='ltr'><strong>tautum</strong></span> <span class='ocrx_word' id='word_1_267' title='bbox 553 3290 621 3342; x_wconf 90' lang='lat' dir='ltr'><strong>suot</strong></span> <span class='ocrx_word' id='word_1_268' title='bbox 649 3300 773 3360; x_wconf 85' lang='lat' dir='ltr'><strong>genera,</strong></span> <span class='ocrx_word' id='word_1_269' title='bbox 802 3299 861 3341; x_wconf 91' lang='lat' dir='ltr'><strong>uon</strong></span> <span class='ocrx_word' id='word_1_270' title='bbox 889 3290 1003 3343; x_wconf 90' lang='lat' dir='ltr'><strong>natura.</strong></span> <span class='ocrx_word' id='word_1_271' title='bbox 1048 3281 1117 3340; x_wconf 90' lang='lat' dir='ltr'><strong>hinc</strong></span> <span class='ocrx_word' id='word_1_272' title='bbox 1145 3281 1292 3348; x_wconf 91' lang='lat' dir='ltr'><strong>nascitur,</strong></span> <span class='ocrx_word' id='word_1_273' title='bbox 1322 3278 1352 3338; x_wconf 91' lang='lat' dir='ltr'><strong>id</strong></span> <span class='ocrx_word' id='word_1_274' title='bbox 1382 3288 1427 3341; x_wconf 88' lang='lat' dir='ltr'><strong>est</strong></span> 
     </span>
     <span class='ocr_line' id='line_1_30' title="bbox 134 3382 1425 3464; baseline 0 -22"><span class='ocrx_word' id='word_1_275' title='bbox 134 3383 203 3442; x_wconf 90' lang='lat' dir='ltr'><strong>irinc</strong></span> <span class='ocrx_word' id='word_1_276' title='bbox 225 3382 378 3442; x_wconf 90' lang='lat' dir='ltr'><strong>inventum</strong></span> <span class='ocrx_word' id='word_1_277' title='bbox 401 3390 460 3451; x_wconf 88' lang='lat' dir='ltr'><strong>est,</strong></span> <span class='ocrx_word' id='word_1_278' title='bbox 490 3393 522 3443; x_wconf 94' lang='lat' dir='ltr'><strong>nt</strong></span> <span class='ocrx_word' id='word_1_279' title='bbox 548 3386 699 3464; x_wconf 86' lang='lat' dir='ltr'><strong>possimus</strong></span> <span class='ocrx_word' id='word_1_280' title='bbox 726 3401 780 3443; x_wconf 88' lang='lat' dir='ltr'><strong>nos</strong></span> <span class='ocrx_word' id='word_1_281' title='bbox 808 3401 963 3452; x_wconf 88' lang='lat' dir='ltr'><strong>excusare,</strong></span> <span class='ocrx_word' id='word_1_282' title='bbox 987 3390 1034 3452; x_wconf 90' lang='lat' dir='ltr'><strong>nt,</strong></span> <span class='ocrx_word' id='word_1_283' title='bbox 1059 3384 1323 3461; x_wconf 88' lang='lat' dir='ltr'><strong>quotienscumque</strong></span> <span class='ocrx_word' id='word_1_284' title='bbox 1346 3382 1425 3442; x_wconf 91' lang='lat' dir='ltr'><strong>circa</strong></span> 
     </span>
     <span class='ocr_line' id='line_1_31' title="bbox 134 3483 1426 3564; baseline 0.001 -21"><span class='ocrx_word' id='word_1_285' title='bbox 134 3501 243 3562; x_wconf 86' lang='lat' dir='ltr'><strong>genera</strong></span> <span class='ocrx_word' id='word_1_286' title='bbox 272 3487 507 3562; x_wconf 87' lang='lat' dir='ltr'><strong>peccaverimus,</strong></span> <span class='ocrx_word' id='word_1_287' title='bbox 538 3486 686 3545; x_wconf 80' lang='lat' dir='ltr'><strong>excusatio</strong></span> <span class='ocrx_word' id='word_1_288' title='bbox 714 3487 765 3554; x_wconf 89' lang='lat' dir='ltr'><strong>sit,</strong></span> <span class='ocrx_word' id='word_1_289' title='bbox 803 3504 860 3545; x_wconf 91' lang='lat' dir='ltr'><strong>uon</strong></span> <span class='ocrx_word' id='word_1_290' title='bbox 888 3486 1035 3564; x_wconf 86' lang='lat' dir='ltr'><strong>inperitia.</strong></span> <span class='ocrx_word' id='word_1_291' title='bbox 1081 3491 1150 3562; x_wconf 88' lang='lat' dir='ltr'><strong>puta</strong></span> <span class='ocrx_word' id='word_1_292' title='bbox 1178 3485 1203 3545; x_wconf 90' lang='lat' dir='ltr'><strong>si</strong></span> <span class='ocrx_word' id='word_1_293' title='bbox 1230 3483 1325 3545; x_wconf 87' lang='lat' dir='ltr'><strong>dicam</strong></span> <span class='ocrx_word' id='word_1_294' title='bbox 1352 3485 1426 3545; x_wconf 88' lang='lat' dir='ltr'><strong>lraec</strong></span> 
     </span>
     <span class='ocr_line' id='line_1_32' title="bbox 96 3586 1425 3667; baseline 0.003 -25"><span class='ocrx_word' id='word_1_295' title='bbox 96 3588 248 3665; x_wconf 85' lang='lat' dir='ltr'><strong>aoparies,</strong></span> <span class='ocrx_word' id='word_1_296' title='bbox 278 3604 399 3666; x_wconf 86' lang='lat' dir='ltr'><strong>possum</strong></span> <span class='ocrx_word' id='word_1_297' title='bbox 426 3607 473 3648; x_wconf 90' lang='lat' dir='ltr'><strong>me</strong></span> <span class='ocrx_word' id='word_1_298' title='bbox 503 3606 643 3648; x_wconf 85' lang='lat' dir='ltr'><strong>excusare</strong></span> <span class='ocrx_word' id='word_1_299' title='bbox 673 3596 702 3647; x_wconf 91' lang='lat' dir='ltr'><strong>et</strong></span> <span class='ocrx_word' id='word_1_300' title='bbox 729 3587 830 3648; x_wconf 90' lang='lat' dir='ltr'><strong>dicere</strong></span> <span class='ocrx_word' id='word_1_301' title='bbox 858 3587 937 3667; x_wconf 93' lang='lat' dir='ltr'><strong>qnod</strong></span> <span class='ocrx_word' id='word_1_302' title='bbox 964 3587 1034 3647; x_wconf 91' lang='lat' dir='ltr'><strong>licet</strong></span> <span class='ocrx_word' id='word_1_303' title='bbox 1061 3586 1133 3646; x_wconf 91' lang='lat' dir='ltr'><strong>mihi</strong></span> <span class='ocrx_word' id='word_1_304' title='bbox 1163 3586 1219 3646; x_wconf 90' lang='lat' dir='ltr'><strong>hoc</strong></span> <span class='ocrx_word' id='word_1_305' title='bbox 1247 3586 1355 3647; x_wconf 87' lang='lat' dir='ltr'><strong>dicere.</strong></span> <span class='ocrx_word' id='word_1_306' title='bbox 1400 3587 1425 3647; x_wconf 89' lang='lat' dir='ltr'><strong>si</strong></span> 
     </span>
     <span class='ocr_line' id='line_1_33' title="bbox 135 3687 1426 3768; baseline 0.002 -20"><span class='ocrx_word' id='word_1_307' title='bbox 135 3690 212 3749; x_wconf 88' lang='lat' dir='ltr'><strong>enim</strong></span> <span class='ocrx_word' id='word_1_308' title='bbox 242 3687 381 3749; x_wconf 89' lang='lat' dir='ltr'><strong>dicuntur</strong></span> <span class='ocrx_word' id='word_1_309' title='bbox 409 3708 518 3767; x_wconf 86' lang='lat' dir='ltr'><strong>genera</strong></span> <span class='ocrx_word' id='word_1_310' title='bbox 547 3689 605 3749; x_wconf 93' lang='lat' dir='ltr'><strong>duo</strong></span> <span class='ocrx_word' id='word_1_311' title='bbox 634 3708 698 3750; x_wconf 88' lang='lat' dir='ltr'><strong>esse</strong></span> <span class='ocrx_word' id='word_1_312' title='bbox 727 3697 757 3750; x_wconf 88' lang='lat' dir='ltr'><strong>et</strong></span> <span class='ocrx_word' id='word_1_313' title='bbox 779 3688 845 3749; x_wconf 90' lang='lat' dir='ltr'><strong>ideo</strong></span> <span class='ocrx_word' id='word_1_314' title='bbox 869 3688 945 3749; x_wconf 90' lang='lat' dir='ltr'><strong>dicta</strong></span> <span class='ocrx_word' id='word_1_315' title='bbox 968 3707 1092 3767; x_wconf 87' lang='lat' dir='ltr'><strong>genera,</strong></span> <span class='ocrx_word' id='word_1_316' title='bbox 1116 3687 1153 3748; x_wconf 90' lang='lat' dir='ltr'><strong>ab</strong></span> <span class='ocrx_word' id='word_1_317' title='bbox 1177 3706 1212 3748; x_wconf 91' lang='lat' dir='ltr'><strong>eo</strong></span> <span class='ocrx_word' id='word_1_318' title='bbox 1234 3690 1313 3768; x_wconf 92' lang='lat' dir='ltr'><strong>qnod</strong></span> <span class='ocrx_word' id='word_1_319' title='bbox 1335 3707 1426 3768; x_wconf 88' lang='lat' dir='ltr'><strong>gene·</strong></span> 
     </span>
     <span class='ocr_line' id='line_1_34' title="bbox 134 3790 1426 3870; baseline 0.002 -21"><span class='ocrx_word' id='word_1_320' title='bbox 134 3797 214 3859; x_wconf 87' lang='lat' dir='ltr'><strong>rant,</strong></span> <span class='ocrx_word' id='word_1_321' title='bbox 243 3791 341 3869; x_wconf 89' lang='lat' dir='ltr'><strong>paries</strong></span> <span class='ocrx_word' id='word_1_322' title='bbox 368 3799 465 3851; x_wconf 90' lang='lat' dir='ltr'><strong>autem</strong></span> <span class='ocrx_word' id='word_1_323' title='bbox 495 3810 554 3851; x_wconf 89' lang='lat' dir='ltr'><strong>non</strong></span> <span class='ocrx_word' id='word_1_324' title='bbox 581 3799 705 3869; x_wconf 83' lang='lat' dir='ltr'><strong>generat</strong></span> <span class='ocrx_word' id='word_1_325' title='bbox 733 3810 788 3852; x_wconf 88' lang='lat' dir='ltr'><strong>nec</strong></span> <span class='ocrx_word' id='word_1_326' title='bbox 811 3799 988 3870; x_wconf 89' lang='lat' dir='ltr'><strong>generatur,</strong></span> <span class='ocrx_word' id='word_1_327' title='bbox 1011 3790 1081 3853; x_wconf 90' lang='lat' dir='ltr'><strong>licet</strong></span> <span class='ocrx_word' id='word_1_328' title='bbox 1102 3791 1175 3851; x_wconf 92' lang='lat' dir='ltr'><strong>mihi</strong></span> <span class='ocrx_word' id='word_1_329' title='bbox 1197 3809 1252 3870; x_wconf 92' lang='lat' dir='ltr'><strong>pro</strong></span> <span class='ocrx_word' id='word_1_330' title='bbox 1275 3790 1426 3852; x_wconf 76' lang='lat' dir='ltr'><strong>voluntate</strong></span> 
     </span>
     <span class='ocr_line' id='line_1_35' title="bbox 134 3892 1426 3973; baseline 0.003 -22"><span class='ocrx_word' id='word_1_331' title='bbox 134 3909 199 3951; x_wconf 91' lang='lat' dir='ltr'><strong>mea</strong></span> <span class='ocrx_word' id='word_1_332' title='bbox 222 3910 309 3971; x_wconf 91' lang='lat' dir='ltr'><strong>quem</strong></span> <span class='ocrx_word' id='word_1_333' title='bbox 333 3892 369 3952; x_wconf 91' lang='lat' dir='ltr'><strong>ad</strong></span> <span class='ocrx_word' id='word_1_334' title='bbox 393 3892 511 3953; x_wconf 92' lang='lat' dir='ltr'><strong>modum</strong></span> <span class='ocrx_word' id='word_1_335' title='bbox 536 3892 656 3954; x_wconf 90' lang='lat' dir='ltr'><strong>voluero</strong></span> <span class='ocrx_word' id='word_1_336' title='bbox 678 3892 787 3954; x_wconf 90' lang='lat' dir='ltr'><strong>dicere.</strong></span> <span class='ocrx_word' id='word_1_337' title='bbox 819 3892 888 3954; x_wconf 91' lang='lat' dir='ltr'><strong>hinc</strong></span> <span class='ocrx_word' id='word_1_338' title='bbox 911 3902 955 3953; x_wconf 89' lang='lat' dir='ltr'><strong>est</strong></span> <span class='ocrx_word' id='word_1_339' title='bbox 977 3894 1063 3953; x_wconf 88' lang='lat' dir='ltr'><strong>etiam</strong></span> <span class='ocrx_word' id='word_1_340' title='bbox 1086 3892 1160 3955; x_wconf 94' lang='lat' dir='ltr'><strong>illud</strong></span> <span class='ocrx_word' id='word_1_341' title='bbox 1182 3893 1261 3973; x_wconf 90' lang='lat' dir='ltr'><strong>qnod</strong></span> <span class='ocrx_word' id='word_1_342' title='bbox 1284 3893 1426 3955; x_wconf 89' lang='lat' dir='ltr'><strong>habemns</strong></span> 
     </span>
     <span class='ocr_line' id='line_1_36' title="bbox 135 3992 1423 4074; baseline 0.003 -21"><span class='ocrx_word' id='word_1_343' title='bbox 135 3992 211 4073; x_wconf 94' lang='lat' dir='ltr'><strong>apud</strong></span> <span class='ocrx_word' id='word_1_344' title='bbox 235 4002 387 4055; x_wconf 89' lang='lat' dir='ltr'><strong>auctores:</strong></span> <span class='ocrx_word' id='word_1_345' title='bbox 413 3995 560 4074; x_wconf 83' lang='lat' dir='ltr'><strong>Vergilius</strong></span> <span class='ocrx_word' id='word_1_346' title='bbox 582 3994 654 4055; x_wconf 90' lang='lat' dir='ltr'><strong>dicit</strong></span> <span class='ocrx_word' id='word_1_347' title='bbox 675 3994 732 4055; x_wconf 90' lang='lat' dir='ltr'><strong>alio</strong></span> <span class='ocrx_word' id='word_1_348' title='bbox 755 3993 821 4055; x_wconf 91' lang='lat' dir='ltr'><strong>loco</strong></span> <span class='ocrx_word' id='word_1_349' title='bbox 844 3995 892 4056; x_wconf 86' lang='lat' dir='ltr'><strong>lric</strong></span> <span class='ocrx_word' id='word_1_350' title='bbox 914 4004 1031 4064; x_wconf 83' lang='lat' dir='ltr'><strong>cortex,</strong></span> <span class='ocrx_word' id='word_1_351' title='bbox 1055 3994 1112 4056; x_wconf 89' lang='lat' dir='ltr'><strong>alio</strong></span> <span class='ocrx_word' id='word_1_352' title='bbox 1133 3994 1199 4055; x_wconf 90' lang='lat' dir='ltr'><strong>loco</strong></span> <span class='ocrx_word' id='word_1_353' title='bbox 1222 3995 1296 4056; x_wconf 88' lang='lat' dir='ltr'><strong>haec</strong></span> <span class='ocrx_word' id='word_1_354' title='bbox 1311 4005 1423 4072; x_wconf 89' lang='lat' dir='ltr'><strong>cortex,</strong></span> 
     </span>
    </p>
   </div>
   <div class='ocr_carea' id='block_1_5' title="bbox 134 4182 1428 4318">
    <p class='ocr_par' dir='ltr' id='par_1_10' title="bbox 134 4182 1428 4318">
     <span class='ocr_line' id='line_1_37' title="bbox 204 4182 1424 4246; baseline 0.001 -14"><span class='ocrx_word' id='word_1_355' title='bbox 204 4182 218 4232; x_wconf 94' lang='lat' dir='ltr'><strong>l</strong></span> <span class='ocrx_word' id='word_1_356' title='bbox 239 4183 263 4231; x_wconf 94' lang='lat' dir='ltr'><strong>iu</strong></span> <span class='ocrx_word' id='word_1_357' title='bbox 285 4198 356 4231; x_wconf 90' lang='lat' dir='ltr'><strong>nsum</strong></span> <span class='ocrx_word' id='word_1_358' title='bbox 375 4193 497 4232; x_wconf 86' lang='lat' dir='ltr'><strong>uenerunt</strong></span> <span class='ocrx_word' id='word_1_359' title='bbox 514 4186 536 4233; x_wconf 82' lang='lat' dir='ltr'><strong>si</strong></span> <span class='ocrx_word' id='word_1_360' title='bbox 555 4184 625 4233; x_wconf 83' lang='lat' dir='ltr'><strong>dicas</strong></span> <span class='ocrx_word' id='word_1_361' title='bbox 644 4199 723 4233; x_wconf 84' lang='lat' dir='ltr'><strong>aenea</strong></span> <span class='ocrx_word' id='word_1_362' title='bbox 740 4183 877 4234; x_wconf 85' lang='lat' dir='ltr'><strong>fortissime</strong></span> <span class='ocrx_word' id='word_1_363' title='bbox 896 4183 997 4246; x_wconf 80' lang='lat' dir='ltr'><strong>quaudo</strong></span> <span class='ocrx_word' id='word_1_364' title='bbox 1018 4183 1106 4232; x_wconf 88' lang='lat' dir='ltr'><strong>dicunt</strong></span> <span class='ocrx_word' id='word_1_365' title='bbox 1121 4197 1200 4232; x_wconf 84' lang='lat' dir='ltr'><strong>aeneo</strong></span> <span class='ocrx_word' id='word_1_366' title='bbox 1219 4182 1355 4232; x_wconf 87' lang='lat' dir='ltr'><strong>fortissime</strong></span> <span class='ocrx_word' id='word_1_367' title='bbox 1374 4198 1424 4233; x_wconf 90' lang='lat' dir='ltr'><strong>non</strong></span> 
     </span>
     <span class='ocr_line' id='line_1_38' title="bbox 134 4250 1428 4318; baseline 0.003 -18"><span class='ocrx_word' id='word_1_368' title='bbox 134 4250 311 4303; x_wconf 77' lang='lat' dir='ltr'><strong>liabetABG</strong></span> <span class='ocrx_word' id='word_1_369' title='bbox 379 4253 490 4303; x_wconf 75' lang='lat' dir='ltr'><strong>ioeoea</strong></span> <span class='ocrx_word' id='word_1_370' title='bbox 509 4254 597 4302; x_wconf 86' lang='lat' dir='ltr'><strong>fortior</strong></span> <span class='ocrx_word' id='word_1_371' title='bbox 615 4254 639 4302; x_wconf 99' lang='lat' dir='ltr'><em>A</em></span> <span class='ocrx_word' id='word_1_372' title='bbox 710 4254 842 4316; x_wconf 86' lang='lat' dir='ltr'><strong>8quaoto</strong></span> <span class='ocrx_word' id='word_1_373' title='bbox 862 4253 942 4318; x_wconf 76' lang='lat' dir='ltr'><strong>magis</strong></span> <span class='ocrx_word' id='word_1_374' title='bbox 961 4253 1161 4304; x_wconf 78' lang='lat' dir='ltr'><strong>Lindemonmrr:</strong></span> <span class='ocrx_word' id='word_1_375' title='bbox 1178 4254 1262 4318; x_wconf 86' lang='lat' dir='ltr'><strong>magis</strong></span> <span class='ocrx_word' id='word_1_376' title='bbox 1279 4269 1326 4303; x_wconf 88' lang='lat' dir='ltr'><strong>om.</strong></span> <span class='ocrx_word' id='word_1_377' title='bbox 1344 4253 1428 4304; x_wconf 77' lang='lat' dir='ltr'><strong>Anu</strong></span> 
     </span>
    </p>
   </div>
   <div class='ocr_carea' id='block_1_6' title="bbox 204 4320 1426 4430">
    <p class='ocr_par' dir='ltr' id='par_1_11' title="bbox 204 4320 1426 4430">
     <span class='ocr_line' id='line_1_39' title="bbox 204 4320 1426 4389; baseline -0.001 -17"><span class='ocrx_word' id='word_1_378' title='bbox 204 4320 298 4387; x_wconf 76' lang='lat' dir='ltr'><strong>llergo</strong></span> <span class='ocrx_word' id='word_1_379' title='bbox 317 4322 388 4372; x_wconf 85' lang='lat' dir='ltr'><strong>uides</strong></span> <span class='ocrx_word' id='word_1_380' title='bbox 407 4326 466 4386; x_wconf 89' lang='lat' dir='ltr'><strong>qnia</strong></span> <span class='ocrx_word' id='word_1_381' title='bbox 485 4338 534 4373; x_wconf 92' lang='lat' dir='ltr'><strong>nou</strong></span> <span class='ocrx_word' id='word_1_382' title='bbox 549 4331 690 4388; x_wconf 77' lang='lat' dir='ltr'><strong>possumus</strong></span> <span class='ocrx_word' id='word_1_383' title='bbox 709 4327 744 4373; x_wconf 83' lang='lat' dir='ltr'><strong>ita</strong></span> <span class='ocrx_word' id='word_1_384' title='bbox 762 4325 846 4373; x_wconf 86' lang='lat' dir='ltr'><strong>dicere</strong></span> <span class='ocrx_word' id='word_1_385' title='bbox 863 4323 937 4372; x_wconf 70' lang='lat' dir='ltr'><strong>laea</strong></span> <span class='ocrx_word' id='word_1_386' title='bbox 955 4337 1016 4387; x_wconf 86' lang='lat' dir='ltr'><strong>ergo</strong></span> <span class='ocrx_word' id='word_1_387' title='bbox 1102 4325 1128 4373; x_wconf 90' lang='lat' dir='ltr'><strong>id</strong></span> <span class='ocrx_word' id='word_1_388' title='bbox 1145 4334 1183 4372; x_wconf 86' lang='lat' dir='ltr'><strong>est</strong></span> <span class='ocrx_word' id='word_1_389' title='bbox 1197 4326 1256 4386; x_wconf 88' lang='lat' dir='ltr'><strong>quia</strong></span> <span class='ocrx_word' id='word_1_390' title='bbox 1271 4338 1320 4373; x_wconf 89' lang='lat' dir='ltr'><strong>non</strong></span> <span class='ocrx_word' id='word_1_391' title='bbox 1335 4337 1426 4389; x_wconf 80' lang='lat' dir='ltr'><strong>possu-</strong></span> 
     </span>
     <span class='ocr_line' id='line_1_40' title="bbox 1218 4400 1265 4430; baseline -0.043 0"><span class='ocrx_word' id='word_1_392' title='bbox 1218 4400 1265 4430; x_wconf 70' lang='lat'><strong>0880</strong></span> 
     </span>
    </p>
   </div>
   <div class='ocr_carea' id='block_1_7' title="bbox 133 4441 1423 4912">
    <p class='ocr_par' dir='ltr' id='par_1_12' title="bbox 133 4441 1423 4912">
     <span class='ocr_line' id='line_1_41' title="bbox 135 4441 1358 4508; baseline 0.002 -18"><span class='ocrx_word' id='word_1_393' title='bbox 135 4455 189 4492; x_wconf 84' lang='lat' dir='ltr'><strong>mus</strong></span> <span class='ocrx_word' id='word_1_394' title='bbox 204 4442 288 4491; x_wconf 85' lang='lat' dir='ltr'><strong>dicere</strong></span> <span class='ocrx_word' id='word_1_395' title='bbox 306 4443 331 4492; x_wconf 94' lang='lat' dir='ltr'><em>A</em></span> <span class='ocrx_word' id='word_1_396' title='bbox 402 4444 433 4494; x_wconf 85' lang='lat' dir='ltr'><strong>ll</strong></span> <span class='ocrx_word' id='word_1_397' title='bbox 453 4444 534 4493; x_wconf 79' lang='lat' dir='ltr'><strong>solum</strong></span> <span class='ocrx_word' id='word_1_398' title='bbox 551 4445 596 4493; x_wconf 86' lang='lat' dir='ltr'><strong>sed</strong></span> <span class='ocrx_word' id='word_1_399' title='bbox 615 4445 726 4495; x_wconf 90' lang='lat' dir='ltr'><strong>omnium</strong></span> <span class='ocrx_word' id='word_1_400' title='bbox 745 4459 791 4497; x_wconf 84' lang='lat' dir='ltr'><strong>om.</strong></span> <span class='ocrx_word' id='word_1_401' title='bbox 812 4445 851 4493; x_wconf 90' lang='lat' dir='ltr'><strong>A:</strong></span> <span class='ocrx_word' id='word_1_402' title='bbox 868 4441 950 4492; x_wconf 87' lang='lat' dir='ltr'><strong>xolnm</strong></span> <span class='ocrx_word' id='word_1_403' title='bbox 965 4443 1026 4496; x_wconf 84' lang='lat' dir='ltr'><strong>add.</strong></span> <span class='ocrx_word' id='word_1_404' title='bbox 1042 4441 1076 4492; x_wconf 80' lang='lat' dir='ltr'><strong>a*</strong></span> <span class='ocrx_word' id='word_1_405' title='bbox 1145 4443 1179 4496; x_wconf 78' lang='lat'><strong>23</strong></span> <span class='ocrx_word' id='word_1_406' title='bbox 1194 4444 1235 4494; x_wconf 84' lang='lat' dir='ltr'><strong>illa</strong></span> <span class='ocrx_word' id='word_1_407' title='bbox 1255 4458 1320 4508; x_wconf 87' lang='lat' dir='ltr'><strong>quoe</strong></span> <span class='ocrx_word' id='word_1_408' title='bbox 1338 4443 1358 4493; x_wconf 80' lang='lat' dir='ltr'><strong><em>G</em></strong></span> 
     </span>
     <span class='ocr_line' id='line_1_42' title="bbox 135 4512 1422 4579; baseline 0.001 -19"><span class='ocrx_word' id='word_1_409' title='bbox 135 4512 391 4575; x_wconf 76' lang='lat' dir='ltr'><strong>2lxequemurAB</strong></span> <span class='ocrx_word' id='word_1_410' title='bbox 413 4516 543 4577; x_wconf 84' lang='lat' dir='ltr'><strong>sequimur</strong></span> <span class='ocrx_word' id='word_1_411' title='bbox 564 4515 604 4564; x_wconf 81' lang='lat' dir='ltr'><strong>Cb</strong></span> <span class='ocrx_word' id='word_1_412' title='bbox 676 4514 710 4565; x_wconf 77' lang='lat'><strong>28</strong></span> <span class='ocrx_word' id='word_1_413' title='bbox 733 4513 924 4579; x_wconf 85' lang='lat' dir='ltr'><strong>possimosAc</strong></span> <span class='ocrx_word' id='word_1_414' title='bbox 947 4527 1081 4577; x_wconf 84' lang='lat' dir='ltr'><strong>possemus</strong></span> <span class='ocrx_word' id='word_1_415' title='bbox 1102 4514 1153 4564; x_wconf 82' lang='lat' dir='ltr'><strong>BG</strong></span> <span class='ocrx_word' id='word_1_416' title='bbox 1222 4528 1267 4562; x_wconf 83' lang='lat' dir='ltr'><strong>nos</strong></span> <span class='ocrx_word' id='word_1_417' title='bbox 1288 4513 1352 4562; x_wconf 86' lang='lat' dir='ltr'><strong>Bac</strong></span> <span class='ocrx_word' id='word_1_418' title='bbox 1373 4526 1422 4563; x_wconf 88' lang='lat' dir='ltr'><strong>nou</strong></span> 
     </span>
     <span class='ocr_line' id='line_1_43' title="bbox 134 4581 1422 4650; baseline 0.001 -20"><span class='ocrx_word' id='word_1_419' title='bbox 134 4581 185 4632; x_wconf 88' lang='lat' dir='ltr'><strong>AC</strong></span> <span class='ocrx_word' id='word_1_420' title='bbox 232 4583 265 4633; x_wconf 79' lang='lat'><strong>29</strong></span> <span class='ocrx_word' id='word_1_421' title='bbox 283 4584 411 4631; x_wconf 84' lang='lat' dir='ltr'><strong>excusatio</strong></span> <span class='ocrx_word' id='word_1_422' title='bbox 427 4594 465 4632; x_wconf 88' lang='lat' dir='ltr'><strong>est</strong></span> <span class='ocrx_word' id='word_1_423' title='bbox 481 4599 529 4632; x_wconf 91' lang='lat' dir='ltr'><strong>non</strong></span> <span class='ocrx_word' id='word_1_424' title='bbox 547 4585 637 4647; x_wconf 84' lang='lat' dir='ltr'><strong>peritia</strong></span> <span class='ocrx_word' id='word_1_425' title='bbox 652 4585 736 4635; x_wconf 82' lang='lat' dir='ltr'><strong>ABG</strong></span> <span class='ocrx_word' id='word_1_426' title='bbox 786 4583 819 4633; x_wconf 87' lang='lat' dir='ltr'><strong>al</strong></span> <span class='ocrx_word' id='word_1_427' title='bbox 839 4583 906 4645; x_wconf 87' lang='lat' dir='ltr'><strong>quod</strong></span> <span class='ocrx_word' id='word_1_428' title='bbox 925 4592 1048 4649; x_wconf 83' lang='lat' dir='ltr'><strong>generant</strong></span> <span class='ocrx_word' id='word_1_429' title='bbox 1066 4584 1110 4635; x_wconf 81' lang='lat' dir='ltr'><strong>Ca</strong></span> <span class='ocrx_word' id='word_1_430' title='bbox 1127 4584 1195 4648; x_wconf 89' lang='lat' dir='ltr'><strong>qnod</strong></span> <span class='ocrx_word' id='word_1_431' title='bbox 1214 4594 1336 4650; x_wconf 86' lang='lat' dir='ltr'><strong>generent</strong></span> <span class='ocrx_word' id='word_1_432' title='bbox 1352 4597 1422 4635; x_wconf 85' lang='lat' dir='ltr'><strong>corr.</strong></span> 
     </span>
     <span class='ocr_line' id='line_1_44' title="bbox 134 4648 1420 4719; baseline 0.002 -20"><span class='ocrx_word' id='word_1_433' title='bbox 134 4663 199 4701; x_wconf 82' lang='lat' dir='ltr'><strong>-euot</strong></span> <span class='ocrx_word' id='word_1_434' title='bbox 219 4652 242 4701; x_wconf 89' lang='lat' dir='ltr'><em>B</em></span> <span class='ocrx_word' id='word_1_435' title='bbox 260 4653 326 4715; x_wconf 90' lang='lat' dir='ltr'><strong>qnod</strong></span> <span class='ocrx_word' id='word_1_436' title='bbox 343 4668 438 4717; x_wconf 84' lang='lat' dir='ltr'><strong>genera</strong></span> <span class='ocrx_word' id='word_1_437' title='bbox 456 4664 515 4703; x_wconf 87' lang='lat' dir='ltr'><strong>suot</strong></span> <span class='ocrx_word' id='word_1_438' title='bbox 534 4653 558 4700; x_wconf 93' lang='lat' dir='ltr'><em>A</em></span> <span class='ocrx_word' id='word_1_439' title='bbox 646 4653 679 4704; x_wconf 87' lang='grc'><strong>33</strong></span> <span class='ocrx_word' id='word_1_440' title='bbox 699 4654 758 4703; x_wconf 80' lang='lat' dir='ltr'><strong>irinc</strong></span> <span class='ocrx_word' id='word_1_441' title='bbox 776 4653 962 4703; x_wconf 82' lang='lat' dir='ltr'><strong>Lindemannnc</strong></span> <span class='ocrx_word' id='word_1_442' title='bbox 978 4651 1021 4702; x_wconf 90' lang='lat' dir='ltr'><strong>hic</strong></span> <span class='ocrx_word' id='word_1_443' title='bbox 1038 4654 1124 4705; x_wconf 86' lang='lat' dir='ltr'><strong>ABG</strong></span> <span class='ocrx_word' id='word_1_444' title='bbox 1209 4655 1242 4702; x_wconf 81' lang='grc'><strong>34</strong></span> <span class='ocrx_word' id='word_1_445' title='bbox 1261 4651 1302 4701; x_wconf 87' lang='lat' dir='ltr'><strong>iric</strong></span> <span class='ocrx_word' id='word_1_446' title='bbox 1322 4648 1420 4719; x_wconf 80' lang='lat' dir='ltr'><strong>cortex]</strong></span> 
     </span>
     <span class='ocr_line' id='line_1_45' title="bbox 138 4722 1423 4790; baseline 0 -20"><span class='ocrx_word' id='word_1_447' title='bbox 138 4722 215 4785; x_wconf 80' lang='lat' dir='ltr'><strong>Verp.</strong></span> <span class='ocrx_word' id='word_1_448' title='bbox 227 4737 316 4786; x_wconf 82' lang='lat' dir='ltr'><strong>peorp.</strong></span> <span class='ocrx_word' id='word_1_449' title='bbox 338 4725 358 4771; x_wconf 94' lang='lat' dir='ltr'><strong>ll</strong></span> <span class='ocrx_word' id='word_1_450' title='bbox 377 4724 409 4772; x_wconf 75' lang='lat' dir='ltr'><strong>il</strong></span> <span class='ocrx_word' id='word_1_451' title='bbox 429 4740 525 4786; x_wconf 84' lang='lat' dir='ltr'><strong>quase</strong></span> <span class='ocrx_word' id='word_1_452' title='bbox 544 4723 627 4773; x_wconf 90' lang='lat' dir='ltr'><strong>medio</strong></span> <span class='ocrx_word' id='word_1_453' title='bbox 646 4725 749 4774; x_wconf 86' lang='lat' dir='ltr'><strong>trudunt</strong></span> <span class='ocrx_word' id='word_1_454' title='bbox 762 4724 794 4770; x_wconf 91' lang='lat' dir='ltr'><strong>de</strong></span> <span class='ocrx_word' id='word_1_455' title='bbox 812 4723 904 4772; x_wconf 85' lang='lat' dir='ltr'><strong>cortice</strong></span> <span class='ocrx_word' id='word_1_456' title='bbox 921 4739 1047 4790; x_wconf 84' lang='lat' dir='ltr'><strong>gemmae,</strong></span> <span class='ocrx_word' id='word_1_457' title='bbox 1067 4725 1132 4776; x_wconf 80' lang='lat' dir='ltr'><strong>Aeo.</strong></span> <span class='ocrx_word' id='word_1_458' title='bbox 1151 4723 1194 4771; x_wconf 87' lang='lat' dir='ltr'><strong>Vll</strong></span> <span class='ocrx_word' id='word_1_459' title='bbox 1212 4723 1263 4771; x_wconf 74' lang='lat'><strong>742</strong></span> <span class='ocrx_word' id='word_1_460' title='bbox 1283 4734 1372 4787; x_wconf 86' lang='lat' dir='ltr'><strong>ruptus</strong></span> <span class='ocrx_word' id='word_1_461' title='bbox 1390 4723 1423 4771; x_wconf 85' lang='lat' dir='ltr'><strong>dc</strong></span> 
     </span>
     <span class='ocr_line' id='line_1_46' title="bbox 133 4790 1423 4862; baseline 0.005 -23"><span class='ocrx_word' id='word_1_462' title='bbox 133 4792 222 4840; x_wconf 83' lang='lat' dir='ltr'><strong>subere</strong></span> <span class='ocrx_word' id='word_1_463' title='bbox 246 4802 345 4858; x_wconf 70' lang='lat' dir='ltr'><strong>cortex,</strong></span> <span class='ocrx_word' id='word_1_464' title='bbox 371 4793 436 4843; x_wconf 82' lang='lat' dir='ltr'><strong>Aen.</strong></span> <span class='ocrx_word' id='word_1_465' title='bbox 459 4795 529 4844; x_wconf 94' lang='lat' dir='ltr'><strong>Vllll</strong></span> <span class='ocrx_word' id='word_1_466' title='bbox 547 4794 596 4842; x_wconf 78' lang='lat'><strong>743</strong></span> <span class='ocrx_word' id='word_1_467' title='bbox 620 4794 651 4843; x_wconf 90' lang='lat' dir='ltr'><strong>de</strong></span> <span class='ocrx_word' id='word_1_468' title='bbox 676 4794 768 4845; x_wconf 84' lang='lat' dir='ltr'><strong>cortice</strong></span> <span class='ocrx_word' id='word_1_469' title='bbox 789 4793 867 4841; x_wconf 88' lang='lat' dir='ltr'><strong>crudo</strong></span> <span class='ocrx_word' id='word_1_470' title='bbox 931 4793 993 4843; x_wconf 83' lang='lat' dir='ltr'><strong>haec</strong></span> <span class='ocrx_word' id='word_1_471' title='bbox 1018 4791 1115 4862; x_wconf 83' lang='lat' dir='ltr'><strong>cortex]</strong></span> <span class='ocrx_word' id='word_1_472' title='bbox 1146 4790 1423 4858; x_wconf 59' lang='lat' dir='ltr'><strong>{superintulit</strong></span> 
     </span>
     <span class='ocr_line' id='line_1_47' title="bbox 134 4863 350 4912; baseline 0.009 -2"><span class='ocrx_word' id='word_1_473' title='bbox 134 4875 232 4912; x_wconf 82' lang='lat' dir='ltr'><strong>amarae</strong></span> <span class='ocrx_word' id='word_1_474' title='bbox 251 4863 350 4912; x_wconf 85' lang='lat' dir='ltr'><strong>corticis</strong></span> 
     </span>
    </p>
   </div>
   <div class='ocr_carea' id='block_1_8' title="bbox 0 0 1678 5498">
    <p class='ocr_par' dir='ltr' id='par_1_13' title="bbox 0 0 1678 5498">
     <span class='ocr_line' id='line_1_48' title="bbox 0 0 1678 5498; baseline 0 0"><span class='ocrx_word' id='word_1_475' title='bbox 0 0 1678 5498; x_wconf 95' lang='lat' dir='ltr'><strong> </strong></span> 
     </span>
    </p>
   </div>
  </div>
 </body>
</html>
