3346 5498
747 395 818 459 ARS
1220 400 1223 406 '
1387 395 1429 462 27

1239 518 1261 561 p.
1274 506 1404 549 Imm.

139 584 288 655 Euandri,
309 586 434 655 invenit,
458 590 490 644 ut
510 583 560 644 alii
583 584 698 654 dicunt,
722 585 900 646 Mercurius
915 619 951 630 -
968 586 1197 649 consonantium
1220 588 1296 648 duae
1317 590 1548 667 speciosarum

138 696 223 756 sunt,
253 689 321 765 quia
351 705 385 746 ex
415 688 485 766 ipsis
511 686 702 748 semivocales
729 689 802 748 liunt
830 695 859 747 et
881 696 994 749 mutae:
1023 688 1228 759 semivocales,
1253 692 1319 768 quia
1342 691 1430 750 semis

140 807 247 850 sonum
276 790 356 849 vocis
382 789 512 868 inplent:
543 797 641 849 mutae
664 809 733 850 vcro
756 808 814 852 non
837 797 958 858 sonant,
991 792 1046 850 uisi
1069 810 1084 850 a
1107 791 1201 852 vocali
1223 793 1358 870 spiritum
1380 810 1429 852 ac·

140 893 285 971 ceperint.
318 925 352 934 —
386 891 516 951 llarum
545 890 651 960 duae,
681 893 691 950 i
722 899 753 951 et
783 911 816 960 u,
850 900 1050 954 transeunt
1083 896 1119 953 iu
1147 895 1474 954 consonantiarum

115 1001 380 1071 spotestatem:
413 991 568 1074 liquando
595 1011 650 1072 pro
678 994 906 1055 consonantibus
935 1004 1087 1074 ponuntur
1110 1004 1139 1055 et
1168 997 1266 1056 iuvant
1289 996 1428 1056 vocalem.

141 1129 178 1139 -
203 1095 278 1155 Hae
307 1097 418 1155 etiam
446 1080 809 1165 mediac'dicuutur,
840 1099 923 1176 quia
952 1096 1169 1177 quibusdam
1197 1095 1476 1157 dictionibus14

140 1215 355 1277 expressum
384 1215 511 1258 sonum
539 1216 612 1257 uon
640 1196 788 1258 habeut:
813 1199 941 1269 mediae,
965 1201 1032 1276 quia
1055 1200 1100 1260 vel
1122 1201 1203 1278 ipsae
1226 1217 1280 1278 pro
1303 1217 1334 1259 se
1356 1199 1430 1259 inri-

140 1318 205 1361 cem
228 1307 389 1378 ponuntur,
413 1298 459 1359 vel
476 1300 544 1376 quia
567 1318 738 1378 expressum
762 1319 866 1361 sonum
890 1319 950 1361 uon
972 1300 1082 1361 babent
1103 1303 1135 1361 in
1158 1299 1304 1381 aliquibus
1326 1300 1429 1360 dictio-

139 1401 244 1469 nibus,
274 1410 306 1462 ut
333 1419 470 1462 maxume
496 1420 552 1480 pro
580 1403 714 1462 marimo.
748 1399 798 1486 [-
828 1402 968 1463 Mediae
997 1402 1190 1464 dicuntur:
1220 1402 1334 1463 mediae
1362 1401 1430 1463 ideo

105 1504 296 1573 rodicuntur,
320 1505 386 1580 quia
410 1512 440 1564 et
461 1503 575 1564 vocales
596 1512 666 1564 suut
689 1510 719 1563 et
739 1513 936 1565 consonantes
959 1512 989 1565 et
1010 1507 1040 1565 iu
1064 1504 1240 1582 quibusdam
1263 1503 1431 1565 nominibus

143 1607 146 1683 l
172 1625 233 1667 non
257 1613 370 1666 certum
393 1607 563 1685 exprimunt
584 1625 697 1677 sonum,
722 1608 740 1676 i,
763 1614 795 1666 ut
811 1608 863 1675 vir,
887 1606 975 1667 modo
997 1609 1008 1666 i
1030 1609 1223 1687 opprimitur;
1248 1626 1275 1676 u,
1298 1614 1331 1667 ut
1345 1613 1430 1685 optu-

141 1727 224 1778 mus,
253 1707 342 1770 modo
369 1726 388 1768 u
416 1707 515 1788 perdit
541 1726 654 1769 sonum.
687 1743 721 1752 -
754 1709 824 1769 let
846 1726 880 1768 u:
909 1708 946 1768 de
973 1709 1019 1769 his
1050 1708 1165 1769 duabus
1187 1708 1338 1770 vocalibus
1360 1708 1433 1769 haec
1448 1714 1478 1761 12

140 1812 218 1871 ratio
242 1819 299 1870 est:
328 1812 338 1869 i
366 1820 395 1870 et
421 1812 483 1888 ipsa
512 1809 621 1870 vocalis
650 1818 696 1871 est
723 1817 841 1889 etpost
863 1809 992 1870 vocalem
1016 1812 1104 1871 etiam
1127 1812 1222 1889 posita
1245 1829 1262 1864 s
1287 1829 1354 1871 cum
1378 1810 1433 1870 alia

141 1905 328 1973 consonante
349 1913 481 1991 ponitur,
505 1931 563 1972 uou
587 1930 642 1990 pro
665 1911 788 1981 duabus,
813 1915 889 1973 sicut
911 1911 943 1994 i]
961 1947 998 1955 —
1024 1911 1213 1973 luterdum
1236 1932 1301 1973 nec
1324 1919 1478 1972 voca-16

105 2014 189 2075 olis
211 2032 279 2074 uec
301 2032 509 2075 consonans
531 2013 705 2075 habetur:
730 2016 772 2075 sic
788 2017 926 2092 quoniam
944 2033 1011 2076 cnm
1026 2015 1182 2075 scribimus
1197 2033 1230 2093 q,
1253 2033 1313 2074 uon
1336 2021 1436 2093 potest

140 2119 199 2177 nisi
221 2135 241 2176 n
264 2117 360 2195 sequi,
390 2134 424 2176 ac
450 2134 505 2195 per
533 2117 590 2176 hoc
618 2116 706 2176 modo
736 2116 844 2177 vocalis
873 2116 1001 2196 perdidit
1023 2119 1053 2176 iu
1077 2124 1173 2177 metro
1195 2118 1252 2177 vim
1275 2135 1369 2176 suam.
1396 2148 1430 2158 -

140 2219 183 2279 Et
205 2216 367 2297 aliquam
383 2218 545 2278 vocalem
568 2220 836 2288 constituitur,
854 2229 891 2278 ut
912 2220 1084 2298 quoniam
1108 2217 1269 2297 quidem:
1294 2217 1478 2297 quoniamta

140 2328 192 2379 aut
222 2338 262 2399 qu
295 2326 380 2380 sonat
411 2327 461 2380 aut
488 2339 519 2389 o,
548 2321 667 2395 quidem
695 2329 745 2381 aut
773 2341 810 2401 qu
840 2327 889 2380 aut
917 2322 935 2380 i.
963 2355 997 2364 -
1025 2318 1058 2400 [u
1080 2317 1207 2399 scilicet]
1231 2320 1324 2380 Huic
1345 2321 1480 2379 itemts

141 2421 353 2500 digammon
376 2420 542 2481 adscribi
564 2422 676 2482 solet:
700 2422 749 2483 alii
771 2425 813 2483 sic
836 2422 938 2483 volunt
953 2440 1017 2483 esse
1033 2421 1211 2500 digammon,
1234 2423 1265 2481 iu
1287 2421 1435 2498 geminata

103 2540 161 2585 sou
184 2541 320 2602 gammae
342 2522 418 2584 duae
440 2541 564 2602 graecae
592 2523 709 2585 litterae
731 2531 883 2605 ponuntur
897 2524 953 2585 boc
976 2524 1078 2594 modo,
1103 2532 1132 2584 ut
1148 2541 1208 2584 nou
1223 2523 1435 2601 intellegantur

141 2633 298 2706 separatae
325 2624 377 2687 sed
405 2627 537 2693 iunctae,
566 2644 603 2686 ne
630 2626 735 2704 uulgus
763 2626 907 2687 dicamus:
939 2631 945 2701 Ι
976 2626 1032 2688 boc
1060 2626 1097 2687 ab
1125 2624 1250 2688 Aeolicis
1277 2625 1431 2705 processit

144 2762 180 2772 -
205 2727 292 2788 Nam
314 2728 324 2786 i
347 2727 514 2787 litteram
538 2730 720 2805 geminari
743 2729 778 2789 iu
801 2748 874 2790 una
897 2728 1041 2810 syllaba
1064 2747 1172 2808 posse
1194 2727 1349 2807 plurimi
1371 2738 1481 2787 ιιι-19

140 2837 248 2909 gant:
277 2828 392 2890 nullum
420 2831 499 2890 euim
528 2848 637 2890 nomen
665 2831 792 2890 inveniri
820 2839 932 2911 potest,
960 2831 1037 2909 quod
1066 2833 1095 2891 in
1120 2849 1178 2891 uua
1199 2828 1308 2909 syllaba
1332 2828 1435 2889 duasi

141 2931 260 2992 babeat.
288 2963 323 2974 -
348 2929 502 2991 Latinae
525 2929 686 2992 vocales:
721 2934 787 3011 quia
811 2931 972 2994 dichronae
995 2940 1078 3000 sunt;
1103 2930 1207 2992 breves
1229 2949 1305 3010 quae
1327 2931 1482 2991 luerintao

104 3031 259 3112 osingula
287 3039 422 3112 tempora
450 3031 575 3101 habeut,
604 3031 708 3111 longae
732 3033 809 3095 bina.
843 3069 876 3077 -
909 3038 1026 3112 Atque
1049 3034 1107 3094 bis
1129 3033 1222 3094 solis
1245 3033 1480 3111 adspirariat

142 3134 293 3214 quidam
322 3135 555 3194 existimant:
585 3133 793 3215 adspirationis
822 3143 921 3196 notam
951 3139 1103 3216 accipere,
1132 3135 1161 3194 id
1191 3143 1234 3195 est
1257 3136 1290 3204 b,
1315 3143 1347 3194 nt
1368 3141 1437 3213 post

142 3237 373 3317 adspirationem
400 3237 498 3297 statim
526 3238 636 3298 vocalis
663 3245 812 3317 sequatur.
845 3273 879 3282 -
913 3236 1009 3309 Quae
1031 3256 1097 3317 per
1119 3256 1155 3297 se
1179 3235 1324 3317 quidem
1346 3254 1436 3315 pro·

143 3339 337 3401 teruntur:
368 3336 473 3399 laisum
496 3345 548 3399 est.
593 3339 744 3417 protertur
766 3347 864 3399 autem
886 3358 977 3400 sonus
1005 3359 1020 3400 a
1050 3338 1200 3400 vocalibus
1228 3346 1257 3397 et
1284 3338 1383 3398 finitur
1405 3338 1436 3396 in

111 3450 116 3455 '
143 3440 324 3509 naturalem,
353 3440 382 3501 id
412 3446 456 3500 cst
482 3441 512 3501 iu
540 3442 695 3520 proprium
724 3460 838 3502 sonum.
872 3477 906 3485 -
936 3441 985 3502 Ex
1016 3442 1072 3502 bis
1101 3461 1169 3501 uua
1197 3438 1334 3519 duplex
1364 3446 1536 3514 esttass,1

107 3542 213 3603 ordeo
240 3539 352 3621 duplex
380 3540 503 3610 dicitur,
533 3544 602 3619 quia
629 3552 697 3621 post
723 3543 853 3604 vocalem
868 3545 968 3622 ‘posita
992 3563 1047 3623 pro
1069 3542 1182 3603 duabus
1204 3540 1437 3617 consonantibus

144 3644 221 3705 valet
250 3652 281 3704 et
307 3645 454 3723 positione
483 3663 546 3704 cam
576 3644 692 3723 longam
722 3645 800 3705 lacit.
846 3664 864 3704 ι
892 3647 921 3705 in
951 3647 1064 3724 graecis
1092 3644 1217 3724 simplex
1252 3652 1295 3704 est
1327 3642 1435 3711 littera,

145 3746 260 3807 Xerxes
283 3745 424 3806 Xanthus.
452 3780 487 3790 -
512 3745 654 3825 Liquidae
677 3746 744 3807 ideo
767 3747 876 3816 (lictae,
900 3749 968 3826 quia
990 3748 1157 3826 liquescunt
1178 3748 1208 3806 in
1231 3754 1327 3806 metro
1354 3744 1358 3824 Ι
1384 3744 1436 3805 ali-

145 3849 284 3925 quotiens
306 3856 336 3907 et
357 3857 492 3926 pereunt.
524 3867 591 3909 nam
616 3846 767 3928 [quotiens
783 3857 812 3908 et
833 3847 974 3928 pereunt]
991 3852 1127 3926 quotiens
1142 3867 1208 3909 cum
1225 3857 1305 3907 muta
1320 3848 1437 3907 iunctae

145 3951 272 4018 tuerint,
296 3957 362 4028 post
384 3973 404 4009 s
433 3950 562 4012 vocalem
591 3950 709 4028 longam
736 3951 850 4011 iaciunt
872 3960 901 4011 et
922 3950 1042 4022 urbem,
1072 3958 1105 4013 ut
1126 3949 1241 4019 Atrida,
1265 3968 1281 4009 a
1305 3967 1436 4010 commu·

215 4153 278 4205 Cod.
298 4153 376 4203 aem.
396 4155 432 4202 tv
450 4151 552 4207 6-7*.
623 4155 640 4205 5
666 4163 816 4220 potestatem
841 4157 900 4220 quia
922 4155 1074 4220 quibusdam
1097 4155 1248 4204 dictionibus
1272 4169 1436 4221 expraessum

145 4239 236 4274 sonum
261 4237 310 4273 nou
334 4223 427 4272 babent
450 4225 552 4283 quando
573 4240 620 4290 pro
639 4227 837 4277 consonantibus
861 4236 989 4292 ponuntur
1008 4235 1032 4275 et
1050 4227 1137 4276 iuuant
1161 4224 1274 4274 uocalem
1293 4223 1340 4273 hae
1363 4226 1437 4274 etiam

144 4293 246 4344 mediae
262 4293 379 4343 dicuntur
397 4294 496 4343 mediae
516 4296 575 4357 quia
592 4295 632 4344 uel
719 4294 798 4358 8qni
817 4311 985 4362 expraessum
1074 4296 1103 4345 ll
1132 4295 1265 4360 oprimitur
1288 4310 1303 4342 a
1325 4305 1351 4343 ut

146 4366 177 4415 ld
196 4365 348 4413 consonanti
421 4364 452 4413 15
471 4364 578 4415 babetur
594 4364 637 4415 hic
656 4365 773 4428 quoniam
787 4382 844 4416 cum
863 4367 999 4415 scribimus
1014 4383 1078 4430 quae
1094 4382 1142 4414 nou
1163 4373 1245 4431 potest
1265 4365 1312 4414 nisi
1325 4374 1352 4412 ut
1365 4365 1436 4425 sequi

218 4432 251 4485 18
269 4442 313 4482 aut
331 4448 379 4496 que
402 4443 533 4486 substant
552 4452 567 4486 o
584 4445 627 4485 aut
650 4451 698 4499 que
721 4446 764 4485 aut
788 4438 795 4484 i
865 4436 899 4485 20
919 4437 1006 4502 graeci
1077 4437 1108 4487 21
1129 4435 1177 4484 hoc
1196 4433 1334 4484 bubeolicis
1404 4436 1438 4485 24

143 4507 253 4556 dicrone
323 4505 357 4553 25
375 4504 469 4624 longae
538 4506 621 4570 adque
690 4506 725 4558 26
742 4505 922 4572 abspirationis
994 4503 1059 4570 post]
1079 4521 1124 4570 pro
1195 4507 1368 4566 assequutus

143 4576 178 4626 28
196 4577 224 4624 in
243 4573 353 4622 naturali
442 4575 625 4640 lpositiouem
641 4590 697 4625 eam
767 4576 801 4628 32
819 4590 907 4625 xerses
977 4575 1011 4627 33
1029 4591 1086 4625 cum
1101 4576 1261 4626 multocorr.
1280 4588 1336 4622 cum
1352 4583 1421 4622 muts

188 4779 191 4782 ·
217 4746 250 4797 13
270 4748 384 4794 lucarnam
401 4762 450 4811 qua
468 4749 601 4797 ulitterae
620 4748 839 4812 definitioearcidit
857 4749 966 4798 iudicavi
1034 4747 1068 4798 33
1085 4763 1142 4797 uam
1163 4747 1236 4797 toties
1254 4752 1361 4809 pereunt
1376 4747 1436 4796 Puta

141 4817 237 4867 πλέω.
258 4816 291 4865 de
309 4817 410 4880 liquidas
427 4815 473 4866 loc
487 4818 585 4866 uidetur
595 4821 756 4882 praecepisse
768 4821 952 4882 prouocatione,
969 4820 1124 4881 postpositas
1134 4818 1205 4865 tontis
1218 4817 1327 4867 vocalem
1340 4816 1439 4882 longam

139 4888 244 4949 sacae,
258 4893 285 4934 ut
295 4885 392 4946 urbem,
404 4888 561 4952 antepositos
572 4903 715 4938 communem
724 4889 846 4953 syllabam
854 4888 953 4951 fucere,
964 4896 991 4937 ut
1000 4888 1098 4940 Atrida.
1109 4900 1188 4952 quare
1198 4886 1312 4934 mennam
1321 4885 1437 4937 indicaui.
