3346 5498
596 391 667 454 ARS
696 391 858 452 Vl—-Vlll
881 395 899 450 2
1323 387 1381 450 43]

130 519 151 560 p.
165 506 221 546 rna.
235 507 260 543 1³
273 503 297 543 r.
1201 509 1222 550 p.
1236 498 1325 538 aas-ss
1338 495 1361 536 L.

104 585 155 646 sed
184 585 297 662 agentis
325 590 355 642 et
381 577 549 662 patientisl
579 582 703 641 sormam
731 579 959 659 amplectuntur.
1004 579 1082 638 unde
1110 585 1225 638 constat
1251 579 1386 640 universa

104 686 192 747 rerba
219 685 334 745 duobus
362 684 458 744 modis
484 682 641 743 declinari.
685 700 753 742 nam
781 689 886 743 neutra
914 688 945 741 et
966 683 1071 760 supina
1094 683 1273 751 activorum,
1296 681 1385 760 depo-

103 790 203 849 nentia
231 796 261 847 et
288 787 454 847 communia
482 787 667 863 passivorum
695 783 828 861 regulam
850 791 1000 843 secuntur.
1045 791 1113 843 sunt
1134 791 1291 862 practerea
1313 802 1385 845 neu·

103 892 280 970 tropassiva,
303 907 377 968 quae
400 890 431 948 in
453 890 616 967 praeterito
637 887 771 966 perlecto
793 893 824 945 et
852 886 1141 965 plusquamperfecto
1163 888 1270 964 passivi
1294 885 1385 946 dccli·

76 994 252 1057 santionem
279 991 404 1059 babent,
434 992 466 1050 in
492 989 560 1049 aliis
587 990 701 1057 neutri;
729 995 760 1047 et
786 995 856 1048 sunt
882 986 956 1047 baec
983 987 1059 1056 sola,
1089 988 1234 1049 secundae
1264 988 1384 1067 quidem

101 1095 318 1172 coniugatiouis
345 1092 439 1152 audeo
465 1091 579 1169 gaudeo
606 1089 701 1158 soleo,
731 1092 837 1150 tertiae
859 1096 957 1150 autem
981 1089 1039 1149 fido
1062 1097 1092 1149 et
1113 1091 1167 1159 lio,
1190 1097 1220 1150 et
1242 1091 1326 1169 siqua
1349 1109 1383 1149 ex

97 1197 147 1257 his
169 1201 394 1275 componuntur.
424 1202 544 1273 praeter
565 1192 638 1253 haec
659 1191 738 1252 nulla
754 1199 823 1253 sunt
843 1191 932 1261 buius
953 1190 1032 1250 modi
1056 1190 1262 1252 declinationis
1283 1191 1383 1252 verba.

101 1306 169 1359 sunt
190 1297 247 1358 alia
269 1298 490 1375 passivoneutra
518 1293 726 1374 superioribus
752 1295 915 1362 contraria,
939 1293 1012 1353 baec
1035 1292 1110 1362 sola,
1134 1295 1300 1373 comperior
1322 1312 1383 1354 me·

101 1418 169 1460 reor
192 1400 343 1459 devertor:
366 1399 487 1457 namin
509 1397 672 1475 praeterito
694 1398 827 1474 comperi
850 1397 945 1456 merui
969 1395 1099 1463 deverti,
1122 1396 1200 1455 sicut
1222 1397 1317 1456 activa
1340 1395 1384 1456 rcl

61 1523 88 1565 ιο
100 1510 220 1570 neutra,
242 1501 445 1579 proleruntur.
893 1559 898 1570 Ι

173 1575 325 1663 'Vniversa
338 1600 442 1664 ,rerba
469 1602 583 1680 primae
611 1602 842 1678 coniugationis,
878 1617 953 1678 quae
981 1600 1013 1658 in
1040 1598 1169 1659 secunda
1196 1617 1323 1678 persona
1353 1619 1384 1660 as

101 1704 210 1784 syllaba
240 1704 452 1771 terminantur,
486 1703 579 1762 activa
613 1703 674 1761 sire
707 1709 827 1769 neutra,
862 1701 1057 1780 praeteritum
1087 1700 1253 1779 perlectum
1280 1703 1310 1761 in
1338 1703 1383 1760 avi

100 1805 226 1885 syllabas
248 1807 396 1874 mittunt,
412 1811 445 1863 nt
470 1823 536 1865 amo
558 1805 667 1871 amavi,
696 1822 748 1863 aro
770 1805 866 1872 aravi,
889 1820 971 1862 armo
994 1803 1120 1871 armavi,
1144 1820 1233 1862 narro
1255 1806 1382 1872 narravi,

100 1915 185 1970 canto
213 1909 343 1974 cantavi,
372 1908 476 1983 navigo
503 1907 651 1981 navigavi,
675 1923 748 1983 paro
769 1906 886 1984 paravi,
916 1923 1002 1964 servo
1024 1906 1154 1973 servavi,
1177 1906 1310 1983 exeeptis
1331 1922 1383 1963 no-

60 2028 179 2080 savem,
203 2027 277 2090 quae
300 2010 332 2068 in
355 2010 385 2067 ui
407 2009 528 2067 mittunt
549 2009 760 2086 praeteritum,
788 2014 821 2065 ut
843 2024 912 2066 seco
934 2008 1030 2075 secui,
1061 2004 1148 2065 domo
1170 2006 1284 2074 domui,
1307 2007 1383 2067 lrioo

98 2115 202 2182 lricui,
233 2122 298 2171 veto
327 2111 421 2178 vetui,
450 2126 522 2169 sono
550 2111 653 2178 sonui,
687 2115 756 2168 tono
786 2110 883 2177 tonui,
913 2110 990 2168 mico
1016 2109 1123 2177 micui,
1151 2126 1241 2187 crepo
1268 2111 1382 2187 crepui,

97 2215 176 2294 plico
198 2213 304 2293 plicui,
328 2218 359 2271 et
380 2200 464 2289 siqua
486 2209 608 2270 adnexis
630 2209 902 2290 praepositionibus
923 2217 1149 2289 componuntur.
1185 2209 1263 2288 plico
1286 2218 1382 2272 tamen

100 2323 255 2395 utramque
278 2315 403 2373 lormam
426 2319 524 2371 servat
545 2313 577 2372 in
599 2315 779 2392 praeterito:
803 2330 871 2372 nam
886 2319 916 2372 et
930 2311 1037 2391 plicavi
1059 2319 1089 2371 et
1111 2311 1254 2391 explicavi
1270 2313 1382 2374 dictmn

98 2425 153 2478 est.
197 2423 336 2496 quattuor
357 2414 427 2473 huic
449 2412 569 2490 regulae
592 2415 796 2492 refragantur:
825 2433 893 2475 nam
916 2432 1012 2493 neque
1039 2416 1070 2474 in
1093 2410 1124 2474 ui
1152 2432 1247 2493 neque
1275 2416 1306 2474 in
1334 2417 1382 2476 avi

59 2540 85 2581 ao
98 2526 222 2587 exeunt,
246 2525 291 2578 sto
314 2516 398 2585 steti,
422 2515 459 2574 do
481 2515 564 2585 dedi,
588 2515 652 2576 lavo
673 2515 745 2585 lari,
768 2518 837 2576 iuvo
859 2518 930 2576 iuri.
974 2516 1026 2576 sed
1049 2516 1107 2576 duo
1128 2518 1293 2594 posteriora
1315 2518 1381 2596 dui·

97 2621 165 2681 darn
192 2618 397 2699 superioribus
424 2617 573 2695 applicant
599 2626 747 2679 errantes:
783 2637 851 2679 nam
878 2617 928 2678 illa
950 2620 981 2678 in
1002 2619 1167 2697 praeterito
1190 2636 1246 2678 una
1269 2617 1381 2697 syllaba

98 2730 250 2791 crescunt,
274 2721 347 2780 baec
371 2717 492 2779 totidem
515 2727 587 2798 quot
608 2721 639 2779 in
662 2722 813 2799 praesenti
834 2720 1039 2799 proferuntur.

182 2822 317 2885 Secunda
346 2822 529 2898 coniugatio,
557 2840 645 2899 quarn
672 2839 732 2882 non
760 2829 875 2882 tantum
902 2821 1029 2882 secunda
1052 2839 1193 2900 persona,
1217 2821 1380 2882 sedetiam

95 2928 193 3006 prima
220 2922 232 3004 {l
256 2923 343 2985 lacile
367 2922 513 2993 declarat,
536 2924 677 3002 quoniam
699 2926 798 2984 omnia
821 2923 910 2983 rerba
933 2941 1008 3002 quae
1030 2941 1066 2983 eo
1089 2922 1209 3002 syllabis
1230 2926 1261 2983 in
1283 2925 1379 3002 prima

57 3046 84 3090 as
96 3045 223 3109 persona
245 3028 403 3094 liniuntur,
427 3025 572 3085 secundae
588 3032 658 3085 sunt
672 3025 889 3102 coniugationis
910 3026 1043 3103 exceptis
1064 3032 1216 3104 quattuor,
1240 3043 1298 3084 uno
1320 3033 1378 3085 ter·

97 3133 156 3191 tiae
179 3129 397 3205 coniugationis
419 3127 593 3206 productae,
608 3136 653 3186 'eo
674 3129 715 3195 is,
740 3133 770 3185 et
792 3128 875 3205 siqua
897 3144 933 3185 er
950 3122 954 3205 Ι
971 3144 1006 3185 eo
1029 3129 1191 3206 composita
1206 3128 1377 3204 figurantur,

96 3239 126 3292 et
148 3230 245 3291 tribus
267 3231 390 3308 primae,
413 3246 483 3288 creo
505 3246 599 3297 creas,
622 3246 689 3288 meo
703 3245 798 3296 meas,
816 3227 872 3286 beo
888 3227 973 3297 beas,
997 3231 1192 3307 praeteritum
1213 3230 1379 3308 perlectum

96 3335 127 3393 in
149 3332 203 3392 bas
231 3329 358 3410 syllabas
384 3331 492 3398 nrittit,
524 3332 554 3388 in
578 3332 608 3389 ui
631 3335 811 3390 consonante
834 3331 1019 3409 praeposita,
1042 3332 1073 3390 in
1096 3333 1124 3391 vi
1145 3339 1306 3410 praeeunte
1329 3350 1377 3392 vo·

182 3519 211 3569 ll
238 3518 356 3565 universa
375 3515 452 3564 verba
473 3515 568 3579 primae
586 3514 773 3582 coniugationis
791 3515 867 3566 Gbcr.
887 3515 949 3579 243,
965 3518 990 3566 4.
1009 3532 1067 3569 exc.
1087 3517 1161 3568 Odor.
1180 3517 1275 3579 sata
1345 3518 1377 3568 17
1404 3502 1406 3506 ⁴

95 3589 161 3655 plico
180 3596 263 3636 tamen
282 3588 363 3648 Biora.
382 3585 443 3646 372,
462 3585 494 3635 18
564 3585 597 3637 23
616 3586 728 3636 secunda
745 3585 891 3651 coniugatio
911 3585 987 3635 Odor.
1004 3585 1064 3646 243,
1085 3587 1126 3641 17.
1145 3602 1203 3641 exc.
1224 3587 1300 3641 Char.
1315 3587 1376 3652 564,

96 3658 129 3710 19
197 3658 232 3707 24
249 3657 334 3705 omnia
351 3656 426 3705 verba
444 3669 508 3717 quae
525 3669 554 3705 eo
573 3655 678 3722 syllabis
697 3669 756 3708 exc.
770 3654 846 3706 caer.
865 3654 926 3719 565,
943 3654 978 3707 39

165 3828 178 3879 l
200 3827 307 3877 formam
321 3826 506 3892 amplectuutur
517 3827 552 3894 sp
570 3828 651 3878 lorma
668 3828 809 3892 plectuntur
824 3827 849 3876 P
863 3824 944 3876 larma
962 3828 1095 3878 lleetnntur
1113 3827 1137 3876 F
1151 3827 1259 3878 lormam
1272 3828 1376 3879 llsetun·

95 3907 135 3948 tur
152 3910 177 3954 ς·
239 3898 365 3963 ’ὶευρίιιιι
379 3913 424 3946 orn.
443 3896 467 3944 P
551 3898 778 3962 3neutropasslua
796 3911 813 3954 ς
831 3898 1026 3962 neutrapassiua
1043 3898 1096 3947 PF
1180 3896 1376 3964 8passiu0rum

95 3978 182 4017 neutra
196 3968 221 4016 F
237 3969 342 4032 passius
360 3976 484 4020 neutras·
571 3967 779 4032 superioribus
792 3966 918 4032 superiori
937 3967 1011 4025 PFs
1100 3965 1132 4018 10
1151 3966 1321 4031 proteruntur.
1344 3985 1376 4020 or

95 4053 252 4088 rnarrrnrro
276 4051 405 4087 rrrrroro
428 4050 523 4087 aarum
548 4051 738 4088 coumaarroars
764 4036 886 4087 Uniuersa
903 4035 958 4085 PF
1043 4036 1075 4087 15
1094 4045 1119 4086 et
1136 4051 1194 4086 seco
1213 4039 1282 4088 secui
1301 4040 1376 4090 modo

94 4107 181 4156 modui
201 4107 264 4156 lrieo
282 4105 356 4155 lricui
375 4115 432 4156 ueto
452 4105 477 4153 P
497 4116 523 4154 nt
544 4121 601 4156 seen
624 4107 694 4157 secui
713 4117 770 4157 ueto
789 4108 826 4156 F:
845 4115 873 4156 nt
894 4119 952 4156 seeo
970 4107 1039 4156 secui
1057 4122 1120 4157 neco
1138 4108 1211 4156 necui
1232 4116 1289 4157 ueto
1307 4111 1376 4159 ualui

93 4203 127 4213 -
147 4176 211 4240 plico
230 4177 306 4242 plicui
322 4177 397 4226 domo
416 4176 502 4225 domui
519 4175 583 4225 lrico
602 4175 707 4232 lricuis
778 4175 810 4226 17
827 4175 928 4241 explico
947 4183 1066 4233 manens
1136 4176 1169 4227 18
1187 4192 1245 4227 uam
1264 4180 1375 4246 explicui

94 4254 119 4295 et
134 4244 261 4310 explicaui
278 4246 325 4302 Ἐς
397 4244 429 4296 19
442 4244 623 4311 relraugnutur
637 4247 660 4296 P
713 4260 771 4294 nam
788 4246 910 4310 usquein
929 4247 955 4295 ui
973 4261 1055 4310 nsque
1072 4247 1098 4296 in
1114 4248 1157 4296 aui
1171 4257 1265 4297 exeunt
1282 4262 1299 4305 ς
1318 4264 1375 4298 nam

94 4329 176 4377 neque
193 4318 314 4378 (namque
333 4315 367 4376 P)
387 4315 413 4363 iu
427 4314 452 4363 ni
472 4324 565 4365 exeunt
582 4315 636 4364 PF
719 4316 752 4365 22
770 4315 934 4380 proleruntnr
948 4331 981 4366 os
999 4331 1110 4367 secunus
1127 4332 1311 4369 casruaarrorus
1330 4318 1374 4367 Se-

93 4383 175 4434 cunda
190 4384 215 4433 F
300 4385 333 4434 24
351 4381 480 4450 qnoniam]
498 4384 566 4449 quod
583 4387 608 4435 P
692 4384 725 4435 25
745 4387 858 4452 exceptis
881 4394 989 4447 quatuor
1006 4401 1056 4436 uno
1075 4387 1164 4436 tertiae
1181 4386 1313 4436 Patscba‘us
1329 4401 1374 4435 ex-

93 4453 174 4520 ceptis
192 4453 272 4503 tribus
289 4469 339 4504 uno
352 4455 440 4503 tertiae
453 4454 507 4504 PF
518 4454 631 4519 exceptis
646 4454 745 4505 duobus
760 4456 849 4505 tertiae
864 4454 883 4518 s
892 4456 1005 4521 exceptis
1019 4463 1126 4518 quatuor
1143 4470 1193 4506 nna
1212 4457 1300 4506 tertiae
1315 4471 1374 4505 cou-

95 4523 233 4589 ingationis
250 4537 295 4576 om.
309 4537 326 4580 ς
373 4522 408 4573 26
427 4538 455 4573 eo
471 4524 493 4572 is
506 4525 560 4574 PF
574 4539 604 4573 eo
623 4524 646 4574 is
663 4539 729 4588 queo
747 4524 833 4589 qniss
878 4525 912 4574 27
926 4534 950 4574 at
965 4525 1045 4576 tribus
1061 4526 1080 4588 s
1091 4524 1223 4576 Patscda‘ua
1237 4533 1262 4574 et
1277 4525 1375 4575 dnobus

93 4593 168 4649 Pa‘s
252 4602 276 4642 et
293 4593 339 4642 beo
358 4593 418 4642 beas
436 4593 594 4643 Psimiliter
611 4602 636 4643 et
654 4594 701 4644 beo
720 4607 783 4649 ass
860 4592 895 4643 28
918 4595 944 4643 in
968 4593 1015 4646 bas
1038 4593 1148 4659 syllabas
1172 4595 1272 4644 mittunt
1297 4595 1323 4643 iu
1348 4596 1374 4644 ui

92 4670 215 4728 praeeunt
237 4671 262 4711 et
283 4662 362 4713 uocali
382 4664 443 4728 paui
462 4664 518 4712 caui
535 4665 560 4712 in
578 4664 602 4714 si
621 4671 645 4713 et
665 4665 693 4713 xi
711 4663 736 4711 P
751 4663 778 4712 iu
795 4679 825 4714 as
842 4663 945 4713 mittunt
962 4665 988 4714 in
1011 4665 1037 4715 ui
1066 4672 1218 4717 consonante
1244 4665 1376 4728 preposita

92 4743 199 4799 preeunt
212 4732 296 4781 uocali
312 4734 372 4797 paui
387 4734 461 4799 pacui
476 4735 503 4781 in
521 4734 544 4782 si
562 4742 586 4783 et
602 4734 630 4782 xi
645 4735 670 4783 F
679 4735 705 4783 iu
719 4732 766 4782 bas
781 4732 891 4799 syllabas
905 4734 1005 4786 mittunt
1016 4734 1132 4786 uidelicet
1146 4736 1170 4784 iu
1186 4734 1212 4783 ui
1229 4735 1374 4800 praeposita

92 4811 248 4852 consonante
266 4802 291 4850 in
311 4803 337 4851 ui
354 4813 490 4867 praeeunte
509 4802 591 4852 uocali
608 4818 689 4867 pauca
708 4805 733 4853 in
752 4803 775 4852 si
792 4811 817 4852 et
833 4804 894 4870 xia
912 4804 988 4854 mittit
1004 4806 1030 4857 iu
1049 4805 1077 4856 ui
1095 4813 1248 4855 consonante
1266 4818 1373 4874 praepo·

93 4873 142 4924 sita
160 4880 296 4937 praeeunte
312 4873 394 4923 nocall
411 4889 493 4939 panso
511 4873 572 4939 paui
586 4887 663 4924 cauea
682 4873 738 4925 caui
757 4873 782 4922 in
798 4874 826 4923 xi
839 4881 865 4924 et
880 4875 907 4925 iu
926 4875 949 4925 si
964 4887 982 4936 ς
