3346 5498
770 340 840 401 ms
1186 423 1190 431 Ι
1386 345 1449 410 aes

1256 465 1277 504 p·
1292 454 1424 495 solutor.

162 546 294 595 memno,
324 546 391 587 cnm
419 528 461 588 illi
491 528 590 589 dicant
619 522 705 588 λέων
726 522 873 591 Πλάτων
891 523 1113 608 Ἀγαμέμνων.
1158 533 1195 592 do
1218 532 1273 593 hoe
1296 534 1382 594 modo
1405 545 1449 595 est

163 631 276 690 Aeneas
304 630 404 690 Nicias
432 630 535 691 lllclas:
565 626 701 712 dicilmus
728 633 808 691 enim
835 652 888 692 nos
916 634 1014 693 henna
1037 633 1121 694 Nicia
1144 634 1233 702 bleta:
1264 644 1352 714 atque
1382 636 1449 696 ideo

162 733 288 793 tacimus
310 735 472 810 genitivum
495 733 610 793 Aeneae
633 732 736 793 Niciae
763 731 870 803 hlelae,
900 737 977 794 sicut
1000 735 1094 795 Pansa
1116 737 1238 797 Pansae.
1284 737 1336 796 sed
1359 740 1389 796 in
1413 757 1448 798 co

162 836 240 914 quod
268 835 395 895 dicimus
417 835 530 895 deneas
558 835 652 897 Pallas
682 839 894 896 nominativum
922 854 1062 914 graecum
1091 857 1149 898 non
1179 847 1341 904 irrrrtamus,
1370 840 1448 919 qnod

137 937 220 997 thoe
243 938 378 1016 exemplo
406 937 587 998 consuetudo
616 937 754 998 obtinuit.
798 948 919 1017 praeter
946 939 1019 999 haee
1041 948 1111 1000 simt
1132 941 1223 1001 multa
1247 960 1374 1019 qnorum
1396 961 1448 1002 no·

162 1042 334 1101 minaticum
364 1058 505 1117 graecum
533 1059 591 1099 non
614 1047 777 1110 mutarum,
801 1047 952 1102 ettamen
974 1042 1064 1102 latine
1088 1042 1286 1111 declinamus,
1310 1053 1342 1103 nt
1365 1043 1449 1105 Paris

161 1145 239 1202 sicut
262 1144 337 1202 cinis
360 1142 450 1221 lapiS,
479 1141 560 1201 Musa
588 1144 665 1202 sieut
693 1141 803 1214 Pausa,
833 1144 974 1205 Chremes
996 1147 1073 1203 sicut
1096 1144 1205 1222 proles.
1249 1145 1301 1204 sed
1325 1148 1451 1207 interest

162 1247 240 1305 inter
263 1263 295 1304 se
317 1244 456 1313 mnltum,
480 1251 580 1304 utrum
603 1243 652 1303 ille
674 1247 871 1305 nominativus
886 1263 1011 1323 graecus
1035 1265 1093 1305 non
1115 1253 1261 1316 mutetur,
1284 1249 1335 1325 qui
1356 1247 1449 1308 latino

161 1347 267 1407 similis
290 1354 348 1414 est,
373 1364 413 1407 un
436 1349 487 1407 ille
508 1349 562 1421 qui
581 1349 686 1407 similes
707 1365 767 1408 non
788 1355 840 1408 est.
876 1360 1008 1408 ceterum
1031 1350 1056 1408 si
1079 1348 1128 1408 ille
1151 1368 1210 1409 non
1233 1357 1373 1417 mutetur,
1397 1353 1447 1430 qni

126 1467 150 1506 ιο
164 1450 248 1510 latini
271 1448 498 1509 similitudinem
523 1449 630 1517 attulit,
655 1449 826 1509 tantundem
849 1460 908 1520 est,
932 1453 1017 1530 qnasi
1041 1457 1169 1511 mritatus
1192 1454 1246 1520 sit,
1270 1462 1358 1530 atque
1381 1453 1449 1512 ideo

161 1553 230 1612 lacit.
253 1551 338 1611 Paris
361 1550 491 1620 Paridis,
523 1569 580 1610 non
603 1550 740 1620 ParidoS,
771 1536 901 1613 uicinis
929 1555 1056 1621 cineris,
1087 1561 1116 1612 et
1137 1552 1289 1622 Paridem,
1312 1561 1345 1613 nt
1367 1557 1447 1614 cine-

161 1673 240 1722 rem,
264 1672 322 1713 non
345 1652 466 1721 Parida;
495 1660 526 1711 et
547 1652 628 1713 llusa
656 1652 772 1722 Musae,
801 1673 859 1714 non
889 1654 996 1714 lluses.
1042 1654 1093 1714 uhi
1117 1657 1197 1714 enim
1219 1655 1381 1716 similitudo
1403 1665 1448 1716 est

160 1765 278 1817 nostrae
302 1756 438 1833 regulae,
468 1764 568 1815 nostra
598 1757 682 1834 sequi
706 1758 914 1835 potiusquam
938 1760 1097 1836 peregrina
1120 1756 1273 1816 dehemus.
1318 1757 1447 1838 deniqne

161 1858 325 1926 interdum,
354 1876 422 1917 cum
450 1857 539 1918 huius
567 1858 646 1917 modi
674 1860 847 1918 nominativi
875 1859 1024 1928 incidunt,
1053 1879 1069 1919 a
1098 1859 1247 1938 plerisque
1276 1859 1448 1921 auctoribus

123 1977 148 2016 15
161 1961 304 2042 quaedam
328 1979 362 2019 cx
386 1960 433 2019 his
456 1959 566 2038 duplici
590 1959 675 2020 modo
698 1959 898 2030 declinantur,
923 1968 952 2020 et
974 1968 1123 2039 tamquam
1146 1961 1182 2022 ad
1205 1980 1341 2038 graecam
1364 1964 1447 2022 simi·

159 2064 315 2124 titudinem
344 2071 373 2121 et
402 2071 550 2141 tamquam
578 2061 613 2121 ad
643 2062 777 2130 latinam,
808 2070 839 2121 ut
866 2062 992 2122 ‘iubeo
1020 2062 1269 2123 Chremetem'
1293 2072 1322 2122 et
1345 2073 1448 2142 postea

159 2169 286 2225 ‘ctiam
310 2183 466 2243 puerum
488 2164 572 2224 indo
595 2163 728 2224 abiens
750 2166 908 2224 conveni
933 2164 1108 2225 Chremi'.
1144 2172 1230 2244 atque
1254 2166 1447 2226 haecomnia

159 2271 198 2328 ita
222 2268 299 2327 dicta
323 2273 404 2334 sunt,
429 2273 462 2325 nt
483 2268 611 2325 sciamus
633 2268 758 2326 maxime
781 2266 958 2344 euphoniam
980 2267 1171 2346 sequendam.
1203 2277 1323 2329 nantel
1346 2271 1375 2328 in
1399 2268 1447 2329 his

159 2368 327 2430 nominihus
349 2388 424 2447 qnae
448 2367 677 2428 declinationem
699 2368 820 2429 latinam
842 2370 990 2447 recipiunt
1013 2370 1186 2449 plerumque
1209 2378 1313 2450 poetae
1329 2371 1447 2450 aliquos

121 2489 245 2532 occasus
273 2470 331 2529 sibi
363 2470 489 2548 eligunt,
519 2478 548 2529 et
576 2472 702 2530 maxime
730 2473 945 2540 accusativum,
975 2490 1049 2551 qnos
1077 2489 1182 2549 graece
1212 2472 1348 2540 ellcmnt,
1378 2491 1445 2532 cum

158 2574 232 2635 alios
255 2573 416 2632 eorundem
440 2574 591 2632 nominum
606 2591 693 2633 casus
709 2575 864 2634 enuntiare
880 2591 988 2650 gracco
1003 2574 1202 2634 declinatione
1225 2593 1284 2634 non
1307 2574 1445 2643 audeant,

159 2677 237 2735 velut
259 2674 369 2733 ‘Tros
397 2674 620 2734 liutulosve'
644 2682 674 2734 et
702 2676 791 2735 ‘tris
813 2675 927 2736 Notus
950 2676 1149 2755 abreptas’
1172 2683 1201 2735 et
1224 2676 1328 2753 ‘quid
1351 2675 1445 2736 'lhe-

158 2798 217 2838 sea
240 2778 434 2853 rnagnnrn'.
480 2779 520 2836 ita
543 2779 633 2837 etiam
656 2778 692 2837 de
715 2777 774 2837 illis
802 2778 974 2838 nominihus
996 2797 1071 2856 quae
1093 2796 1218 2855 graecae
1241 2778 1353 2838 lormae
1376 2797 1444 2857 pro·

158 2888 224 2958 pter
254 2879 391 2955 regulam,
416 2879 532 2938 addicta
561 2888 643 2947 sunt,
674 2881 698 2938 si
727 2879 757 2939 id
785 2878 982 2940 tolerabiliter
1011 2880 1074 2939 heri
1106 2881 1251 2958 potnerit,
1281 2879 1444 2958 usurpandi

120 2998 145 3037 2⁵
158 2989 228 3041 sunt
250 2981 300 3042 alii
324 3000 409 3040 rasus
431 2980 539 3041 latinae
555 2980 763 3042 declinationis
778 2981 879 3050 modo,
904 2983 1031 3041 maxime
1046 2984 1210 3058 genitivus,
1235 2987 1267 3040 ut
1288 2983 1314 3040 si
1337 2981 1444 3060 aliquis

157 3085 278 3162 paeonis
305 3085 404 3162 potins
431 3101 518 3162 quam
547 3101 675 3159 paeanos
703 3082 791 3142 dicat.
835 3082 914 3161 quod
936 3082 992 3142 hoc
1020 3085 1174 3160 inpensius
1197 3081 1364 3142 laciendum
1387 3091 1443 3152 cst,

158 3185 251 3266 equod,
275 3185 327 3245 uhi
351 3186 456 3245 decora
480 3185 567 3245 datur
589 3186 719 3253 occasio,
743 3187 854 3244 nostris
876 3186 919 3244 uti
942 3183 1100 3253 debemus,
1124 3203 1181 3244 uon
1205 3184 1300 3245 aliena
1322 3187 1441 3244 sectari.

701 3353 750 3414 DE
772 3353 897 3414 VERB⁰

243 3475 370 3535 Vcrlmm
394 3482 529 3553 estpars
552 3475 695 3533 orationis
717 3474 826 3533 laetum
849 3473 966 3552 aliquod
989 3471 1158 3533 habitumve
1182 3475 1353 3551 significans
1376 3493 1441 3534 cum

120 3586 290 3657 actempore
314 3586 343 3636 et
365 3595 491 3656 persona
520 3577 584 3635 sine
614 3594 693 3635 casu.
738 3577 849 3636 laetum
876 3575 954 3654 quod
977 3577 1161 3652 significatur
1184 3578 1298 3653 agentis
1320 3582 1371 3635 mrt
1392 3595 1442 3656 pa·

158 3715 459 3724 ..-..-——-——---———

232 3783 414 3830 lhcncas-
434 3782 569 3828 Aenca—
587 3781 749 3830 heneneonr.
771 3779 804 3827 M
860 3779 988 3832 nieessh
1041 3779 1153 3828 uicenL
1223 3788 1298 3842 etque
1316 3805 1347 3814 -
1364 3781 1444 3830 hletae

157 3869 202 3900 om.
223 3853 247 3901 L
317 3849 333 3901 3
351 3850 398 3899 sed
417 3851 441 3898 in
462 3866 491 3898 eo
510 3850 578 3913 qnod
596 3849 704 3898 dicimus
723 3863 817 3898 aeneae
833 3851 857 3898 L
874 3849 960 3898 sedin
982 3864 1011 3898 eo
1027 3864 1102 3913 quam
1118 3849 1225 3898 dicimus
1242 3864 1335 3899 aeneas
1350 3850 1376 3899 B
1397 3853 1443 3901 sed

158 3936 215 3969 cum
229 3922 336 3970 dicimus
355 3934 447 3968 aeneas
462 3920 493 3967 M
575 3918 753 3983 {texemplum
772 3918 828 3968 BL
914 3920 1083 3968 nominetiuos
1101 3917 1158 3982 (us
1173 3915 1210 3981 L)
1230 3920 1255 3968 iu
1277 3934 1369 3984 graeco
1388 3921 1442 3971 BL

158 3991 366 4039 nominetiuosin
385 4005 478 4056 graeca
497 3989 529 4037 M
598 3990 731 4038 ieremes
747 3989 808 4038 ML
878 3990 923 4038 sed
940 3990 1006 4038 inter
1024 4005 1052 4038 se
1073 3989 1180 4038 multum
1199 3990 1293 4039 distant
1308 3998 1392 4039 utrum
1412 3989 1445 4038 M

225 4061 241 4110 8
261 4070 369 4108 coutetur
388 4060 430 4122 qui
451 4059 527 4108 latino
551 4060 644 4108 similis
663 4074 712 4108 nou
733 4057 795 4123 (non
812 4077 860 4112 oms
879 4059 922 4118 M)
939 4068 977 4108 est
995 4066 1104 4108 ceterum
1121 4053 1187 4108 BM
1194 4059 1217 4106 L
1288 4059 1321 4109 10
1337 4068 1376 4110 est
1393 4075 1439 4112 orn.

156 4131 213 4178 BL
285 4131 316 4179 1·2
335 4145 383 4178 non
403 4145 505 4193 mnsays
525 4130 557 4179 M
626 4130 658 4180 15
672 4122 796 4180 clinantur
808 4129 841 4178 M
910 4130 942 4180 lo
960 4139 1050 4179 ettam
1066 4128 1098 4178 ad
1115 4143 1232 4194 graecum
1251 4129 1442 4179 similitudinem

157 4215 232 4263 qnam
251 4200 282 4247 ad
303 4199 405 4249 latinam
426 4198 456 4246 Μ
524 4201 555 4247 ad
572 4201 716 4260 posteriore
734 4196 848 4250 loco'orn.
863 4199 918 4250 BL
989 4209 1015 4247 ut
1033 4199 1107 4248 iubeo
1131 4208 1264 4248 cremetem
1281 4198 1314 4246 Μ
1334 4207 1361 4248 ιιι
1379 4199 1441 4248 hoec

157 4278 307 4318 crementem
327 4270 364 4317 L:
384 4269 484 4318 Terent.
501 4269 585 4317 Andr.
605 4270 638 4317 lll
657 4270 682 4328 3,
703 4270 717 4319 l
806 4270 838 4319 17
858 4269 934 4319 etiam
953 4284 1058 4333 puerum
1073 4268 1185 4318 deobens
1203 4268 1307 4318 hicremi
1326 4270 1351 4319 L
1367 4270 1441 4318 etium

157 4355 264 4405 puerum
283 4355 299 4386 o
320 4340 375 4388 loro
393 4339 480 4386 abiens
503 4339 610 4387 conueui
629 4349 753 4389 eremeten
773 4337 805 4386 M
809 4355 816 4386 t
838 4337 939 4391 Terent.
958 4338 1040 4391 Andr.
1057 4338 1079 4386 ll
1093 4339 1121 4398 2,
1141 4338 1173 4389 31
1245 4335 1361 4402 conuecti]
1384 4353 1440 4386 eum

157 4412 215 4458 nem
235 4411 259 4459 B
328 4408 587 4458 ChrcmisPutscdiue
656 4419 731 4472 atque
748 4424 795 4460 om.
811 4406 844 4457 Μ
912 4408 945 4458 19
961 4407 1167 4457 clinationemM
1234 4405 1269 4456 20
1281 4407 1440 4457 aecusatiuos

157 4480 221 4528 ΒΜ
238 4479 299 4528 affc‘s
319 4480 343 4528 L
431 4479 517 4543 graeci
535 4476 646 4526 ecferunt
664 4479 697 4529 Μ
764 4480 797 4529 21
816 4478 949 4528 clinatione
968 4476 1000 4527 M
1068 4478 1103 4526 22
1122 4476 1192 4526 uelut
1210 4475 1295 4526 herois
1312 4476 1441 4526 rutulosue

157 4551 256 4610 (udser.
274 4551 299 4596 in
318 4565 396 4611 rnorq.
413 4591 418 4600 .
438 4587 444 4599 .
464 4549 553 4608 cnoos)
573 4547 603 4597 M
621 4550 690 4598 tielut
704 4549 765 4598 itros
781 4549 905 4598 rutulisne
923 4548 958 4595 L:
983 4550 1062 4612 Verp.
1076 4546 1142 4600 Aen.
1160 4545 1185 4595 X
1204 4545 1254 4596 los
1323 4556 1374 4594 nes
1392 4546 1440 4596 M:

161 4620 241 4683 Verq.
256 4618 322 4673 alen,
343 4621 351 4667 l
371 4618 420 4669 10&
490 4616 582 4667 nothus
603 4618 696 4669 BML
766 4617 826 4680 quid
844 4626 914 4666 tesee
935 4617 968 4666 M
990 4619 1050 4681 quid
1076 4626 1157 4667 testeo
1176 4615 1201 4665 B
1224 4614 1284 4676 quid
1302 4613 1379 4664 besee
1398 4616 1437 4665 L:

162 4690 449 4754 Verq.Aen.V11?2
519 4689 552 4736 ⁶25
570 4688 788 4738 clinatiouisML
857 4686 890 4738 to
909 4689 977 4737 dieat
990 4686 1038 4736 hoc
1052 4687 1192 4752 impensius
1210 4684 1319 4734 Bdieat
1336 4685 1381 4734 sed
1400 4685 1438 4734 in-

158 4763 262 4825 pensius
281 4759 312 4806 M
363 4760 395 4807 tt
416 4760 499 4807 decori
513 4758 545 4806 M
597 4761 690 4809 nostris
707 4759 758 4816 uti;
776 4772 825 4807 non
845 4756 945 4821 (utique
961 4771 1011 4807 non
1028 4757 1094 4817 BLl
1115 4757 1236 4805 debemus
1252 4752 1334 4802 aliena
1346 4753 1409 4804 BM
1414 4756 1437 4804 L

226 4830 260 4880 30
273 4828 365 4878 lactum
383 4829 450 4892 qood
465 4826 630 4894 significatur]
646 4829 704 4892 quia
721 4829 813 4878 lactum
827 4826 932 4891 aliquod
946 4828 1074 4894 signifieat
1089 4827 1130 4877 M.
1146 4826 1178 4874 de
1189 4826 1368 4890 siqnilieatione
1381 4841 1437 4875 oer-
