3346 5498
760 352 831 413 ARS
1379 349 1440 415 537

1250 471 1271 512 p.
1286 461 1342 499 rem.
1355 461 1378 500 vr
1394 443 1420 499 r?

152 539 230 618 quod
258 547 304 598 est
331 539 430 599 decor.
461 539 637 617 producitur
664 545 763 598 autem
790 539 920 607 decoris,
954 557 1013 617 quo
1041 539 1128 598 modo
1155 538 1278 598 honoris
1305 539 1443 599 candoris

152 624 271 684 coloris.

238 708 363 768 Nomina
392 727 466 787 quae
495 709 583 769 linem
614 710 782 785 significant
805 727 863 769 non
886 708 1107 778 diminuuntur,
1132 716 1164 768 ut
1187 711 1250 787 ipsc
1272 709 1354 778 linis,
1383 727 1441 769 non

153 794 280 854 dicimus
302 793 454 863 smiculus;
478 794 605 854 dicimus
620 795 810 862 novissimus
834 812 892 854 non
916 794 1043 853 dicimus
1065 794 1292 863 novissimulus;
1316 794 1443 854 dicimus

127 887 319 946 cernemus,
348 897 405 937 non
434 878 560 938 dicimus
588 880 784 948 extremulus;
814 879 941 938 dicimus
969 878 1106 946 ultimus,
1136 898 1195 938 non
1224 879 1352 938 dicimus
1373 879 1441 939 ulti·

153 963 259 1023 mulus.
304 970 334 1021 et
356 965 489 1032 ratione,
518 965 586 1043 quia
615 966 745 1042 quaein
773 966 830 1023 linc
854 972 922 1023 sunt
952 982 1011 1023 uon
1040 962 1149 1023 hahent
1178 982 1237 1042 quo
1259 966 1441 1023 minuantur.

238 1048 314 1108 Sunt
342 1050 461 1108 nomina
489 1051 521 1109 io
544 1048 687 1126 singulari
711 1067 835 1109 numero
857 1051 957 1109 neutri
980 1051 1113 1125 generis,
1144 1051 1174 1108 in
1197 1047 1304 1127 plurali
1326 1066 1442 1108 mascu-

152 1134 220 1202 lini,
244 1133 301 1192 hoc
323 1132 437 1192 caelum
459 1132 490 1192 hi
514 1133 605 1204 caeli,
629 1151 687 1193 non
711 1133 809 1202 caela;
837 1151 896 1212 quo
923 1133 1011 1193 modo
1034 1141 1117 1203 sunt,
1147 1152 1221 1212 quae
1245 1135 1276 1192 in
1298 1132 1442 1210 singulari

154 1217 323 1286 masculini,
348 1220 379 1277 in
401 1217 510 1296 plurali
533 1220 647 1287 neutri,
672 1226 703 1277 ut
725 1218 774 1278 liic
797 1217 955 1288 Tartarus,
979 1221 1010 1278 in
1033 1218 1138 1297 plurali
1163 1218 1235 1277 lraec
1257 1217 1391 1277 Tartara.

116 1318 139 1354 1⁰
237 1303 363 1362 Nomina
391 1305 496 1363 tertiae
527 1302 734 1364 declinationis
762 1322 837 1382 quac
865 1306 896 1364 in
919 1322 937 1363 o
959 1311 1069 1364 exeunt
1096 1304 1277 1363 nominativo
1299 1302 1442 1379 singulari

153 1390 271 1466 generis
294 1394 362 1447 suut
384 1388 531 1457 leminini,
556 1390 689 1468 exceptis
712 1391 815 1467 paucis
836 1389 993 1449 masculini
1015 1391 1145 1466 generis,
1169 1406 1295 1467 quorum
1318 1405 1443 1447 numero

153 1482 222 1532 suot
244 1472 318 1532 ordo
341 1471 415 1549 ligo,
439 1481 469 1533 ct
491 1475 529 1533 iis
551 1493 625 1553 quae
648 1475 814 1533 communis
836 1475 956 1551 generis
976 1481 1060 1543 sunt,
1091 1481 1122 1532 ut
1144 1472 1231 1533 homo
1254 1490 1341 1532 nemo
1364 1471 1443 1531 bubo

153 1565 183 1616 ct
206 1575 321 1634 mango.
367 1576 433 1618 nam
466 1565 565 1618 cetera
593 1559 736 1618 feminine
768 1557 981 1636 enuntiafmus,
1012 1567 1043 1618 ut
1070 1558 1215 1635 Carthago
1244 1556 1442 1634 Carthaginis

153 1645 237 1720 virgo
258 1643 395 1719 virginis,
420 1644 517 1720 imago
540 1645 693 1721 imaginis,
718 1643 825 1720 indago
849 1644 1011 1722 indaginis,
1042 1643 1129 1721 siligo
1152 1643 1295 1720 siliginis,
1324 1649 1443 1718 sartago

115 1741 140 1778 15
154 1729 328 1804 sartaginis,
352 1729 474 1805 lerrugo
496 1728 675 1806 ferruginis,
699 1730 817 1806 larrago
839 1729 1009 1807 larraginis.

236 1811 289 1871 Est
309 1811 365 1871 alia
387 1815 538 1891 quaestio,
561 1831 653 1892 quare
668 1814 802 1873 dicamus
824 1814 855 1872 in
871 1812 998 1875 ablativo
1021 1813 1164 1891 singulari
1186 1811 1224 1872 ab
1246 1811 1302 1871 hoc
1325 1830 1397 1871 arcu
1412 1819 1442 1871 et

153 1896 260 1976 plurali
276 1897 374 1956 dativo
389 1905 419 1956 et
434 1897 561 1958 ablativo
583 1898 631 1958 his
651 1906 680 1958 et
695 1897 732 1958 ab
748 1899 795 1957 his
810 1896 951 1968 arcubus,
974 1907 1003 1958 et
1024 1916 1083 1958 non
1099 1901 1142 1958 sic
1157 1898 1230 1958 lacit
1244 1899 1276 1956 in
1292 1896 1389 1957 dativo
1411 1904 1442 1956 et

153 1981 280 2041 ablativo
294 1981 404 2060 plurali
420 2001 435 2042 a
451 2002 538 2043 versu
554 1982 699 2043 versabus
714 2000 734 2041 a
746 1987 842 2058 (luctu
853 1985 1012 2058 fluctuabas,
1027 1983 1079 2043 scd
1094 1982 1142 2042 his
1155 1992 1185 2042 ct
1200 1981 1237 2041 ab
1248 1981 1295 2041 his
1307 1980 1444 2041 versibus

154 2075 185 2126 et
199 2065 349 2127 lluctibus.
381 2086 414 2127 ea
431 2070 546 2127 ratione
567 2069 614 2136 srt,
638 2075 761 2147 propter
776 2067 973 2128 differentiam
991 2068 1115 2128 alterius
1129 2067 1234 2127 similis
1248 2068 1387 2127 nominis.
1418 2066 1444 2125 si

115 2168 140 2205 20
154 2151 191 2212 ab
219 2170 254 2212 eo
281 2152 359 2230 quod
388 2159 433 2211 est
461 2171 548 2212 arcus
576 2151 696 2212 arcibus
724 2152 905 2223 diceremus,
934 2172 993 2214 non
1021 2152 1163 2223 arcubus,
1198 2153 1284 2212 lieret
1310 2151 1444 2210 conlusio

155 2237 234 2296 illius
261 2239 392 2296 nominis
420 2255 488 2296 cum
517 2255 552 2297 eo
580 2237 658 2317 quod
687 2245 731 2297 est
759 2256 812 2299 arx
840 2240 933 2308 arcis,
962 2239 1033 2300 licet
1055 2240 1120 2299 sine
1143 2237 1323 2297 discretione
1346 2235 1443 2319 aliqua

153 2320 301 2400 specubus
324 2329 354 2380 et
376 2319 515 2382 tribubus
537 2321 670 2382 dicamus
692 2321 729 2381 ab
753 2341 788 2383 eo
810 2324 888 2402 quod
912 2331 957 2384 est
979 2342 1087 2402 specus
1109 2330 1138 2383 et
1160 2321 1271 2391 tribus,
1295 2330 1326 2381 ct
1347 2320 1384 2381 ab
1407 2339 1443 2381 eo

154 2407 231 2485 quod
255 2414 299 2466 est
320 2424 393 2466 veru
415 2406 545 2467 vembus
568 2407 672 2467 eodem
700 2407 796 2467 modo.
841 2427 944 2469 versus
965 2428 1035 2469 vero
1057 2418 1087 2469 et
1108 2408 1216 2468 llnctus
1239 2415 1269 2467 et
1290 2414 1389 2466 cetera
1412 2407 1443 2466 in

155 2492 263 2551 dativis
285 2499 316 2551 et
337 2490 474 2551 ablativis
495 2491 660 2572 pluralibus
681 2494 693 2551 i
714 2491 825 2553 habent
847 2494 925 2564 ideo,
949 2496 1019 2574 quia
1034 2494 1108 2554 liaec
1123 2494 1242 2553 nomina
1265 2510 1323 2551 non
1340 2490 1442 2551 turbat

116 2576 296 2636 assimiliari
320 2579 471 2636 nominum
494 2577 628 2637 conlusio
651 2577 697 2637 vel
719 2578 893 2640 similitudo.
931 2597 1003 2657 ergo
1025 2598 1084 2658 quo
1106 2578 1193 2638 modo
1216 2576 1346 2636 arcubus
1368 2576 1443 2635 dici-

154 2680 220 2721 mus
241 2660 279 2720 ab
302 2679 337 2721 eo
365 2661 444 2740 quod
472 2670 542 2722 sunt
565 2681 651 2723 arcus
674 2669 797 2743 propter
819 2682 916 2732 arces,
946 2666 990 2724 sic
1012 2663 1136 2723 artubus
1157 2661 1194 2722 ab
1217 2680 1252 2721 eo
1274 2660 1352 2739 quod
1375 2666 1444 2719 sunt

155 2754 236 2805 artus
257 2753 381 2825 propter
403 2755 493 2808 artes.
527 2747 577 2807 hic
600 2750 680 2808 vitus
707 2747 744 2808 ab
772 2748 827 2808 hoc
849 2752 911 2808 vitu
933 2747 1052 2808 vituhus
1074 2748 1159 2808 lacit:
1183 2764 1251 2806 nam
1272 2743 1385 2804 vitibus
1406 2742 1443 2803 ab

155 2850 189 2889 eo
212 2831 289 2910 quod
312 2840 381 2892 sunt
402 2834 487 2894 vites
533 2835 577 2893 sic
604 2851 675 2910 ergo
706 2832 896 2903 observabis,
921 2851 988 2892 cum
1010 2831 1116 2892 similia
1138 2833 1258 2891 nomina
1280 2831 1442 2890 inveneris.

238 2914 378 2985 Quaestio
407 2927 465 2987 est,
494 2918 573 2978 unde
600 2917 786 2995 intellegitur
813 2938 829 2977 e
857 2918 1035 2997 productum
1057 2919 1088 2976 in
1111 2915 1254 2984 ablativo,
1277 2912 1355 2975 unde
1378 2930 1443 2973 cor-

117 3015 141 3052 so
155 3007 282 3079 reptum.
327 3004 352 3060 si
380 3004 489 3081 accipit
515 3020 582 3062 rum
607 3005 762 3079 genetivus
789 3003 927 3081 pluralis,
960 3002 1031 3062 lacit
1056 3003 1088 3061 in
1111 2999 1238 3061 ablativo
1260 2999 1404 3076 singulari
1427 3017 1442 3057 e

154 3086 347 3164 productum;
377 3089 401 3145 si
430 3106 495 3155 um,
527 3095 712 3165 correptum,
744 3095 774 3146 et
801 3106 817 3146 e
840 3089 985 3147 mutatio
1009 3089 1029 3146 i.
1073 3086 1126 3146 sed
1149 3084 1253 3145 melior
1274 3083 1376 3161 regula
1389 3091 1446 3142 cst

154 3171 245 3231 atde
274 3172 373 3230 dativo
401 3169 508 3249 plurali
537 3188 762 3247 cognoscamus,
792 3179 891 3231 utrum
919 3170 1096 3250 productum
1124 3177 1169 3230 est
1197 3188 1234 3230 an
1261 3177 1442 3248 correptum.

156 3256 232 3316 unde
256 3258 280 3314 si
306 3255 484 3334 productum
506 3262 551 3314 cst
573 3274 588 3314 e
612 3258 643 3315 in
666 3254 792 3316 ablativo
815 3256 974 3333 singulari,
998 3257 1125 3334 accipiet
1148 3254 1204 3314 bus
1226 3263 1255 3314 et
1276 3254 1348 3314 lacit
1369 3253 1443 3313 dati-

155 3359 222 3400 vum
246 3340 401 3419 pluralem.
445 3342 561 3400 namsi
585 3349 755 3418 correptum
779 3347 838 3411 est,
863 3349 958 3401 mutat
979 3343 1010 3400 in
1033 3343 1059 3409 i,
1083 3347 1116 3400 ut
1138 3341 1227 3399 iaciat
1249 3339 1389 3408 dativum,
1412 3345 1445 3398 ut

116 3441 141 3478 sa
155 3432 225 3502 puta
248 3424 284 3483 ab
307 3425 361 3484 lrac
384 3442 430 3491 rc,
455 3423 537 3484 adice
562 3423 631 3494 bus,
655 3432 685 3484 et
707 3425 779 3485 lacit
801 3424 907 3495 rebus;
931 3425 968 3487 ab
990 3425 1045 3485 hac
1069 3427 1184 3505 specie,
1208 3423 1290 3484 adice
1313 3422 1384 3493 bus,
1414 3432 1444 3483 et

154 3510 224 3567 lacit
246 3507 413 3586 speciebus.
459 3526 531 3585 ergo
553 3510 595 3568 sic
617 3508 766 3586 intellegis
788 3510 965 3589 productum
989 3528 1065 3570 esse.
1107 3508 1144 3570 ab
1167 3528 1183 3568 c
1205 3527 1276 3568 vero
1303 3515 1443 3586 correpto

155 3611 214 3650 non
238 3595 295 3659 sic,
319 3595 344 3651 si
368 3591 479 3652 adicias
504 3592 573 3661 bus,
598 3602 631 3653 ut
653 3593 690 3655 ab
712 3594 768 3655 boc
791 3595 910 3655 homine
933 3594 1125 3663 hominebus,
1148 3594 1200 3654 sed
1222 3600 1316 3653 mutat
1338 3612 1355 3652 e
1378 3595 1409 3652 in
1432 3595 1442 3653 i

154 3684 184 3734 ot
206 3678 315 3754 accipit
338 3676 409 3745 bus,
433 3685 463 3737 et
485 3680 528 3737 sic
550 3680 609 3738 erit
630 3679 769 3750 latinum,
794 3686 824 3740 et
845 3688 1016 3760 correptum
1038 3683 1105 3740 erit.

238 3761 348 3821 Omnes
368 3761 485 3822 litterae
508 3766 629 3840 generis
650 3767 750 3825 neutri
773 3773 842 3826 sunt
857 3769 974 3826 numeri
989 3772 1103 3826 tantum
1123 3765 1283 3842 singularis
1298 3771 1328 3823 et
1343 3770 1442 3842 aptote

115 3846 307 3915 radicantur,
324 3854 441 3926 utputa
456 3846 511 3907 hoc
527 3868 557 3918 a,
574 3849 663 3910 huius
679 3870 711 3919 a,
728 3850 798 3910 huic
814 3869 844 3921 a,
861 3850 963 3921 hoca,
980 3870 998 3911 o
1013 3869 1046 3920 a,
1063 3849 1171 3910 abhoc
1189 3868 1223 3918 a;
1241 3851 1285 3909 sic
1302 3847 1339 3919 b,
1355 3851 1399 3908 sic
1415 3867 1441 3916 c,

222 4064 412 4132 lproducitur]
433 4067 549 4133 producit
570 4069 600 4117 V
603 4081 620 4123 ς
690 4070 751 4122 bet
768 4072 832 4120 ratio
851 4078 889 4120 est
908 4071 1002 4133 quing
1055 4073 1079 4120 iu
1098 4069 1162 4119 fines
1182 4079 1241 4120 sunt
1262 4069 1290 4120 V
1340 4068 1441 4133 8quae

153 4139 176 4185 io
197 4137 320 4201 singulari
340 4136 381 4185 liic
399 4146 507 4187 tartaros
529 4139 554 4187 V
625 4141 657 4191 12
676 4150 701 4190 et
719 4141 752 4191 iis
770 4137 845 4207 quae]
867 4142 899 4189 iis
918 4154 983 4204 quae
1004 4142 1032 4191 V
1044 4151 1069 4190 et
1085 4154 1149 4204 quae
1166 4150 1183 4192 ς
1244 4139 1277 4190 16
1292 4153 1369 4202 quare
1385 4153 1442 4188 cum

153 4209 268 4256 dicamus
285 4208 311 4255 V
326 4209 385 4270 quia
404 4208 624 4264 cumdicamuss
678 4210 710 4260 18
727 4212 849 4260 versabas
863 4225 909 4260 om.
933 4211 960 4259 V
1008 4210 1258 4261 alluctulluctnbus
1276 4225 1321 4259 om.
1344 4210 1391 4265 Vs·

155 4277 186 4328 lc
204 4273 244 4339 eo]
260 4279 364 4330 etiams
417 4279 449 4328 21
470 4280 578 4328 nominis
594 4280 626 4326 ab
639 4295 669 4328 eo
685 4281 752 4343 qood
768 4290 807 4329 est
821 4295 867 4328 arx
885 4281 952 4328 areis
965 4293 982 4335 ς
997 4281 1108 4329 nominis
1120 4280 1150 4328 ab
1169 4296 1200 4329 eo
1213 4280 1280 4344 qaod
1299 4287 1358 4328 sunt
1372 4293 1443 4326 arces

128 4347 184 4396 'V
230 4347 447 4415 discreptioneV
494 4350 528 4397 22
544 4357 570 4396 et
586 4360 645 4399 ante
661 4350 692 4398 ab
710 4363 755 4402 om,
777 4351 803 4399 V
871 4350 905 4399 24
919 4350 976 4400 ideo
994 4351 1054 4415 quia
1067 4349 1130 4399 llaec
1147 4350 1250 4398 nomina
1268 4348 1401 4397 conturbat
1419 4349 1447 4398 V

152 4417 260 4480 ideoque
279 4416 342 4465 baec
361 4418 464 4466 nomino
484 4419 663 4473 conturbants
723 4418 757 4469 26
774 4428 878 4484 propter
896 4434 967 4469 arces
984 4435 1030 4470 om.
1053 4421 1081 4469 V
1134 4420 1166 4469 27
1186 4419 1228 4468 laic
1246 4421 1328 4467 uictus
1346 4418 1378 4466 ab
1394 4416 1443 4466 hoc

152 4488 219 4535 uicto
236 4487 354 4536 uictubus
373 4487 435 4536 lacit
451 4499 483 4541 ςε
497 4488 532 4550 cs.
551 4487 631 4541 Prob,
646 4489 724 4542 instit.
743 4504 770 4552 p.
793 4488 857 4553 116,
874 4489 909 4538 22
979 4490 1013 4540 29
1031 4488 1185 4556 intellegitur
1202 4492 1228 4539 tn
1244 4491 1336 4537 lacuna
1353 4501 1399 4536 orn.
1421 4481 1445 4534 7

220 4568 244 4605 et
264 4557 331 4605 uode
348 4566 490 4622 correptum
511 4558 532 4606 si
552 4558 643 4623 accipit
663 4571 680 4613 ς
699 4559 766 4608 riade
783 4567 940 4624 compertum
958 4568 996 4609 est
1014 4561 1038 4609 si
1055 4561 1181 4624 acciperet
1204 4561 1231 4608 V
1297 4557 1331 4607 30
1351 4571 1365 4603 e
1383 4571 1443 4621 pro·

153 4624 253 4675 ductam
272 4628 293 4674 si
314 4643 355 4675 um
375 4638 516 4690 correptum
535 4637 614 4676 estet
631 4644 645 4677 e
662 4637 770 4682 mutats
786 4629 812 4676 in
824 4644 838 4677 e
850 4628 1001 4693 productam
1016 4631 1038 4678 si
1056 4632 1090 4680 no
1108 4636 1250 4693 correptum
1267 4636 1306 4676 est
1323 4633 1401 4674 mutat
1419 4625 1447 4676 V

221 4696 253 4746 31
275 4697 321 4745 sed
338 4696 428 4746 melior
444 4696 535 4763 regula
552 4709 598 4747 est.
617 4699 703 4747 datius
716 4697 810 4764 plurali
828 4713 884 4747 rum
901 4698 1030 4763 producit,
1047 4715 1089 4749 nm
1108 4708 1192 4749 autem
1207 4707 1245 4747 eet
1264 4706 1407 4760 correptum
1426 4707 1443 4749 ς

220 4765 254 4815 ao
272 4767 422 4832 productum
437 4783 494 4816 esse
508 4767 538 4815 ab
557 4766 605 4816 boc
621 4769 707 4817 uerbo.
723 4769 819 4834 pariete
835 4767 876 4816 cui
891 4769 914 4816 si
931 4768 1037 4818 adiicias
1051 4771 1099 4820 bus
1119 4783 1169 4818 uon
1187 4770 1264 4817 sicet
1281 4768 1312 4815 ab
1331 4765 1380 4815 lroc
1398 4765 1443 4814 ho-

152 4834 219 4880 mirra²
237 4834 383 4885 bominibus
401 4837 428 4884 V
495 4837 529 4888 39
547 4848 571 4886 et
591 4846 692 4905 aptotae
708 4851 725 4892 ς
744 4854 760 4887 a
777 4838 861 4903 poetis
877 4839 906 4888 V

202 4924 377 4967 coaulravm
391 4927 481 4968 mrim
497 4927 522 4968 v.
1199 4919 1241 4985 35
