3346 5498
693 393 929 458 communivit
1401 393 1461 462 163

1277 505 1436 558 pru-sor.

153 564 324 639 'totidem
348 588 472 640 vertat
494 579 636 641 caelos'
665 581 818 644 lucretius
847 583 927 643 dixit.
972 591 1001 643 31
1023 602 1144 662 porrum
1168 603 1259 664 caepe
1282 586 1377 651 iocus:
1412 585 1461 647 hic

167 681 248 741 iocus
281 690 310 742 et
343 682 417 741 haec
449 683 529 751 ioea;
561 684 613 743 sed
648 703 804 762 possumus
833 685 935 746 dicere
964 693 992 745 et
1020 685 1074 746 hos
1101 687 1196 755 iocos,
1228 694 1259 746 nt
1292 694 1335 746 est
1364 691 1460 747 ‘mox

166 784 321 844 iuuenes
343 785 486 861 agitare
508 786 639 846 iocos'.
671 794 700 846 et
721 786 833 854 lorum:
857 786 909 847 sed
932 789 1007 848 scire
1028 786 1119 848 debes
1133 786 1212 866 quod
1228 794 1273 848 est
1294 787 1342 849 lric
1363 787 1461 865 aliqua

167 884 347 945 differentia:
376 885 494 965 quando
522 887 602 948 loros
631 887 771 959 dicimus,
801 887 929 949 tabulata
958 890 1073 950 navium
1097 890 1311 966 significamus;
1341 879 1460 967 quando

139 986 204 1047 ⁵de
232 986 481 1057 deambulatorio,
516 987 589 1050 haec
622 991 685 1051 lora
719 990 855 1051 dicimus.
901 1007 1080 1068 quamquam
1113 990 1270 1052 Sallustius
1301 993 1390 1053 etiam
1423 991 1460 1052 de

166 1088 398 1150 deambulatorio
414 1090 578 1151 masculino
593 1108 704 1168 genere
719 1091 839 1163 dixerit,
864 1091 986 1152 ‘illum
1003 1095 1122 1172 raptis
1136 1093 1256 1154 lorum
1278 1101 1313 1154 31
1335 1102 1460 1155 castra

166 1193 317 1252 nautica
352 1193 545 1261 Sertorius
577 1198 812 1255 mutaverat'.
857 1193 924 1255 vide
957 1212 1029 1272 ergo
1063 1214 1099 1255 ne
1132 1202 1161 1255 te
1189 1194 1285 1265 lailat,
1319 1197 1459 1275 quoniam

166 1292 361 1355 masculinum
386 1296 466 1355 lecit.
491 1294 494 1373 g

250 1396 325 1457 Sunt
347 1396 444 1474 aliqua
467 1399 588 1458 nomina
610 1417 684 1478 quae
712 1397 823 1460 habeut
845 1406 875 1460 et
897 1399 1092 1460 masculinum
1106 1407 1144 1478 ‚et
1166 1369 1341 1461 femininum
1363 1417 1458 1478 genus
1469 1413 1558 1475 4331

124 1519 151 1558 ro
165 1505 195 1559 et
217 1517 276 1559 non
306 1507 374 1559 sunt
396 1502 574 1561 eommunia.
621 1517 679 1577 quo
702 1501 790 1561 modo
813 1519 873 1561 non
897 1509 941 1562 est
962 1503 1137 1563 commune?
1163 1502 1189 1561 si
1211 1510 1241 1562 et
1262 1500 1458 1563 masculinum

165 1608 194 1661 et
220 1601 395 1661 femininum
425 1602 549 1672 habent,
579 1601 689 1663 debent
717 1603 774 1663 dici
801 1605 980 1664 communia.
1025 1604 1077 1664 sed
1108 1604 1185 1664 scire
1213 1602 1357 1665 debemus
1379 1602 1457 1664 aliud

165 1721 266 1763 ossea
290 1712 393 1766 natura
417 1723 588 1774 commuue,
619 1703 698 1765 aliud
728 1724 793 1766 3333
816 1705 852 1765 de
875 1712 1021 1784 potestate
1043 1714 1144 1766 nostra
1166 1722 1334 1767 commune.
1378 1704 1457 1766 aliud

164 1811 209 1864 est
231 1823 246 1864 a
270 1812 394 1873 natura.
419 1805 497 1866 aliud
520 1827 537 1868 3
560 1813 713 1886 potestate.
752 1825 821 1868 cece
843 1810 924 1869 canis
946 1809 1021 1868 iuste
1044 1806 1151 1868 dicitur
1174 1825 1331 1867 commune
1353 1824 1456 1885 genus.

164 1909 274 1983 quare?
298 1910 366 1984 3313
389 1917 492 1969 natura
514 1917 612 1989 potest
635 1907 774 1971 discerni.
806 1917 938 1971 ceterum
960 1909 1010 1970 illa
1032 1908 1219 1991 appellantur
1242 1927 1301 1970 non
1324 1926 1457 1970 commu·

123 2027 151 2068 rs
166 2010 229 2078 nia,
253 2009 305 2069 sed
328 2012 438 2088 gemini
461 2012 593 2089 generis,
617 2012 646 2070 id
671 2019 716 2072 est
738 2011 862 2091 duplicis
883 2015 1010 2091 generis.
1056 2020 1181 2091 utputa
1203 2012 1307 2090 pinus:
1337 2011 1457 2089 quando

163 2111 243 2180 rolo,
268 2111 334 2172 dico
357 2112 405 2172 lric
426 2114 531 2192 pinus:
563 2113 681 2191 qnando
705 2113 784 2185 volo,
809 2114 875 2175 dico
898 2113 972 2175 haec
994 2116 1090 2194 pinus.
1134 2113 1270 2174 similiter
1293 2121 1322 2173 et
1343 2115 1456 2194 pampi-

162 2231 233 2273 nus:
257 2213 375 2292 quando
399 2213 478 2283 volo,
503 2215 568 2275 dico
592 2215 640 2275 liic
662 2217 832 2294 pampinus;
857 2217 974 2296 quando
997 2215 1078 2286 volo,
1102 2216 1168 2277 dico
1192 2215 1264 2275 haec
1286 2217 1455 2295 pampinus.

163 2333 235 2392 ergo
265 2334 323 2376 non
349 2316 432 2385 ideo,
461 2317 527 2395 qnia
556 2314 726 2378 licetmilri
754 2317 853 2380 dicere
881 2319 954 2380 haee
980 2321 1138 2398 pampinus
1161 2326 1190 2378 et
1217 2317 1265 2376 lrie
1288 2318 1454 2396 pampinus,

161 2415 230 2476 ideo
253 2417 360 2477 dicitur
387 2420 505 2496 generis
532 2421 700 2480 communis
723 2439 803 2489 esse,
830 2420 882 2481 sed
905 2420 962 2491 lroc
985 2420 1075 2482 duum
1099 2437 1242 2497 generum
1266 2427 1320 2479 est.
1359 2417 1455 2498 [pam-

120 2519 251 2597 mpinus
273 2517 342 2579 nolo
366 2519 445 2582 dieas
468 2520 504 2580 de
522 2521 689 2602 feminino]
714 2525 828 2583 namsi
851 2525 970 2601 generis
993 2524 1158 2583 communis
1181 2528 1273 2591 esset,
1297 2520 1455 2600 aliquando

162 2629 239 2681 esset
261 2620 322 2690 hie,
353 2622 509 2702 aliquando
539 2622 626 2692 lraec;
657 2624 709 2685 sed
733 2643 792 2685 non
815 2643 933 2704 semper
956 2632 1015 2694 331,
1044 2625 1096 2685 sed
1120 2621 1238 2702 quando
1262 2630 1379 2702 tempus
1400 2631 1454 2694 est,

161 2730 230 2783 tunc
253 2722 380 2784 dicimus
403 2725 448 2785 vel
470 2724 542 2785 illud
566 2724 611 2785 vel
633 2725 719 2795 illud,
743 2726 772 2785 id
796 2735 840 2787 331
862 2735 911 2788 331
933 2726 981 2787 lrie
1004 2735 1055 2788 aut
1077 2726 1158 2787 liaeo.
1190 2727 1342 2787 communi
1365 2727 1453 2795 enim,

161 2832 249 2903 prout
270 2842 365 2904 genus
387 2827 491 2895 luerit,
515 2827 604 2888 talem
620 2827 775 2889 articulum
799 2829 912 2890 damus.
942 2831 972 2889 in
994 2830 1135 2908 pampino
1158 2837 1256 2888 autem
1280 2846 1339 2888 non
1363 2827 1455 2889 habes

160 2929 375 2997 necessarium,
399 2928 451 2989 scd
475 2929 593 3007 quando
616 2930 673 2999 vis,
698 2930 771 2990 dicis
794 2930 881 3000 haec,
903 2930 1021 3012 quando
1045 2932 1101 2999 vis,
1119 2930 1194 2990 dicis
1210 2930 1267 2990 lric.
1299 2946 1371 3007 crgo
1393 2948 1453 2990 non

120 3038 229 3090 essunt
252 3033 435 3100 communia,
459 3031 510 3092 sed
535 3031 720 3111 applicantur
743 3031 854 3111 duplici
877 3034 989 3109 generi.
1021 3049 1092 3109 ergo
1115 3040 1185 3092 sunt
1205 3033 1313 3092 incerti
1335 3034 1454 3110 generis

159 3132 238 3192 inter
260 3132 454 3194 masculinum
478 3142 507 3194 et
530 3133 719 3203 femininum,
743 3142 774 3195 ut
798 3142 897 3195 cortex
922 3134 1004 3195 radix
1028 3135 1095 3193 linis
1116 3136 1207 3212 stirps
1229 3135 1315 3213 pinus
1336 3135 1450 3212 pampi-

160 3251 225 3295 nus.
272 3235 325 3295 ista
353 3237 452 3295 omnia
481 3244 510 3295 et
542 3235 696 3296 masculini
728 3243 797 3296 sunt
825 3243 854 3295 31
883 3236 1024 3295 leminini.
1069 3237 1140 3294 item
1174 3235 1290 3295 frenum
1324 3234 1452 3314 elipeum

160 3335 263 3412 vulgus
285 3355 390 3414 specus
419 3338 525 3397 incerti
552 3333 679 3418 gelneris
701 3343 771 3398 sunt
792 3338 869 3397 inter
893 3344 1032 3397 neutrum
1056 3345 1085 3396 31
1108 3336 1316 3398 masculinum:
1352 3345 1381 3396 31
1395 3334 1453 3396 'hic

160 3437 264 3515 vulgus
293 3447 322 3499 et
349 3439 404 3498 lroc
432 3439 535 3516 vulgus
563 3458 721 3518 possumus
749 3439 857 3500 dicere.
904 3441 975 3500 item
1003 3446 1072 3499 sunt
1098 3440 1205 3499 incerti
1233 3440 1351 3516 generis
1373 3440 1452 3500 inter

120 3549 297 3601 aoneutrum
327 3547 356 3599 et
384 3539 572 3609 femininum,
601 3549 633 3600 ut
660 3543 684 3600 si
712 3540 793 3601 dicas
816 3540 911 3602 buxus
932 3543 1016 3621 pirus
1037 3559 1150 3620 prunus
1173 3539 1276 3601 malus.
1320 3540 1372 3600 sed
1396 3540 1453 3601 hoc

159 3643 296 3711 interest,
321 3642 398 3718 quod
423 3653 527 3703 neutro
551 3643 677 3704 dicimus
699 3644 846 3712 fructum,
871 3644 1012 3704 leminino
1035 3645 1113 3722 ipsas
1136 3642 1267 3727 arbores.
1307 3650 1337 3703 31
1357 3644 1451 3724 inter·

158 3746 257 3822 posuit
283 3747 389 3823 ‘saepe
418 3744 572 3806 dicimus’.
618 3747 674 3806 seit
704 3748 783 3806 enim
811 3764 876 3806 esse
904 3745 1056 3819 arborem,
1093 3753 1122 3805 et
1149 3744 1305 3806 masculini
1333 3746 1452 3823 generis

159 3847 291 3924 quaesit
314 3853 343 3906 31
365 3849 479 3916 333131,
504 3854 535 3907 ut
557 3847 628 3907 siler
651 3850 749 3908 neutri
772 3857 831 3917 331,
856 3847 982 3908 31333133
1004 3846 1159 3908 masculini
1183 3855 1235 3908 est

242 3947 398 4007 Praeterea
420 3957 490 4009 sunt
511 3949 606 4028 aliqua
629 3951 684 4010 fixa
701 3968 777 4029 quae
792 3949 945 4019 dicuntur,
970 3956 1040 4010 sunt
1061 3967 1137 4029 quae
1160 3949 1298 4010 dicuntur
1321 3949 1450 4012 mobilia.

119 4050 213 4108 stra
246 4057 316 4109 sunt
354 4068 427 4129 3333
462 4069 521 4111 333
554 4059 678 4131 possunt
704 4051 783 4112 llecti
812 4051 848 4111 ad
877 4052 956 4112 alind
984 4069 1094 4130 genus
1121 4060 1155 4112 nt
1181 4053 1204 4112 si
1235 4052 1316 4112 dicas
1348 4053 1450 4114 irater.

160 4152 301 4228 numquid
320 4152 389 4212 13311
404 4154 513 4221 iratrat
537 4171 606 4214 ecce
628 4154 685 4213 lroc
709 4163 753 4214 est
775 4155 879 4223 tirum,
903 4153 982 4233 quod
1006 4154 1064 4215 non
1088 4162 1188 4233 potest
1209 4153 1288 4216 llecti
1312 4155 1449 4217 adalind

224 4386 330 4456 2mox]
355 4392 429 4440 Pers.
448 4400 497 4440 331.
519 4392 584 4452 6,5
655 4390 792 4442 31333313
813 4392 864 4442 Bc
932 4392 1003 4442 iocus
1026 4408 1096 4443 corr.
1121 4393 1190 4442 iocos
1209 4394 1234 4441 A
1304 4393 1448 4443 ddicimus

158 4469 181 4510 et
200 4461 349 4510 tubulataA
436 4461 569 4525 cquando
588 4462 788 4512 deambulatorio
806 4462 857 4511 BC
944 4459 1090 4527 Sallustius]
1111 4461 1249 4514 Sallustius
1268 4463 1331 4512 libro
1352 4465 1360 4512 l
1379 4464 1448 4512 illum

158 4533 239 4580 nautis
263 4531 344 4581 lorum
364 4531 459 4582 1133133
475 4547 501 4594 p.
524 4530 589 4591 2011,
611 4534 642 4586 tu
712 4534 788 4582 etiam
814 4535 845 4580 de
866 4532 1033 4582 ambulatorio
1056 4533 1077 4582 G
1145 4532 1161 4581 11
1186 4534 1273 4600 generi
1299 4533 1380 4582 ABG

157 4601 172 4650 7
191 4600 387 4652 conmodnrernt
400 4601 539 4652 Dietsclu'us
554 4600 616 4651 Sall.
635 4605 694 4655 11131.
711 4602 805 4667 [33333.
819 4619 846 4667 p.
860 4603 893 4652 25
948 4602 980 4652 14
997 4616 1074 4665 quare
1090 4617 1136 4651 orn.
1150 4603 1189 4664 A,
1207 4604 1300 4654 3133
1355 4603 1386 4653 15
1401 4601 1448 4651 du-

157 4670 218 4733 plici
233 4672 315 4722 ABG
385 4672 416 4721 17
435 4672 536 4734 quondo
553 4673 611 4721 uolo
626 4675 682 4722 dico
699 4672 739 4721 hic
758 4674 892 4739 pampinus
908 4671 1009 4736 quando
1025 4672 1083 4721 volo
1099 4673 1156 4721 dico
1169 4671 1232 4721 haec
1247 4673 1383 4736 pampinus
1400 4687 1447 4721 eur.

156 4741 189 4804 A,
202 4741 295 4793 331113
350 4742 444 4792 18333
462 4743 518 4791 ideo
533 4741 592 4792 BCa
607 4757 657 4792 non
674 4744 746 4792 itaA
798 4744 831 4792 t‘.)
844 4744 970 4792 communi
984 4743 1114 4792 enimuero
1129 4742 1269 4808 proutBC
1319 4741 1353 4792 ’26
1369 4744 1448 4807 stirps

156 4812 230 4874 piuus
248 4811 384 4877 pampinus
405 4810 491 4861 eda*
510 4812 597 4875 stirpis
614 4826 716 4879 p..nus
735 4811 845 4879 (poenus
864 4815 893 4875 3)
910 4827 1052 4879 pumponus
1122 4812 1156 4862 28
1175 4826 1253 4877 pecus
1271 4827 1340 4865 corr.
1355 4826 1447 4877 specus

155 4880 180 4930 A
250 4882 284 4933 30
303 4881 454 4931 femininum
471 4897 604 4932 commuue
623 4885 645 4932 si
661 4883 731 4932 dicas
751 4882 808 4933 AB
827 4882 977 4932 femininum
995 4893 1021 4933 et
1036 4897 1170 4934 commuue
1191 4884 1214 4932 31
1231 4883 1304 4933 dicus
1324 4883 1345 4932 G

1183 4966 1247 5030 11*

1514 735 1527 778 l
