3346 5498
128 332 191 397 298
697 341 849 403 huhrau

154 459 176 499 p.
190 447 243 485 Μ]-
252 448 276 486 51
292 446 312 485 l„

129 529 209 589 enlm
237 526 436 607 diphthongus
464 537 508 589 est
535 531 572 589 ai.
616 531 660 590 sic
687 529 838 599 (licebant,
874 528 958 590 aulai.
1005 548 1076 608 ergo
1103 529 1200 591 scribe
1233 549 1355 609 graece,
1390 541 1422 592 et

130 630 210 690 rides
231 632 370 708 quoniam
385 634 496 711 poteris
510 633 644 692 invenire
660 631 739 693 illam
755 632 916 694 diaeresin:
939 633 1030 703 aulai,
1054 632 1134 693 solve
1156 652 1171 693 a
1195 642 1224 693 et
1246 635 1271 702 i,
1295 644 1326 694 et
1347 633 1421 695 lac'nr

128 732 329 793 diaeresin'et
350 735 465 795 invenis
486 733 578 804 aulai;
601 735 764 796 secundnm
786 737 880 814 ipsam
903 734 1151 796 consuetudinem
1173 734 1334 796 solverunt
1376 736 1422 795 sic

129 843 158 896 et
179 835 280 896 hlusai.
325 853 396 914 ergo
419 838 475 897 ista
496 844 541 897 est
563 836 719 906 diaeresis,
744 839 882 917 quotiens
903 855 962 898 una
985 835 1097 916 syllaba
1119 839 1150 898 in
1173 836 1247 898 duas
1269 836 1419 898 dividitur.

126 939 292 1016 synaeresis
314 946 373 1009 est,
398 930 535 1016 quotiens
550 938 626 1000 duae
647 938 775 1018 syllabae
797 941 827 1000 in
850 958 939 1001 unam
962 938 1192 1008 contrahuntur,
1216 946 1248 998 ut
1269 947 1313 999 est
1334 937 1448 1010 illude

127 1040 279 1101 ‘fixerit
307 1041 518 1120 aeripedem
547 1044 709 1102 cervam’
737 1060 791 1121 pro
820 1061 856 1103 eo
884 1041 963 1122 quod
986 1049 1031 1102 est
1053 1041 1232 1121 aeripedem.
1263 1040 1339 1102 duae
1360 1041 1421 1120 syl·

128 1141 211 1203 labae
233 1145 263 1202 in
293 1160 380 1203 unam
410 1150 579 1205 contractae
601 1153 684 1213 suut,
716 1151 747 1204 ut
768 1152 814 1205 est
840 1143 1004 1205 Phaeton
1026 1143 1113 1204 Neri
1133 1162 1189 1224 pro
1212 1162 1248 1205 eo
1271 1142 1351 1223 quod
1373 1152 1423 1205 est

127 1243 259 1306 Phaeton
281 1245 379 1306 Nerei,

211 1347 287 1408 Sunt
314 1349 384 1408 item
408 1346 457 1408 alii
480 1347 537 1409 duo
560 1348 744 1428 metaplasmi
766 1351 845 1409 inter
867 1368 900 1409 se
921 1349 1077 1417 contrarii,
1108 1346 1259 1427 ecthlipsis
1282 1355 1312 1408 et
1333 1365 1421 1428 syna·

126 1449 215 1528 liphe.
260 1451 415 1528 magnifice
443 1448 560 1511 locutus
588 1459 646 1520 cst,
675 1470 734 1513 non
764 1453 880 1520 stricte,
916 1469 976 1512 non
1004 1451 1086 1530 quasi
1113 1451 1336 1528 grammaticus,
1367 1450 1422 1511 sed
1439 1469 1467 1507 ιι

127 1552 222 1614 soluta
245 1554 379 1613 oratione
402 1560 432 1613 et
452 1553 587 1614 allluenti
615 1554 706 1616 volult
733 1555 901 1633 exprimere
929 1572 993 1613 rem
1016 1551 1221 1613 difficiliorem.
1267 1551 1423 1633 ecthlipsis

127 1662 172 1715 est
194 1669 213 1705 r·
240 1655 377 1734 quotiens
400 1655 507 1717 vocalis
530 1656 659 1717 vocalem
689 1654 827 1716 excludit.
871 1662 904 1715 nt
931 1662 1003 1734 puta
1030 1654 1055 1714 si
1082 1652 1191 1714 vocalis
1214 1652 1346 1716 vocalem
1369 1673 1421 1717 ex·

127 1755 240 1826 cludat,
263 1756 416 1837 synaliphe
439 1766 498 1827 est,
521 1767 553 1819 ut

278 1858 344 1919 ille
367 1877 448 1938 ego,
473 1861 534 1940 qui
556 1860 739 1941 quondam
761 1858 896 1936 gracili
918 1858 1130 1920 modulatus
1152 1876 1275 1921 avena.

127 1958 132 2045 Ι
156 1959 205 2022 ille
229 1979 298 2040 ego,
327 1983 343 2021 e
367 1970 396 2021 et
418 1981 434 2022 o
456 1961 531 2023 duae
555 1965 626 2024 istae
650 1961 764 2023 vocales
785 1970 868 2030 sunt,
899 1959 991 2021 altera
1016 1969 1114 2022 mmen
1136 1960 1260 2022 alteram
1283 1960 1422 2033 exclusit,
1439 1982 1464 2020 rs

127 2072 155 2124 et
177 2082 236 2124 uon
260 2064 330 2124 lecit
351 2063 401 2124 ille
424 2082 494 2143 ego,
522 2065 573 2125 sed
597 2066 667 2125 lecit
693 2063 791 2143 illego.
837 2063 946 2123 dicitur
968 2062 1120 2143 synaliphe
1143 2062 1268 2123 duarum
1291 2080 1423 2125 concur·

126 2168 254 2227 rentium
279 2164 421 2226 vocalium
445 2165 558 2228 lubrica
581 2167 713 2246 lenisque
736 2165 874 2234 conlisio,
904 2167 1040 2245 quotiens
1063 2164 1138 2225 duae
1160 2173 1230 2226 sunt
1251 2165 1370 2226 vocales
1392 2174 1427 2226 et

127 2267 287 2328 excludunt
314 2287 345 2329 se
373 2268 481 2330 leniter
510 2276 539 2330 et
567 2268 690 2329 lubrice.
736 2268 809 2329 haec
838 2267 991 2349 synaliphc
1020 2274 1072 2326 est.
1118 2265 1166 2326 illa
1194 2285 1264 2327 vero
1293 2285 1355 2329 non
1382 2267 1425 2329 de

127 2368 277 2431 vocalibus
301 2372 345 2441 iit,
369 2372 420 2432 sed
445 2371 481 2432 de
505 2369 745 2432 consonantibus.
780 2388 839 2431 con
862 2371 941 2430 enim
963 2377 1032 2429 ante
1054 2376 1152 2448 potest
1174 2367 1292 2430 excludi
1313 2388 1425 2430 conso·

126 2491 217 2541 nans,
240 2474 297 2532 nisi
324 2475 435 2552 pariter
457 2475 495 2533 sit
518 2473 639 2540 vocalis,
668 2491 743 2551 quae
767 2472 903 2534 excludat
925 2490 954 2531 m
976 2471 1115 2531 litteram.
1161 2479 1194 2532 ut
1225 2477 1295 2550 puta
1322 2469 1424 2533 homi·
1439 2495 1467 2535 ao

126 2593 194 2635 nem
217 2575 359 2635 amicum:
388 2574 439 2636 nbi
467 2576 624 2637 sustuleris
652 2577 891 2656 myotacisrnum,
922 2572 1088 2634 excluditur
1116 2571 1235 2633 vocalis.
1281 2591 1354 2634 num
1375 2575 1425 2636 vis

125 2678 221 2737 scire?
244 2679 382 2756 quotiens
398 2679 581 2757 myotacismi
596 2680 673 2739 ratio
690 2685 748 2747 est,
774 2684 806 2738 ut
821 2676 993 2738 excludatur
1017 2677 1242 2755 myotacismus,
1266 2684 1296 2735 et
1309 2674 1426 2737 vocalis

127 2778 299 2839 excluditur.
329 2778 445 2840 exclusa
462 2788 507 2840 est
521 2798 702 2849 consonans,
726 2799 764 2840 ne
779 2781 817 2840 sit
831 2780 1053 2858 myotacismus:
1078 2796 1145 2838 cum
1169 2776 1307 2838 exclusus
1330 2778 1426 2841 luerit

125 2884 347 2962 nryotacismus,
377 2883 482 2961 incipit
508 2881 616 2943 vocalis
644 2881 775 2951 excludi,
805 2900 843 2943 ne
865 2882 903 2941 sit
925 2880 1030 2941 hiatus·
1074 2899 1195 2940 necesse
1218 2887 1358 2959 astorgo
1381 2883 1426 2943 ita

126 2991 158 3045 ut
179 2985 242 3053 liat,
271 2992 302 3044 ut
330 3003 357 3044 ιιι
378 2983 524 3044 excludas
556 2992 679 3065 propter
707 2986 822 3053 vitium,
852 2982 983 3043 vocalem
1012 2981 1152 3043 excludas
1179 2991 1301 3062 propter
1335 2981 1468 3049 illamas

124 3086 261 3146 litteram.
307 3088 331 3146 si
355 3088 433 3146 enim
456 3105 514 3146 non
539 3085 656 3147 exclusa
685 3088 788 3155 irrerit,
817 3086 921 3164 incipit
948 3084 1044 3144 hiatus
1067 3103 1141 3145 esse.
1187 3102 1258 3162 ergo
1281 3082 1340 3145 tale
1363 3088 1426 3148 erit

123 3187 211 3258 illud,
241 3186 383 3250 ‘multille
407 3196 436 3249 et
457 3190 578 3249 terris':
609 3189 648 3248 ita
678 3188 821 3250 scandere
852 3187 953 3248 hahes.
1000 3206 1070 3248 ecce
1098 3204 1173 3265 quac
1202 3193 1360 3247 causaest
1389 3197 1425 3249 ut

123 3310 183 3351 non
206 3298 321 3351 tanturn
344 3310 383 3360 ιιι,
407 3290 459 3351 scd
480 3299 513 3351 et
534 3310 554 3351 u
577 3289 730 3359 excludas,
754 3309 829 3369 qrrao
852 3308 871 3349 u
894 3308 960 3350 cunr
984 3310 1013 3351 m
1036 3288 1133 3349 littera
1157 3295 1211 3358 est,
1235 3295 1264 3348 et
1285 3287 1422 3367 appella·

124 3402 171 3453 tur
194 3392 357 3473 ecthlipsis,
388 3391 417 3452 id
448 3401 493 3453 est
519 3393 745 3454 consonantium
774 3411 878 3472 aspere
906 3410 973 3452 curn
996 3389 1146 3451 vocalibus
1174 3392 1422 3454 concurrentium

124 3494 197 3556 dura
220 3495 406 3573 difficilisque
429 3495 562 3555 conlisio.
775 3509 786 3525 ⁸
1282 3496 1286 3502 '
1435 3525 1464 3567 ω

209 3597 284 3657 Sunt
311 3597 360 3657 alii
388 3596 447 3658 duo
475 3598 633 3665 contrarh,
664 3596 817 3656 antithesis
841 3605 870 3656 et
891 3594 1078 3676 metathesis.
1124 3593 1281 3656 antithesis
1304 3601 1350 3656 est
1372 3595 1422 3657 lit·

124 3707 204 3758 terae
232 3718 287 3778 pro
311 3698 406 3759 littera
429 3700 546 3778 positio.
592 3697 648 3758 hoc
675 3700 705 3757 in
735 3695 833 3757 latinis
862 3695 1044 3778 [antithesis]
1075 3697 1105 3756 in
1137 3695 1330 3775 metaplasmo
1360 3716 1421 3761 uon

124 3801 239 3860 invenis
267 3799 312 3880 [in
341 3797 463 3882 latino],
492 3800 544 3860 sed
574 3801 688 3859 invenis
717 3801 746 3858 in
776 3808 891 3860 ornatu.
936 3800 993 3860 hoc
1021 3808 1065 3859 cst
1093 3801 1173 3859 enim
1194 3797 1274 3877 apud
1296 3798 1421 3862 Latiam

124 3901 190 3972 olli,
219 3902 298 3982 quod
327 3910 371 3962 est
396 3900 448 3964 illi.
494 3900 620 3979 etquid
651 3901 722 3960 mihi
744 3902 889 3981 praestat?
926 3901 1008 3962 nihil.
1056 3919 1123 3962 nam
1146 3902 1206 3962 sive
1229 3900 1334 3962 dixero
1357 3900 1420 3973 olli,

127 4057 426 4065 -——--—.—.

195 4142 208 4192 l
233 4141 353 4192 dicebant
375 4142 434 4191 aula
446 4178 453 4191 .
466 4143 494 4194 i.
515 4142 538 4190 P
560 4140 677 4189 dicebant
701 4082 769 4204 sulla
786 4140 811 4189 B
827 4140 945 4190 dicebant
966 4140 1025 4190 allai
1047 4141 1068 4189 C
1089 4140 1207 4190 dicebant
1223 4139 1266 4189 alii
1285 4140 1310 4189 ai
1328 4142 1351 4192 S

123 4214 183 4263 3et
202 4212 302 4261 iuuenis
320 4212 377 4261 BP
392 4223 417 4261 et
436 4212 550 4260 inuenies
569 4208 612 4258 CS
681 4209 776 4276 ipsam]
797 4211 903 4259 lllamC
971 4213 987 4259 tt
1007 4208 1101 4275 lixcrit]
1128 4211 1207 4274 Verp.
1228 4210 1294 4260 Aen.
1313 4211 1348 4260 vl
1365 4210 1416 4262 80³

193 4283 208 4330 7
234 4293 261 4331 ut
286 4290 324 4330 est
346 4281 455 4347 phaeton
480 4281 586 4345 (plreton
603 4276 634 4344 s)
660 4282 712 4330 neri
739 4296 785 4344 pro
811 4295 839 4329 eo
863 4281 931 4341 qrrod
952 4291 990 4330 est
1008 4279 1118 4345 phaeton
1136 4278 1245 4343 (phetor
1267 4279 1328 4343 GS)
1348 4281 1415 4330 nerei

123 4352 199 4403 BCS
216 4363 241 4402 ut
255 4351 365 4418 phaeton
384 4353 454 4402 nerei
473 4367 518 4416 pro
538 4351 632 4417 pheton
653 4352 720 4400 iverei
737 4352 773 4399 P:
791 4352 825 4412 ef.
839 4351 933 4404 Donat.
949 4367 976 4412 p.
992 4349 1052 4407 396,
1069 4350 1101 4401 2¹1
1173 4348 1345 4417 hecthlypsis
1357 4365 1414 4402 con·

123 4432 222 4474 stanter
239 4422 259 4472 G
276 4422 388 4487 eclypsis
407 4421 432 4470 R
504 4422 533 4472 ll
559 4421 663 4485 eclipsis
682 4432 719 4471 cst
743 4421 859 4484 quotiens
879 4422 974 4470 uocalis
991 4419 1103 4469 nocalem
1125 4417 1239 4470 excludit
1256 4420 1345 4471 utillo
1366 4434 1415 4487 ego

124 4495 162 4545 [².-
179 4493 310 4558 ecthlipsis
329 4503 367 4541 est
387 4494 503 4554 quotiens
521 4494 614 4541 vocalis
634 4502 814 4542 consonantem
839 4491 951 4540 excludit
972 4491 1165 4545 Lindemaaaus,
1200 4496 1259 4540 aare
1276 4490 1416 4543 udaium

123 4563 272 4630 rpualiphne
292 4573 317 4613 et
335 4562 461 4625 ecthlipsis
485 4564 664 4628 expositionem
687 4563 770 4612 brevis
792 4563 921 4625 utriusque
944 4563 1100 4624 nretnplnann'
1122 4561 1234 4623 definitio
1251 4561 1364 4624 excidit,
1380 4574 1415 4611 aa

123 4651 173 4699 qua
187 4634 249 4685 iaec
267 4650 331 4698 praue
349 4634 385 4683 ad
395 4632 553 4698 synalepham
572 4635 713 4695 pertinent,
732 4633 849 4695 quotiens
869 4631 961 4680 vocalis
983 4631 1094 4680 vocalem
1112 4631 1233 4694 excludit,
1251 4632 1342 4682 relicta
1359 4636 1414 4681 nni

195 4705 226 4754 17
245 4706 362 4768 quotiens
381 4705 446 4752 duae
465 4702 565 4752 ndeales
584 4703 755 4752 ‹excludnntC
809 4701 840 4750 21
861 4701 903 4749 ubi
923 4703 1009 4751 terteris
1030 4700 1137 4748 Busi’
1188 4698 1414 4751 moetacismnmS

124 4775 369 4824 moeotaclsmumB
384 4775 575 4822 meotacismum
588 4776 616 4829 (7,
634 4776 691 4823 item
710 4781 798 4836 postea
849 4769 920 4836 ιιιιιη]
944 4787 1001 4820 ιιιιιιι
1023 4770 1110 4819 BOS:
1129 4785 1186 4818 nam
1206 4771 1324 4834 qrrotiens
1342 4770 1366 4820 P

124 4844 158 4896 26
174 4859 235 4911 ergo
254 4854 278 4894 et
291 4845 341 4893 tale
360 4843 381 4893 C
449 4844 482 4893 28
502 4859 550 4893 non
570 4852 664 4892 tantum
684 4859 707 4891 m
727 4857 802 4906 quam
817 4852 841 4890 et
856 4848 895 4907 (et
911 4858 958 4891 oar.
974 4844 1004 4902 Gt
1027 4856 1041 4888 u
1057 4839 1132 4891 BOS
1138 4840 1161 4888 P
