3346 5498
263 368 326 432 246
834 365 988 430 eoueutt

289 480 414 534 pust-ts
428 478 450 518 L.

265 578 357 641 quare
380 577 439 618 non
462 556 637 627 difficulter,
661 556 712 618 sed
735 557 834 636 potius
850 555 1026 618 difficiliter?
1048 557 1176 634 primum
1193 565 1316 636 propter
1330 555 1410 617 illam
1426 575 1558 627 causam,

264 663 346 740 quia,
370 663 395 720 si
418 659 529 721 dixeris
552 658 726 728 difficulter,
755 676 830 737 cogo
852 665 883 733 te
904 658 1005 719 dicero
1029 658 1166 726 laculter;
1195 660 1221 719 si
1243 666 1342 720 autem
1365 657 1441 719 dicis
1463 656 1560 720 iacili·

265 773 324 831 ter,
350 780 471 823 necesso
499 761 590 823 babes
617 761 716 822 dicere
738 760 911 829 diiticilitor;
940 759 1032 822 altera
1053 780 1103 821 res
1126 761 1317 822 eouilrmotur
1338 761 1375 821 de
1398 758 1490 821 altera
1514 779 1559 831 re,

265 868 406 945 quoniam
429 863 499 925 inde
521 865 623 943 utique
645 863 790 941 originem
813 871 943 923 sumunt.
988 862 1039 923 sed
1064 880 1101 923 ue
1123 862 1200 923 iorte
1222 861 1318 931 dieas,
1342 861 1486 924 debemus
1508 880 1560 924 re·

265 966 365 1047 gulam
394 965 522 1043 aliquam
550 966 699 1034 invenire,
729 972 773 1025 est
794 963 911 1042 regula:
948 966 1047 1026 omnia
1070 964 1207 1025 adverbia
1230 982 1304 1042 quae
1326 966 1358 1025 in
1380 972 1425 1026 ter
1448 972 1562 1026 exeunt
1587 978 1602 1020 s

267 1069 346 1131 salvo
369 1067 466 1129 dativo
489 1069 532 1129 sic
556 1076 678 1135 exeunt,
702 1066 731 1126 id
755 1074 799 1127 est
820 1074 938 1126 servant
960 1066 1088 1126 dativum
1112 1068 1270 1146 integrum.
1301 1074 1371 1146 puta
1393 1065 1496 1137 docili,
1521 1066 1560 1127 ad

267 1175 353 1233 istum
378 1170 507 1232 dativum
530 1169 606 1231 adde
627 1178 674 1230 ter
696 1166 776 1230 nulla
799 1166 909 1249 syllaba
932 1166 1061 1238 sublata,
1086 1167 1174 1229 docili
1197 1167 1346 1237 dociliter;
1376 1166 1459 1248 agili,
1483 1169 1562 1230 adde

266 1272 337 1336 illuc
353 1280 412 1342 ter,
430 1272 554 1351 agiliter.
586 1278 615 1330 et
630 1278 786 1350 permanet
801 1268 851 1330 ille
867 1270 980 1330 dativus
1003 1272 1134 1348 integer,
1160 1278 1190 1330 et
1210 1272 1253 1332 sic
1274 1272 1383 1350 accipit
1404 1269 1559 1352 syllabam.

267 1376 454 1436 econtrario
477 1391 601 1452 quaere,
632 1374 657 1433 si
684 1372 734 1432 liic
756 1373 848 1451 possit
876 1372 950 1432 deri.
995 1370 1075 1432 facili
1097 1372 1240 1443 faciliter,
1263 1381 1321 1434 stat
1342 1391 1406 1441 res;
1437 1373 1565 1448 difficolt

267 1477 436 1544 difficiliter,
460 1474 503 1536 ibi
526 1493 591 1536 esse
614 1482 712 1554 potest
733 1475 788 1535 ista
810 1475 895 1534 ratio.
941 1474 1082 1552 numquid
1106 1493 1170 1536 esse
1192 1481 1292 1554 potest
1311 1474 1370 1535 iam
1393 1476 1449 1536 ista
1470 1476 1559 1545 ratio,
1575 1487 1604 1528 1⁰

267 1581 292 1639 si
315 1577 424 1638 dixeris
447 1575 621 1637 difficulter?
645 1577 701 1636 erit
724 1575 839 1636 dativus
860 1575 986 1646 dillieul,
1011 1575 1088 1653 quod
1112 1595 1171 1637 nou
1193 1583 1291 1656 potest
1311 1577 1448 1656 recipere
1470 1579 1562 1638 ratio·

269 1699 346 1740 nem.
392 1676 564 1739 adverbium
588 1679 667 1738 enim
690 1677 768 1757 quod
790 1679 821 1737 in
843 1685 890 1737 ter
912 1678 971 1738 exit
993 1698 1008 1739 a
1032 1676 1128 1739 dativo
1156 1678 1245 1743 debet
1265 1680 1360 1748 nasci,
1389 1685 1423 1739 ut
1443 1675 1563 1758 integer

267 1783 305 1841 sit
327 1780 441 1841 dativus
469 1787 498 1840 et
527 1783 569 1841 sic
597 1781 721 1858 accipiat
749 1777 899 1857 syllabam.
946 1788 975 1839 et
1002 1779 1091 1859 quid?
1129 1779 1222 1840 nullas
1244 1782 1409 1841 invenimus
1432 1778 1563 1864 reguilas

167 1902 226 1963 rso,
240 1901 254 1949 7
268 1870 451 1944 contrarias?
475 1882 560 1952 dicit,
582 1883 757 1943 invenimus.
801 1899 868 1941 nam
890 1879 1066 1961 plerumque
1087 1884 1207 1942 invenio
1229 1881 1356 1943 dativum
1379 1900 1396 1942 o
1418 1884 1577 1958 termina-g

269 1995 345 2053 tum,
381 1992 410 2044 ct
444 1983 534 2045 nilrilo
564 1984 661 2045 minus
690 1981 862 2043 adverbium
892 1984 921 2042 in
952 1990 995 2043 ter
1024 1985 1138 2052 exiens,
1169 1992 1200 2044 ut
1228 1984 1297 2044 huic
1324 1983 1400 2044 duro
1433 1983 1606 2046 duriter.1s

268 2087 392 2165 legimus
419 2088 490 2147 item
520 2086 598 2165 quod
627 2084 803 2163 aliquotiens
830 2083 909 2144 idem
932 2084 1045 2146 dativus
1068 2095 1112 2146 est
1134 2096 1163 2147 et
1183 2086 1262 2146 idenr
1286 2085 1457 2146 adverbium
1481 2085 1565 2146 nulla

269 2189 384 2249 ratione
412 2195 536 2256 mutata,
565 2197 598 2247 ut
625 2186 698 2247 laiso
726 2185 843 2248 sedulo:
879 2187 927 2246 hic
956 2185 1047 2247 falsus
1075 2186 1161 2247 liuius
1188 2186 1253 2247 ialsi
1282 2188 1350 2248 lruie
1372 2186 1463 2255 salso:
1486 2187 1565 2248 laiso

268 2289 442 2351 adverbium
472 2297 530 2361 est,
561 2298 590 2350 et
615 2289 729 2349 dativus
758 2296 803 2347 est
831 2306 932 2348 casus:
962 2288 1010 2348 hic
1038 2288 1160 2350 sedulus
1188 2288 1274 2350 huius
1301 2288 1397 2349 seduli
1419 2288 1490 2349 lruic
1514 2307 1564 2350 se·

269 2390 354 2458 dulo;
384 2390 487 2451 sedulo
515 2390 686 2451 adverbium
715 2398 772 2456 est,
802 2400 831 2449 et
859 2389 972 2450 dativus
1001 2400 1054 2451 est.
1102 2411 1171 2470 orgo
1199 2391 1272 2452 lolso
1295 2390 1398 2451 sedulo
1421 2399 1450 2451 et
1473 2390 1565 2455 dativi

268 2502 393 2572 possunt
416 2512 495 2559 esse,
519 2499 548 2551 et
570 2490 707 2552 adverbia
731 2482 854 2572 possunt
876 2509 952 2552 esse.
984 2492 1035 2552 sed
1059 2501 1156 2553 tamen
1179 2493 1389 2553 discretionem
1412 2494 1607 2573 accipiunteo

270 2614 304 2654 ex
328 2612 424 2654 seusu.
470 2596 495 2653 si
518 2593 599 2654 dicas
623 2593 715 2654 ‘falso
739 2594 895 2673 loqueris’,
919 2593 977 2653 tale
1001 2601 1045 2655 est
1073 2613 1106 2655 ac
1135 2596 1160 2655 si
1187 2596 1268 2656 dicas
1290 2594 1384 2656 ‘male
1406 2594 1564 2675 loqueris'.

270 2714 341 2774 ergo
364 2695 453 2757 modo
475 2693 647 2756 adverbium
672 2703 724 2755 est.
768 2696 792 2755 si
819 2694 900 2755 dicas
930 2695 1020 2756 ‘lalso
1048 2696 1160 2757 homini
1189 2696 1347 2775 epistolam
1375 2695 1470 2767 dedi’.
1501 2697 1565 2758 noli

270 2817 334 2859 esse
357 2796 544 2866 adverbium,
573 2795 626 2856 sed
654 2814 771 2857 nomen.
818 2797 875 2856 tale
904 2805 947 2857 est
970 2799 1063 2863 enirn,
1092 2801 1173 2858 acsi
1197 2798 1325 2859 dicerem
1348 2797 1486 2859 ‘indocto
1509 2798 1565 2860 bo·

271 2902 343 2960 rniui
368 2898 522 2978 epistolam
544 2898 640 2958 dedi'.
686 2916 757 2976 ergo
779 2916 832 2977 per
855 2917 975 2960 sonsum
998 2898 1155 2977 intellegis,
1180 2900 1297 2980 qtrando
1320 2902 1358 2960 sit
1378 2899 1565 2972 adverbium,

269 3000 385 3082 quando
409 3020 527 3062 nomen.
556 3008 706 3070 ceterum,
730 3011 872 3080 quantum
895 3001 930 3062 ad
955 3003 1063 3062 exitum
1086 3004 1230 3081 pertinet,
1255 3001 1361 3063 similia
1384 3011 1461 3064 sunt.
1490 3005 1564 3064 item
1580 3024 1608 3065 2⁵

269 3105 447 3185 aliquotiens
468 3105 478 3163 i
501 3103 677 3163 terminatus
701 3110 745 3164 est
767 3104 895 3172 dativuS,
927 3111 957 3164 et
983 3103 1153 3165 adverbium
1177 3106 1289 3164 nonin
1312 3113 1358 3164 ter
1381 3107 1453 3180 exit,
1477 3105 1530 3167 sed
1554 3109 1567 3166 i

270 3210 299 3267 in
325 3226 341 3266 e
364 3206 521 3266 convertit:
546 3223 617 3266 ecce
639 3206 889 3283 ‘sanguineae
910 3205 1065 3285 lugubre
1089 3205 1250 3266 rubent'.
1288 3214 1408 3285 propter
1432 3205 1566 3293 dativum

269 3307 449 3386 singularem
478 3309 508 3367 in
535 3309 545 3366 i
574 3317 730 3368 exeuntem
755 3309 832 3388 (nam
856 3311 902 3370 lae
925 3308 1069 3382 dativum,
1094 3309 1141 3368 lric
1165 3306 1297 3386 lugubris
1318 3308 1409 3383 huius
1428 3294 1574 3386 lugubris

271 3410 339 3471 buic
362 3408 490 3488 lugubri)
515 3408 680 3488 lugubriter
696 3409 840 3471 debuerat
854 3411 966 3479 facore,
991 3409 1041 3470 sed
1065 3419 1163 3471 tamen
1183 3412 1187 3483 Ι
1207 3408 1310 3469 maluit
1326 3408 1460 3488 lugubre.
1491 3428 1567 3488 orgo

272 3521 301 3572 ot
323 3511 371 3572 liic
393 3511 460 3572 talis
483 3519 527 3572 est
550 3510 691 3582 elocutio,
717 3511 809 3589 qualis
833 3520 862 3571 et
882 3511 934 3572 ibi.
1580 3526 1606 3572 so

354 3611 500 3672 Aduerbio
521 3615 578 3673 tria
607 3613 758 3682 occidunt,
787 3615 961 3691 significatio
989 3615 1158 3692 conparatio
1187 3616 1288 3690 ligura.
1333 3614 1565 3691 significationes

270 3713 477 3775 adverbiorum
500 3713 609 3775 multae
632 3724 716 3784 sunt;
746 3714 859 3792 legistis
886 3714 951 3775 illas
978 3717 1008 3775 iu
1036 3717 1131 3794 prima
1161 3723 1243 3794 parte
1266 3717 1347 3776 artis.
1392 3723 1461 3776 sunt
1489 3733 1567 3795 quae

271 3823 386 3895 tempus
402 3817 575 3892 signiticaut,
599 3824 631 3876 ut
645 3816 749 3884 lrodir;
774 3824 843 3877 sunt
858 3835 932 3895 quae
954 3818 1121 3895 significant
1143 3836 1312 3885 numerum,
1337 3825 1370 3877 ut
1391 3816 1483 3878 semel
1499 3816 1564 3886 bis;

272 3917 326 3977 alia
350 3917 505 3986 hortantis,
529 3925 561 3977 ut
583 3917 664 3986 beia;
694 3918 749 3979 alia
772 3917 970 3997 prohibentis,
1000 3927 1032 3979 ut
1055 3936 1106 3986 ne;
1135 3918 1189 3978 alia
1213 3920 1362 3997 negantis,
1387 3928 1419 3981 ut
1441 3923 1521 3990 non,
1535 3930 1566 3981 et

271 4019 370 4078 omnia
392 4037 466 4098 (puae
489 4017 604 4078 habetis
625 4021 734 4098 scripta
757 4022 787 4080 in
811 4021 883 4099 ipsis
905 4019 1027 4081 artibus.
1073 4029 1142 4080 sunt
1171 4019 1309 4080 adverbia
1336 4039 1455 4100 semper
1482 4023 1564 4082 linito
1578 4045 1606 4086 ss

272 4130 332 4182 tam
355 4119 412 4180 loci
429 4134 520 4199 ‘marn
544 4123 704 4199 temporis,
730 4130 761 4181 ut
782 4130 852 4201 puta
876 4123 924 4183 iric
947 4123 1048 4183 modo:
1072 4124 1123 4202 qui
1146 4122 1217 4182 dicit
1240 4123 1301 4192 hic,
1330 4122 1426 4183 locum
1450 4124 1563 4202 signill-

272 4231 334 4291 cat;
359 4224 409 4302 qui
432 4222 503 4282 dicit
526 4222 622 4292 ruodo,
647 4223 749 4283 deduit
772 4232 887 4303 tempus
911 4224 995 4305 [pute
1019 4225 1067 4284 lrie
1090 4225 1220 4285 definivit
1241 4223 1385 4305 tempus}
1410 4232 1480 4285 sunt
1504 4231 1565 4286 tam

271 4324 330 4386 loci
352 4343 439 4404 quarn
462 4328 604 4405 temporis
625 4326 754 4394 inlinita,
785 4325 834 4385 ubi
858 4328 989 4404 quarrdo:
1019 4345 1088 4387 uam
1116 4329 1165 4406 vpd
1188 4325 1260 4386 dicit
1281 4326 1346 4396 ubi,
1375 4325 1473 4388 locum
1502 4345 1564 4389 non

272 4429 433 4507 significan
457 4429 506 4506 qui
530 4427 747 4506 diminuendo,
772 4434 887 4507 tempus
910 4447 968 4489 non
991 4430 1147 4506 significat,

273 4531 577 4540 ———-—-.-...

344 4564 450 4626 lquere
466 4578 515 4610 uon
528 4562 658 4612 delloulter
677 4564 720 4613 sed
736 4566 820 4628 potius
837 4565 969 4614 ‹lelio-iliter
982 4567 1005 4614 Α
1023 4581 1099 4628 qrrare
1117 4581 1165 4616 tion
1184 4565 1320 4615 dildeulter
1339 4566 1483 4614 iuueuimus
1495 4568 1564 4616 enim

273 4632 641 4697 quareuon‹lildcnlterBCn
692 4635 723 4684 10
736 4634 832 4685 difficili
845 4652 891 4688 orn.
908 4635 979 4685 ABG
1027 4637 1059 4685 22
1075 4633 1160 4702 ruodo]
1178 4635 1304 4698 quomodo
1317 4635 1389 4685 ABG
1435 4635 1488 4685 noli
1507 4653 1565 4687 esse

273 4704 419 4753 aduerbium
432 4703 478 4752 sed
491 4719 580 4752 nomeu
593 4719 639 4753 orte.
653 4704 685 4761 nl,
700 4705 760 4758 add,
776 4721 792 4752 a
844 4708 877 4756 24
894 4721 938 4769 per
949 4722 1050 4754 sevisum
1066 4705 1191 4771 intellegis
1206 4707 1284 4770 Cpro
1304 4720 1380 4754 seusu
1399 4705 1527 4772 intellegis
1541 4709 1566 4757 B

274 4789 320 4837 per
336 4788 438 4823 sensum
458 4773 609 4839 intellegens
627 4775 650 4823 Α
669 4789 713 4839 pro
734 4789 810 4824 seusu
829 4776 960 4841 intelleges
980 4792 997 4824 α
1048 4778 1081 4826 27
1096 4777 1250 4841 sanguineae
1267 4776 1344 4826 BCa
1362 4777 1487 4841 sanguiue
1505 4777 1565 4828 Ae:

279 4843 356 4908 Verp.
370 4842 437 4897 Aen.
453 4843 477 4894 X
491 4844 541 4894 273
613 4845 704 4894 rubent
721 4859 767 4894 om.
787 4844 821 4906 A,
839 4844 900 4896 add.
919 4863 935 4895 a
1007 4846 1039 4897 33
1059 4853 1085 4894 ut
1103 4847 1180 4896 semel
1197 4845 1235 4897 bis
1253 4844 1277 4898 B
1295 4854 1321 4898 ut
1339 4848 1389 4896 duo
1407 4855 1459 4895 tres
1474 4845 1529 4899 AG
