3346 5498
601 416 603 419 ’
685 435 920 497 connrurvn
1139 426 1142 440 ’
1397 431 1437 496 97

1292 541 1413 596 Ius-81„

150 629 208 689 tur;
231 620 313 702 ‘ipse
336 621 455 700 scripsit
477 623 642 699 georgica’‚
667 624 843 701 pronomine
866 623 968 682 utitur.
998 641 1102 702 posses
1125 623 1202 682 enim
1227 621 1326 682 dicere
1350 623 1439 682 ‘l'er-

149 721 234 800 gilius
262 723 382 802 scripsit
409 724 576 801 georgica'.
621 723 672 783 sed
702 743 739 784 ue
768 724 917 785 dastidium
946 732 1061 784 crearet
1090 726 1217 784 nominis
1239 725 1370 792 iteratio,
1395 725 1439 783 in·

148 832 232 886 rente
263 832 308 884 est
335 826 390 885 ista
418 817 607 905 particulas}
632 834 661 886 et
683 825 739 885 lroc
762 826 839 887 bene
862 825 1024 886 secundum
1054 832 1112 893 est;
1143 824 1220 886 bene
1243 825 1371 886 secunda
1395 833 1441 885 est

147 929 200 987 ista
230 925 387 1006 particula.
432 945 488 1005 qua
517 927 649 987 ratione?
678 945 745 987 nam
774 929 797 987 si
827 928 959 1005 iungitur
986 928 1084 988 officio
1108 929 1250 997 nominis,
1280 938 1440 1006 etnomen

126 1028 320 1090 enaturaliter
342 1030 470 1108 primum
494 1037 550 1098 est,
575 1028 645 1109 quid
668 1029 757 1090 debet
778 1047 844 1090 esse
867 1037 934 1108 post
955 1028 1026 1088 illud
1050 1028 1126 1108 quod
1149 1032 1277 1108 primum
1302 1038 1360 1096 est,
1384 1031 1441 1088 nisi

148 1130 217 1191 illud
240 1131 319 1210 qnod
344 1131 476 1208 iungitur
499 1130 596 1191 oiticio
612 1133 726 1210 primae
744 1129 853 1209 partis?
876 1133 1007 1209 sequitur
1024 1130 1155 1191 uerbum.
1186 1132 1307 1191 verbum
1330 1131 1440 1191 dictum

149 1243 190 1293 est
219 1233 276 1294 huc
304 1235 435 1301 ratione,
464 1232 539 1312 quod
569 1220 725 1293 verberato
754 1240 823 1293 edre
851 1243 932 1292 motu
954 1231 1070 1310 linguae
1093 1234 1124 1293 lit
1145 1251 1249 1302 sonus,
1280 1233 1356 1294 unde
1379 1235 1440 1312 ipsa

148 1333 291 1414 particula
316 1338 448 1412 emergit.
494 1334 545 1395 sed
569 1342 598 1394 et
621 1353 724 1395 omnes
746 1343 845 1414 partes
868 1336 1009 1395 orationis
1032 1334 1168 1396 similiter
1190 1336 1262 1396 fiunt
1283 1343 1364 1396 motu
1386 1334 1442 1394 lin·

149 1454 221 1515 pirae
250 1445 281 1496 et
309 1436 514 1497 verberatione
542 1439 627 1497 aeris.
646 1411 965 1515 &efflare
992 1434 1135 1515 particula
1163 1437 1220 1497 hoc
1250 1456 1357 1497 nomen
1386 1436 1442 1496 sibi

120 1540 306 1618 nproprinm
328 1537 510 1617 adsumpsit?
533 1538 610 1617 quod
635 1539 697 1617 ipsa
720 1538 908 1616 frequentius
931 1540 1040 1599 utimur
1055 1541 1086 1598 in
1109 1537 1264 1618 loquendo.
1288 1558 1356 1600 nam
1373 1557 1442 1599 ecce

149 1641 272 1720 loquere
295 1638 416 1719 aliquid,
440 1647 470 1700 et
491 1641 623 1700 invenies
646 1641 676 1699 in
699 1641 763 1718 ipsa
787 1639 953 1701 elocutione
977 1642 1032 1700 tria
1049 1648 1099 1701 aut
1113 1649 1250 1720 quattuor
1272 1641 1371 1709 uerba,
1397 1642 1443 1698 vix

151 1761 240 1804 unum
264 1761 373 1802 nomen
397 1750 447 1802 ant
468 1760 643 1822 pronomen.
675 1750 707 1801 ut
723 1748 793 1820 puta
815 1743 839 1800 si
862 1741 942 1802 dices
965 1741 1048 1801 ‘uolo
1070 1743 1114 1802 ire
1139 1750 1169 1801 et
1190 1742 1290 1803 videre
1314 1744 1441 1803 amicum

151 1863 247 1906 meum
265 1843 300 1904 ad
319 1844 444 1912 iorum’,
470 1862 538 1905 ecce
555 1842 620 1903 rolo
635 1845 687 1904 ire.
698 1850 727 1903 et
742 1843 842 1904 videre
858 1845 914 1904 tria
936 1843 1025 1904 verba
1048 1852 1131 1912 sunt,
1156 1845 1253 1905 lorum
1277 1864 1366 1905 unum
1390 1865 1442 1905 no·

151 1964 217 2006 men
241 1953 303 2014 est,
328 1946 362 2004 ad
386 1963 444 2004 una
466 1947 648 2024 praepositio
672 1952 730 2011 est,
756 1952 785 2003 et
808 1963 865 2004 una
889 1946 1066 2005 coniunctio.
1106 1945 1187 2006 vides
1209 1948 1347 2026 quoniam
1372 1947 1444 2007 alias

121 2055 250 2127 spartes
277 2066 347 2108 raro
377 2048 530 2127 ponimus,
560 2049 646 2107 istam
678 2047 876 2125 frequentius,
912 2048 941 2107 in
971 2054 1084 2108 tantum
1112 2056 1143 2108 ut
1174 2051 1261 2109 etiam
1291 2066 1444 2110 sermones

152 2152 244 2211 nostri
273 2148 329 2209 hoc
359 2148 501 2210 vocabulo
530 2148 686 2237 dicentur„
711 2146 819 2208 ‘verba
847 2148 917 2208 lecit
945 2148 1022 2227 apud
1052 2151 1216 2219 senatum’,
1246 2151 1351 2212 ‘verba
1375 2151 1445 2211 lecit

151 2252 225 2332 apud
255 2251 397 2332 populum
411 2256 429 2308 '.
475 2249 618 2330 numquid
647 2249 766 2328 quando
794 2249 861 2312 dion
890 2249 997 2310 ‘rerba
1025 2251 1096 2310 lecit
1118 2251 1194 2330 apud
1219 2256 1371 2313 senatum'
1395 2259 1445 2313 aut

151 2353 256 2415 ‘rerba
284 2354 354 2413 lecit
383 2352 460 2431 apud
489 2351 832 2432 populum',.nnmqnid
865 2360 977 2411 tantum
1007 2350 1103 2412 verbis
1125 2351 1241 2414 locutus
1265 2362 1309 2415 est
1331 2362 1360 2415 et
1383 2372 1443 2415 non

152 2458 230 2517 omni
253 2462 339 2535 parte
363 2455 522 2514 orationis?
551 2472 642 2533 quare
666 2472 737 2532 ergo
759 2456 913 2534 proprium
936 2453 1111 2514 uocabulum
1133 2457 1274 2534 sumpsit?
1305 2459 1443 2535 quoniam

123 2559 212 2637 nipsa
235 2557 421 2636 frequentius
449 2557 560 2615 utimur
583 2557 613 2615 in
636 2554 794 2634 loquendo.
826 2555 829 2633 1
860 2554 1032 2616 adverbium
1056 2554 1131 2616 bene
1154 2559 1289 2637 seqnitur
1311 2558 1442 2627 verbum,

153 2659 290 2739 quoniam
313 2676 372 2718 non
396 2664 494 2736 potest
516 2659 667 2735 segregari
690 2679 705 2719 a
728 2656 829 2718 verbo.
863 2677 930 2718 cras
947 2657 1063 2735 quaudo
1079 2656 1159 2727 dico,
1184 2659 1325 2739 numquid
1348 2669 1441 2740 potest

153 2759 261 2822 habere
285 2758 483 2826 intellectum,
508 2760 564 2819 nisi
587 2759 678 2820 addas
700 2759 841 2820 verbum?
864 2768 932 2839 puta
957 2763 1039 2820 ‘cras
1062 2759 1194 2830 laciam',
1218 2761 1296 2822 ‘cras
1318 2762 1443 2831 dicam’,

154 2868 237 2924 ‘cras
266 2861 411 2921 reniam'.
458 2878 529 2938 ergo
555 2862 622 2922 ideo
653 2864 786 2940 sequitur
813 2868 881 2940 post
910 2860 1444 2941 ver·hun1,qnouiamarerbonon

153 2971 249 3043 potest
271 2963 413 3043 separari.
445 2964 631 3043 participium
655 2962 732 3024 bene
754 2966 882 3042 positum
905 2972 949 3023 est
971 2971 1038 3042 post
1060 2966 1129 3025 istas
1152 2973 1265 3044 partes:
1289 2974 1442 3045 postquam

125 3065 264 3126 &dictum
294 3073 339 3125 est
368 3082 491 3134 nomen,
526 3064 634 3124 dietum
670 3073 714 3126 est
739 3064 877 3135 verbnm,
908 3063 985 3124 bene
1013 3069 1201 3146 participium
1229 3074 1273 3127 est
1300 3077 1443 3128 secutum.

155 3186 219 3228 nam
235 3167 427 3246 participium
443 3166 553 3226 dietum
570 3174 629 3235 est,
654 3167 731 3246 quod
757 3174 786 3226 et
808 3176 908 3245 partes
930 3168 1060 3228 nonrinis
1075 3170 1170 3248 capiat
1186 3176 1215 3227 et
1237 3177 1337 3246 partes
1352 3167 1443 3229 verbi.

154 3269 220 3329 ideo
248 3268 506 3347 ergo,'qu0niam
536 3245 920 3347 iam'prffidr‘xll'ffinlen,
952 3269 1097 3347 praedixit
1120 3270 1259 3338 uerbum,
1289 3270 1365 3331 bene
1387 3272 1444 3330 iam

155 3389 189 3430 eo
210 3371 277 3431 locu
299 3371 485 3448 participium
510 3380 553 3445 est
576 3373 718 3449 positum,
742 3378 896 3450 postquam
920 3368 988 3430 illae
1003 3379 1104 3448 panes
1119 3371 1289 3450 praedictae
1311 3380 1389 3440 sunt,
1413 3379 1446 3432 ut

155 3475 207 3533 ista
231 3479 419 3551 sequeretur.
451 3475 619 3532 coniunctio
643 3473 719 3533 dicta
743 3479 803 3542 est,
827 3474 895 3551 qnia
919 3474 1071 3550 conirrngit
1093 3473 1284 3534 elocutiones.
1317 3475 1342 3534 si
1365 3474 1446 3534 dicas
1498 3456 1503 3464 ¹

128 3579 228 3653 n‘ego
251 3582 284 3634 tu
307 3592 409 3635 minus
432 3573 466 3633 ad
490 3574 615 3642 lorum’,
640 3594 699 3634 non
722 3582 779 3635 stat
795 3571 937 3639 elocutio:
961 3575 985 3632 si
1009 3574 1119 3634 dixeris
1141 3577 1215 3653 ‘ego
1238 3585 1267 3637 et
1290 3582 1320 3635 tu
1345 3594 1446 3636 eamus

158 3675 192 3734 ad
218 3676 346 3744 iorum’,
376 3673 463 3734 stabit
493 3674 620 3736 elocutio
649 3684 678 3736 et
707 3678 763 3735 erit
792 3695 912 3736 conexa.
958 3677 1139 3755 praepositio
1167 3677 1243 3737 dicta
1272 3686 1316 3738 est
1339 3676 1376 3736 ab
1400 3696 1444 3745 en,

158 3777 234 3854 qnod
263 3779 294 3837 in
325 3775 472 3855 loquendo
501 3779 701 3857 praeponitur.
750 3787 780 3837 ut
815 3787 885 3856 pnta
913 3780 937 3837 si
965 3777 1044 3837 dims
1079 3777 1173 3857 ‘apud
1202 3781 1357 3848 amicum'‚
1386 3797 1445 3839 non

159 3887 240 3956 potes
269 3865 380 3938 dicere
398 3880 541 3938 ‘amicum
564 3879 668 3958 apnd’.
715 3881 882 3940 interiectio
911 3878 987 3939 dicta
1016 3889 1073 3948 est,
1098 3882 1166 3957 quia
1188 3882 1387 3962 interponitur
1410 3880 1445 3941 ad

159 3979 368 4059 exprimendos
396 3982 486 4040 animi
514 3983 643 4041 allectus.
690 3982 713 4040 si
727 3979 846 4042 'dixeris
869 3986 1022 4041 ‘mortuus
1050 3989 1094 4041 est
1118 3979 1121 4059 l
1146 3982 1323 4061 vergilium,
1348 3983 1446 4044 dixisti

130 4082 276 4159 equidem
299 4080 382 4141 illurn
406 4090 553 4143 mortuum
578 4101 656 4148 esse:
686 4083 738 4142 sed
762 4101 819 4161 quu
842 4084 949 4144 ellectu
973 4082 1029 4143 hoc
1052 4082 1221 4161 pertuleris,
1246 4105 1304 4146 non
1328 4093 1373 4147 est
1396 4105 1445 4145 ex-

161 4202 305 4262 pressum,
329 4185 387 4244 nisi
408 4185 580 4266 interponas
600 4183 680 4244 illam
704 4184 887 4263 particulam.
934 4203 1001 4244 nam
1024 4186 1050 4243 si
1072 4185 1152 4246 dicas
1174 4190 1223 4246 ‘xa
1247 4195 1381 4248 mortuus
1404 4194 1450 4246 est

161 4285 333 4364 Vergilins'‚
357 4285 493 4346 laetantis
516 4293 573 4351 est;
596 4287 620 4344 si
643 4286 722 4346 dicas
745 4285 821 4347 ‘lieu
837 4294 970 4346 mortuus
986 4294 1032 4346 est
1047 4287 1221 4365 Vergilins’,
1245 4287 1371 4350 dolentis
1394 4297 1447 4348 est.

225 4489 376 4554 deeqnitur
394 4490 500 4538 uerbum
521 4492 615 4539 dictum
640 4498 678 4539 est
696 4490 780 4541 Aue
801 4493 916 4554 sequitur
939 4490 1043 4539 uerbum
1069 4507 1146 4554 qnare
1173 4494 1276 4543 uerbum
1300 4494 1449 4542 dictumest

169 4557 187 4606 L
255 4560 286 4610 11
306 4560 450 4609 elocutione
466 4560 518 4610 BC
536 4560 660 4609 locutione
680 4562 736 4610 AL
809 4563 839 4612 li
860 4560 981 4625 numquid
1005 4563 1106 4623 quando
1126 4564 1299 4629 -populum
1319 4578 1364 4610 om.
1383 4561 1449 4620 AL,

165 4629 221 4682 add.
240 4648 258 4679 a
309 4629 345 4679 20
361 4629 518 4692 frequentius
539 4630 699 4680 ntimnrtll„
717 4631 873 4695 frequentius
889 4644 927 4680 est
944 4632 969 4681 B
988 4630 1108 4694 frequens
1127 4634 1235 4683 estGo*
1288 4633 1448 4695 inseparati
1472 4658 1476 4666 ·

167 4699 217 4747 At
231 4701 331 4751 secerni
351 4698 439 4750 uua*
509 4699 543 4749 29
562 4701 702 4749 coniunctio
723 4728 754 4737 -
773 4702 804 4753 31
824 4716 920 4751 conexa
938 4702 1057 4754 hocloco
1075 4701 1168 4752 hubent
1184 4703 1256 4763 BL,
1271 4709 1329 4765 post
1341 4715 1450 4766 praepo·

166 4770 219 4818 sitio
238 4796 269 4806 -
288 4768 324 4820 33
342 4770 451 4817 amicum
479 4770 547 4835 apud
566 4773 722 4832 transposita
739 4771 792 4820 AC
859 4773 880 4820 si
897 4773 967 4820 dicas
986 4770 1059 4821 Bca
1078 4782 1105 4820 ut
1123 4775 1145 4821 si
1165 4773 1234 4822 dices
1252 4772 1307 4820 AL
1377 4770 1410 4819 30
1428 4771 1451 4818 si

166 4838 257 4888 dixeris
276 4838 350 4890 uua
370 4848 395 4887 et
414 4840 434 4887 si
455 4840 549 4889 dixeris
569 4840 625 4889 Ah
696 4841 729 4893 3³
747 4838 829 4906 potes]
853 4849 937 4906 potest
954 4839 1029 4904 ΑΘ)
1045 4841 1069 4890 L
1088 4857 1193 4907 possum
1218 4838 1308 4892 1300*
1379 4840 1413 4892 34
1430 4841 1451 4888 si

167 4907 258 4958 dixeris
275 4908 332 4957 Au
349 4909 372 4957 si
386 4908 457 4958 dieas
475 4910 501 4959 B
507 4910 547 4960 Ca

213 4999 390 5041 aasumensi
405 4999 495 5041 xnrrnr
510 5001 536 5042 x.
1230 4993 1247 5058 ῖ
