3346 5498
474 407 674 469 Excutere
697 406 872 468 Plfflstrtt
896 404 970 466 xlv.
995 405 1045 465 XV
1343 399 1406 463 615

1212 522 1234 562 p.
1247 511 1305 549 2749.
1319 510 1344 550 to
1357 507 1382 548 P.

114 616 149 658 τε
172 599 331 675 acceperit,
355 595 485 656 secundo
508 595 632 674 pluralis
653 601 707 663 est,
724 589 940 673 πεποιήκατε;
964 594 989 653 εἰ
1005 604 1051 669 σι,
1075 593 1171 659 tortia,
1194 584 1406 668 πεποιήκασι,

114 692 403 778 ὖπερσνντελικός
429 698 465 757 de
493 700 591 776 prima
618 714 744 775 persona
772 696 844 756 lacit
872 704 933 755 tres
955 693 1137 771 singulares,
1166 700 1228 751 tres
1250 708 1321 749 vero
1342 688 1406 768 plu·

114 800 193 861 rales
215 800 252 860 de
276 802 364 860 tertia
387 799 549 877 singulari:
574 789 789 878 ἐπεποιήκειν
803 816 824 857 ν
839 799 869 857 in
886 795 988 876 σίγμα
1002 802 1114 857 mutato
1135 796 1166 854 ht
1185 787 1407 870 έπεποιήκεις,

114 923 136 963 ν
157 902 275 964 abiecto
307 905 340 962 ht
372 895 575 980 incontrius.
616 902 713 979 ipsum
740 918 810 959 vcro
845 893 1037 977 ἐπεποιήκει
1065 903 1214 975 assumpta
1242 913 1304 975 μεν
1337 895 1408 954 lacit

89 1001 384 1085 εέπεποιήκειμεν,
409 1011 559 1082 assumpta
581 1020 617 1063 τε
640 997 885 1081 έπεποιήκειτεε
917 1002 940 1061 si
970 1013 1035 1060 σαν
1062 1000 1229 1077 acceperit,
1263 975 1406 1076 pluralem

115 1109 233 1167 tertiam
257 1099 534 1184 ἐπεποιήκεισαν;
565 1122 632 1164 nam
656 1099 902 1182 ἐπεποιήκεσαν
928 1109 1067 1180 correpta
1094 1099 1274 1180 paenultima
1290 1091 1408 1169 Ἴωνες

116 1207 317 1286 protulerunt.
361 1206 429 1266 idco
458 1214 556 1266 autem
584 1206 840 1284 praetermisimus
869 1203 1019 1282 disputare
1048 1203 1085 1263 de
1113 1202 1194 1263 duali
1221 1218 1345 1261 numero
1377 1208 1409 1258 et

117 1309 153 1370 dc
176 1317 309 1389 tempore
332 1311 444 1369 aoristo
464 1316 495 1368 et
516 1308 552 1368 de
571 1307 732 1385 multiplici
753 1307 869 1367 ratione
892 1313 1068 1385 temporum,
1097 1307 1166 1384 quia
1195 1304 1242 1364 his
1269 1300 1408 1362 omnibus

114 1421 219 1472 carent
247 1410 360 1481 Latini,
401 1410 432 1470 id
465 1418 511 1471 cst
538 1404 614 1488 περὶ
642 1404 811 1486 δευτέρων
837 1403 893 1468 καὶ
920 1403 1032 1487 μέσων
1059 1401 1081 1486 ή
1109 1397 1408 1485 παρακειμένωνή

78 1506 413 1593 ιιῦπερσνντελικων
439 1506 461 1592 ή
490 1506 699 1591 μελλόντων,
726 1508 836 1590 quibus
864 1509 953 1570 latius
982 1508 1106 1569 Graecia
1136 1508 1198 1569 sola
1220 1506 1407 1567 dillunditur.

116 1615 168 1676 de'
175 1616 292 1694 passiva
315 1616 409 1692 igitur
431 1613 630 1674 declinatione
652 1612 796 1672 dicamus.

200 1715 243 1776 lte
265 1718 381 1795 passiva
404 1716 613 1777 declinatione.
659 1715 765 1775 Graeci
794 1717 889 1775 activo
919 1715 1041 1774 instanti
1065 1711 1225 1773 verborum
1254 1714 1285 1772 iu
1308 1730 1335 1771 ω
1357 1729 1407 1771 ex·

116 1819 250 1879 euntium
278 1818 390 1879 addunt
418 1816 562 1898 syllabam
584 1836 654 1897 μαι,
683 1824 713 1876 et
735 1818 766 1877 fit
788 1819 946 1896 passivum.
983 1833 1058 1895 quae
1080 1812 1192 1894 syllaba
1214 1815 1294 1874 omui
1316 1810 1409 1872 verbo

117 1920 180 1980 sola
202 1921 347 1988 sociatur,
371 1924 412 1980 ita
439 1931 473 1981 ut
495 1939 521 1979 ω
544 1922 628 1999 prius
649 1918 786 1979 ultimum
808 1936 888 1979 nuno
909 1917 1124 1998 paenultimum
1147 1923 1197 1976 aut
1220 1922 1352 1983 maneat,
1376 1921 1408 1974 ut

78 2047 103 2088 ιι
116 2024 147 2082 in
170 2021 298 2082 secunda
321 2017 598 2101 περισπωμένων,
620 2013 838 2100 ἅροτριωμαι,
860 2028 911 2080 aut
925 2022 957 2080 in
972 2038 1015 2079 ον
1029 2017 1247 2097 diphthongum
1266 2024 1407 2087 transeat,

115 2132 148 2184 ut
170 2126 201 2184 iu
224 2126 320 2203 prima
343 2131 373 2183 et
395 2125 499 2193 tertia,
530 2120 688 2202 κινοῦμαι
716 2121 959 2201 στεφανοῦμαι,
989 2123 1093 2182 autin
1115 2138 1133 2180 ο
1156 2121 1353 2198 corripiatur,
1376 2125 1409 2178 ut

114 2228 146 2286 in
169 2224 307 2286 omnibus
330 2225 492 2304 barytonis,
515 2218 679 2303 πλέκομαι
701 2217 834 2304 ἄγομαι.
872 2242 945 2302 ergo
967 2208 1127 2302 numquam
1149 2223 1299 2302 passivum
1321 2238 1408 2299 grae·

116 2347 183 2388 cum
205 2329 357 2388 invenitur
379 2344 438 2386 non
460 2343 513 2386 suo
536 2327 631 2386 activo
653 2327 758 2387 maius.
802 2324 925 2386 verbum
949 2342 1088 2404 graecum
1113 2327 1143 2385 in
1171 2345 1231 2404 μαι
1257 2324 1407 2391 desinens,

115 2432 141 2490 si
165 2432 194 2491 iu
218 2428 345 2490 secunda
369 2446 496 2507 persona
521 2428 526 2510 Ι
549 2447 572 2508 μ
601 2429 634 2489 in
661 2426 763 2507 σίγμα
784 2428 930 2498 demutet,
955 2427 1010 2487 hoc
1033 2434 1084 2487 aut
1111 2435 1157 2486 est
1178 2443 1320 2504 praesens
1340 2422 1409 2485 τῶν

76 2555 102 2596 ro
116 2528 163 2603 είς
184 2550 232 2610 μι,
248 2539 281 2591 ut
295 2528 413 2609 τίθημι
427 2528 562 2610 τίθεμαι
579 2529 724 2608 τίθεσαι,
746 2525 867 2609 δίδωμι
882 2525 1017 2609 βίβομαι
1032 2524 1176 2618 δίβοσαι,
1191 2523 1304 2607 ίστῃμι
1317 2521 1408 2586 ’ίστα-

114 2652 175 2712 μαι
194 2627 339 2710 ίστασαι,
363 2639 414 2692 aut
437 2639 482 2692 est
502 2631 573 2692 τῶν
594 2628 642 2704 είς
671 2652 697 2693 ω
720 2633 863 2710 temporis
885 2631 1041 2710 praeteriti
1063 2631 1200 2709 perlecti,
1224 2625 1409 2707 πεφίλῃμαι

115 2733 309 2814 πεφίλησαι,
332 2733 506 2815 τετίμῃμαι
527 2733 711 2815 τετίμῃσαι,
734 2741 764 2794 ct
787 2736 817 2793 in
839 2733 888 2793 his
909 2749 1027 2810 semper
1049 2728 1271 2809 ίσοσνλλαβεῖ
1294 2731 1408 2808 primae

115 2837 244 2898 secunda
259 2854 395 2916 persona.
425 2837 557 2917 alioquin
579 2835 695 2915 reliqua
717 2837 815 2895 omnia
837 2852 913 2914 quae
935 2836 967 2894 in
989 2852 1048 2913 μαι
1070 2832 1220 2901 desinunt,
1244 2833 1306 2892 sive
1321 2848 1407 2911 prae·

115 2939 208 2999 sentis
230 2956 282 2999 seu
305 2939 399 3000 luturi
422 2940 491 3006 sint,
515 2946 575 2998 tam
597 2939 707 3016 passivi
728 2938 848 3014 generis
870 2954 959 3015 quam
974 2936 1140 2995 communis
1155 2951 1244 2994 uuam
1260 2932 1408 3007 secundae

77 3061 102 3102 aa
116 3057 260 3118 personae
291 3040 432 3119 syllabam
460 3038 629 3100 detrahunt.
663 3037 830 3117 καλοῦμαι
852 3036 956 3118 καλή,
985 3027 1113 3114 ὁρῶμαι
1135 3028 1198 3115 ὁρᾷ
1205 3078 1215 3114 ,
1243 3012 1409 3114 detendunt

114 3137 224 3222 δηλοῖ,
244 3138 410 3221 βλέπομαι
431 3135 549 3221 βλέπῃ,
572 3133 797 3220 τιμῃθήσομαι
812 3134 994 3219 τιμῃθήσῃ,
1017 3134 1224 3218 λεχθήσομαι
1246 3130 1408 3216 λεχθήσῃ,

114 3238 294 3323 τιμήσομαι
316 3239 457 3323 τιμήσῃ,
486 3238 620 3321 λέξομαι
647 3235 737 3320 λέξῃ.
782 3248 813 3301 et
842 3247 874 3300 ut
907 3240 1042 3300 advertas
1070 3239 1199 3300 faciliori
1221 3236 1407 3318 compendio,

114 3363 190 3425 quae
212 3361 318 3423 graeca
341 3343 431 3404 verba
453 3346 568 3422 passiva
584 3343 744 3404 secundam
764 3361 922 3423 personam
938 3344 1083 3402 minorem
1107 3340 1218 3421 syllaba
1243 3341 1407 3421 proterant,

116 3448 217 3525 accipe
245 3446 394 3524 generalis
422 3446 543 3523 regulae
565 3453 715 3525 repertum
738 3446 958 3506 necessitatem.
1004 3446 1101 3504 omnis
1124 3443 1201 3523 apud
1224 3443 1290 3504 illos
1311 3444 1408 3522 prima

78 3571 103 3611 oo
116 3565 243 3625 persona
264 3551 389 3626 passiva,
413 3565 488 3627 quae
510 3549 607 3608 activo
629 3565 682 3608 suo
705 3545 816 3627 syllaba
838 3547 931 3607 maior
953 3552 1008 3615 est,
1032 3545 1106 3606 haec
1120 3543 1263 3625 syllabam
1279 3543 1409 3605 detrahit

117 3648 153 3708 de
176 3649 321 3720 secunda;
344 3667 420 3729 quac
443 3649 575 3729 aequalis
597 3651 692 3710 activo
715 3657 769 3719 est,
792 3650 950 3728 paremio
973 3648 1102 3709 secunda
1125 3654 1221 3707 tenet:
1245 3645 1334 3726 φιλοῖ
1349 3664 1407 3724 φι-

116 3749 251 3830 λοῦμαι,
274 3753 344 3831 quia
365 3752 515 3829 passivum
537 3752 631 3812 maius
653 3753 749 3812 activo
771 3759 825 3820 est,
849 3749 932 3831 φιλῇ
955 3751 1036 3820 lacit,
1059 3744 1146 3810 ἕλκω
1162 3744 1301 3829 ἕλκομαι
1314 3743 1408 3829 ἕλκῃ,

114 3848 233 3930 ἔλεγον
256 3847 422 3933 έλεμόμῃν
438 3847 569 3931 ἐλέγου,
593 3848 704 3932 ἐβόων
726 3847 882 3933 έβοοίμῃν
903 3848 1003 3930 έβοελ,
1026 3846 1160 3932 λαλήσω
1175 3845 1409 3930 λαλῃθήσομαι

116 3949 307 4035 λαλῃθήσῃε
331 3963 433 4016 contra
457 3955 574 4035 ελρῃκα
596 3955 741 4035 είρῃμαι,
764 3956 833 4035 quia
855 3973 910 4034 par
932 3956 1028 4015 activo
1050 3971 1105 4014 suo
1126 3961 1185 4022 cst,
1209 3954 1281 4013 lacit
1302 3970 1409 4013 secun·
1453 4023 1457 4033 Ι

77 4082 103 4123 ιι
117 4055 184 4116 dam
208 4051 438 4134 ἰσοσύλλαβον
460 4059 585 4136 primae,
609 4057 752 4137 είρῃσαι,
774 4053 922 4137 εἰρήκειν
937 4051 1078 4136 είρήμῃν
1093 4057 1220 4136 είρῃσο,
1242 4050 1410 4134 λελάληκα

114 4153 300 4237 λελοίλῃμαι
326 4154 525 4239 λελίλῃσαι,
555 4154 770 4239 ἐλελαλήκειν
799 4154 1007 4239 έλελαλήμῃν
1036 4151 1229 4237 ἑλελιίλῃσο.
1275 4157 1409 4217 inomni

114 4245 207 4320 serbo
228 4261 443 4352 esitiuscumque
473 4262 616 4340 temporis
637 4263 733 4340 prima
755 4279 883 4341 persona
905 4262 937 4320 in
959 4279 1018 4340 μαι
1040 4261 1197 4320 terminata
1220 4258 1364 4319 translato
1385 4276 1409 4336 μ

114 4350 339 4423 tribueram
368 4364 476 4440 migrat
499 4365 529 4423 in
552 4365 672 4424 tertiam
694 4371 812 4424 servato
839 4380 964 4423 numero
986 4360 1175 4440 syllabarum.
1210 4360 1263 4422 sed
1285 4359 1407 4441 paenul-

116 4465 220 4524 timam
243 4465 356 4524 retinet
378 4464 409 4524 in
438 4460 673 4547 παρακειμένῳ
695 4465 817 4544 quidem
840 4483 927 4525 ourne
950 4461 1082 4532 verbum,
1105 4460 1291 4543 πεφίλῃμαι
1311 4460 1408 4540 πεφί·

77 4591 103 4634 40
118 4564 223 4646 λῃται,
247 4568 279 4625 in
303 4569 453 4645 praesenti
476 4585 547 4627 vero
570 4566 630 4627 sola
653 4568 741 4627 tertia
764 4566 904 4644 συζυγία
919 4560 1196 4645 περισπωμένων,
1219 4562 1410 4643 χρυσοῦμαι

115 4668 312 4746 χρυσοῦται.
358 4676 490 4729 ceterum
520 4670 616 4747 prima
636 4669 779 4728 transfert
802 4670 833 4728 in
856 4686 885 4728 ει
908 4667 1132 4747 diphthongum,
1161 4669 1290 4746 quaein
1312 4668 1408 4745 prima

184 4822 216 4869 10
232 4817 349 4888 Graecia]
369 4821 450 4886 gratia
467 4821 493 4870 P
562 4822 593 4871 lb
610 4812 784 4887 ἆροτριῶμαε
800 4822 908 4872 coniecit
925 4819 1071 4887 Obaopoern
1089 4834 1268 4884 αποτριωμαι
1283 4819 1309 4868 P
1374 4817 1408 4868 26

115 4883 351 4955 optentque?
418 4888 712 4969 τιμωμαιθησομαιΡ
779 4889 993 4956 28prolcmntl’
1060 4886 1373 4956 Melppxnlerppml'
