3346 5498
752 388 824 450 aas
1394 386 1437 452 59

1291 496 1412 551 preren.

152 578 333 640 declinari
365 579 437 638 rite
461 595 531 637 rton
555 585 724 656 possunt,
747 582 785 658 ιιι
807 566 899 636 aedo
928 595 992 636 ave
1020 577 1104 638 laxo
1126 578 1178 637 sis
1199 577 1328 638 amabo
1349 579 1438 639 inlit

149 685 291 762 inquam
315 699 454 760 quaeso
477 682 547 739 aio:
572 681 691 761 inquam
714 681 815 758 inquio
838 699 898 755 ripn
913 681 998 748 lacit,
1022 698 1132 758 quaeso
1147 682 1265 759 quaesis
1282 699 1340 740 nou
1357 681 1437 748 laoit,

150 787 192 846 aio
213 786 268 844 aiis
291 802 353 844 non
375 782 453 843 lacit.
492 800 563 860 ergo
586 784 641 842 ista
662 783 762 842 omnia
785 780 948 861 inaequalia
972 790 1001 841 et
1023 781 1273 842 neutrodeleetiva
1296 790 1373 842 sunt.
1399 817 1436 825 -
1542 850 1551 875 x

149 887 237 947 Sunt
260 886 373 945 etiam
395 882 663 963 monosyllaba,
685 884 690 960 Ι
709 902 800 964 qnae
821 885 907 945 ideo
924 886 1033 946 etiam
1051 883 1132 964 [quia
1149 885 1244 944 omnis
1259 885 1354 963 prima
1369 903 1438 963 per·
1451 892 1510 954 383,
1527 892 1555 940 ιι

130 999 217 1049 tsona
240 986 324 1048 verbi
347 995 482 1066 correpta
506 995 564 1054 est,
587 995 620 1046 ut
642 995 744 1056 canto,
775 994 805 1047 to
827 986 924 1047 brevis
947 995 1006 1046 est:
1035 986 1116 1055 dieo,
1147 1006 1181 1046 co
1204 986 1302 1046 brevis
1325 995 1384 1055 est,
1408 994 1439 1046 et

149 1088 258 1170 cetera]
276 1088 458 1168 producta
480 1098 581 1157 sunt,
604 1097 642 1149 ut
661 1090 716 1148 slo
739 1088 783 1148 do
806 1088 870 1148 llo:
895 1088 933 1148 do
950 1088 1015 1158 das,
1039 1089 1219 1150 llollasllat.
1250 1089 1439 1168 quandoista

150 1190 357 1270 monosyllaba,
380 1191 520 1270 producta
537 1199 618 1260 sunt,
635 1193 797 1270 composita
813 1189 912 1250 brevia
928 1199 1012 1260 sunt,
1030 1199 1062 1251 nt
1077 1191 1178 1251 reddo.
1197 1225 1235 1234 —
1253 1192 1344 1252 Sunt
1359 1210 1438 1252 ver·
1452 1198 1484 1246 ts

149 1294 375 1355 bainoertae
397 1294 767 1372 significationis,ut
787 1293 922 1354 tondeo
946 1293 1025 1354 lavo
1048 1293 1190 1354 labrico
1216 1295 1344 1372 punio,
1362 1312 1437 1353 mu-

151 1415 238 1457 nero
259 1395 401 1475 populo
421 1397 545 1475 partio
566 1395 737 1456 adsentio
759 1395 868 1456 adulo
892 1399 1161 1474 luatoanguro:
1179 1403 1278 1456 utrum
1297 1398 1383 1456 activi
1400 1414 1438 1456 an

121 1500 253 1578 npassivi
269 1498 380 1558 tondeo
394 1497 520 1559 tondeor
536 1499 561 1558 si
576 1499 619 1557 vis
635 1497 735 1558 dicere
750 1497 830 1558 dicit.
861 1497 940 1559 lavo:
958 1500 1117 1560 Terentius
1137 1499 1184 1557 ‘it
1204 1496 1293 1558 lavit
1312 1498 1438 1567 redit’‚

150 1599 304 1661 Sallustius
336 1600 550 1661 ‘Cossutius
576 1601 615 1660 in
642 1601 805 1678 proxima
835 1601 919 1661 villa
948 1604 1052 1662 lonte
1081 1598 1302 1661 lavabatur'.
1345 1599 1438 1660 lucto:

150 1703 304 1763 Terentius
325 1702 491 1763 ‘anulum
519 1702 600 1762 dum
623 1700 740 1762 luctat
762 1702 998 1772 detraxisse',
1027 1701 1171 1780 Vergilius
1193 1700 1440 1782 ‘genibusque

139 1802 519 1908 allvalrsawbluotor
542 1804 730 1865 barenae'.
768 1807 876 1884 partio:
907 1802 1062 1865 Sallustius
1083 1805 1313 1883 ‘provincias
1338 1806 1440 1864 inter

150 1926 184 1967 se
204 1908 470 1986 partirerant'‚
495 1906 641 1985 Vergilius
663 1909 715 1967 ‘et
736 1910 860 1967 socios
881 1909 1045 1986 partitur
1069 1909 1104 1967 in
1120 1913 1271 1968 omnes’.
1311 1924 1438 1985 auguro:

120 2007 292 2087 ulergilius
320 2008 373 2067 ‘et
399 2008 524 2088 siquid
549 2013 625 2070 reri
648 2029 749 2070 mens
777 2018 947 2087 augurat,
968 2005 974 2091 Ι
992 2013 1104 2089 opto',
1123 2011 1238 2070 Statius
1261 2015 1440 2088 ‘auguror

149 2109 230 2171 bino
258 2108 398 2170 Thebis
426 2110 515 2171 belli
545 2117 599 2172 m'.
642 2110 768 2191 populo,
804 2131 891 2172 vexo:
935 2113 1083 2186 Veryilt'us
1111 2112 1356 2192 ‘populatque
1384 2112 1439 2171 in·

149 2221 290 2291 gentem
313 2213 629 2274 larrisaeervum'
654 2214 1320 2294 et‘quisquesunmpopulaturiter'.
1353 2214 1440 2274 adulo

149 2314 244 2386 illum,
268 2313 374 2375 adulor
396 2313 451 2386 illi,
475 2316 632 2395 obsequor.
654 2351 690 2360 -
715 2316 757 2376 Et
778 2316 832 2376 his
855 2316 980 2377 verbis
996 2311 1094 2394 'pene
1117 2316 1303 2378 accidunt:
1327 2318 1395 2396 quia
1412 2323 1485 2376 etan

150 2400 300 2478 Metita
333 2418 451 2477 veniunt
479 2427 507 2478 et
530 2438 545 2478 a
568 2420 695 2498 passiva,
725 2426 756 2479 ut
782 2416 869 2478 adulo
897 2417 1020 2479 adulans
1048 2406 1181 2480 adulatus
1210 2418 1384 2479 adulaturus
1412 2427 1441 2478 et

120 2519 321 2580 ”adulandus
338 2519 427 2580 —ld
450 2529 494 2581 est
515 2523 572 2581 rite
594 2520 738 2581 declinari
759 2522 880 2581 omnino
902 2539 961 2581 non
983 2531 1115 2601 possunt.
1153 2540 1220 2582 nam
1243 2520 1281 2582 ab
1304 2539 1339 2581 eo
1362 2521 1440 2601 qnod
1454 2526 1485 2575 16

151 2631 192 2683 est
213 2621 304 2691 cedo,
333 2621 381 2682 dic
410 2621 481 2682 mihi
509 2621 588 2683 illam
611 2641 689 2693 rem,
718 2622 879 2684 secundam
906 2632 935 2683 et
958 2626 1075 2685 tertiam
1098 2642 1256 2702 personam
1278 2642 1337 2684 non
1360 2624 1438 2692 lacit,

151 2723 227 2784 aedis
248 2723 343 2792 cedia
372 2725 404 2783 iu
425 2722 532 2802 plurali
553 2725 622 2785 lacit
644 2733 735 2796 oette,
759 2734 791 2785 ut
813 2725 934 2786 Plautus
955 2727 987 2786 in
1009 2750 1029 2785 ιι
1057 2727 1174 2787 ‘cette
1204 2728 1303 2805 patri
1331 2730 1439 2796 meo',

150 2826 177 2886 id
198 2833 244 2887 est
266 2825 335 2886 date
357 2825 403 2885 rel
424 2826 513 2887 dieite
535 2829 613 2906 patri
635 2846 710 2887 meo.
748 2845 800 2888 ave
822 2827 958 2888 similiter
973 2848 1033 2889 non
1048 2827 1229 2897 declinatur,
1253 2830 1310 2889 nisi
1326 2835 1439 2888 tantum
1513 2836 1517 2840 '

150 2926 321 2988 inseranda
337 2945 473 3006 persona.
512 2928 579 2989 lano
594 2930 680 2989 laxis:
704 2930 860 2991 Terentius
875 2930 988 2991 ‘taxis
1003 2933 1185 3009 promissa
1207 2933 1439 3009 appareant',

121 3030 253 3091 samana
282 3051 299 3091 a
325 3030 421 3109 prima
448 3048 577 3108 persona
601 3049 659 3091 non
682 3030 861 3101 declinatur,
885 3034 953 3111 qnia
976 3032 1055 3093 velut
1077 3031 1254 3093 blandientis
1283 3038 1327 3091 est
1348 3033 1439 3109 signi·

151 3133 253 3193 tieatio.
291 3133 357 3192 inlit
378 3149 436 3191 aaa
459 3131 625 3194 declinatur
646 3136 677 3194 in
699 3136 794 3213 prima
816 3154 959 3214 persona,
989 3137 1056 3215 quia
1079 3137 1143 3196 infit
1165 3136 1263 3214 coepit
1284 3133 1379 3212 loqui,
1408 3141 1441 3193 nt

151 3237 254 3295 ‘infit
278 3230 512 3316 condicente
535 3235 563 3295 d.
587 3235 615 3295 d.
639 3238 703 3316 a’.]

152 3353 376 3361 ——-.—-‚

217 3406 280 3456 Coa.
297 3404 377 3456 Besa.
399 3404 420 3452 X
439 3407 525 3457 4-5.
597 3408 610 3457 1
631 3415 657 3454 ιιι
671 3408 733 3457 aedo
749 3408 830 3468 (corr.
846 3411 880 3458 al.
900 3425 963 3460 mart.
983 3406 1044 3471 edo)
1062 3408 1128 3458 habe
1193 3403 1326 3471 araquio]
1347 3406 1439 3468 inqueo

216 3471 359 3540 liquando]
382 3484 502 3537 quantum
574 3474 675 3543 Slavo]
698 3478 769 3527 labeo
822 3477 911 3543 punio]
933 3481 1024 3543 punico
1090 3462 1220 3544 ilpartlo]
1238 3477 1318 3541 patrio
1374 3475 1440 3524 lucto

151 3561 193 3595 oss.
253 3545 287 3595 12
305 3543 420 3593 anullum
439 3549 558 3599 corr.al.
578 3564 642 3599 maa.
663 3547 766 3596 anulum
820 3549 955 3615 nergilinm
1025 3549 1058 3599 14
1073 3549 1172 3614 uergilii
1244 3547 1276 3597 15
1295 3546 1371 3608 siquit

152 3615 182 3665 16
200 3615 295 3681 populo
312 3629 377 3664 vexo
394 3615 462 3662 illum
483 3616 557 3664 adulo
577 3618 666 3666 adulor
684 3618 809 3679 obsequor
826 3619 902 3669 adulo
921 3618 1010 3668 adulas
1031 3619 1149 3668 adulatus
1168 3617 1317 3667 adulaturus
1336 3625 1361 3664 et
1377 3615 1439 3663 adu·

152 3685 238 3733 landus
256 3696 282 3732 et
300 3683 342 3732 his
355 3686 440 3733 uerbis
459 3701 522 3750 pene
537 3687 653 3736 accidunt
672 3689 730 3748 quis
747 3697 771 3737 et
790 3688 820 3736 ab
839 3691 921 3737 actius
935 3691 1040 3739 ueniunt
1057 3699 1107 3739 eta
1122 3691 1225 3754 passion
1243 3697 1270 3736 ut
1286 3685 1440 3750 populatque

152 3756 245 3820 ingenti
265 3754 341 3803 larris
357 3769 476 3803 acernum
493 3764 517 3804 et
538 3759 645 3818 quisque
663 3772 737 3806 snum
756 3759 893 3824 populator
911 3760 958 3808 iter
975 3760 1000 3808 id
1017 3768 1055 3808 est
1125 3759 1159 3808 20
1175 3759 1206 3808 ab
1225 3754 1266 3823 eo]
1289 3756 1370 3805 babeo

152 3825 181 3887 ll
200 3824 271 3874 illum
343 3823 377 3874 23
394 3823 459 3874 haue
529 3828 563 3878 2⁴
583 3825 745 3894 insecnnda]
765 3830 789 3876 in
808 3832 890 3893 prima
961 3828 1039 3877 laxis.
1059 3827 1158 3878 rimissa
1177 3830 1260 3878 deletu
1279 3844 1329 3877 uua
1345 3830 1440 3888 littera,

151 3898 268 3949 serrat.
287 3911 353 3944 man.
373 3895 493 3958 primissa
563 3897 873 3960 lbnonpostintltorn.
947 3900 1014 3964 cepit
1110 3893 1112 3895 ’

218 4050 236 4100 o
253 4052 419 4113 quantumuis
437 4052 486 4101 istu
499 4053 633 4101 Putsrllius
718 4052 751 4103 10
774 4063 800 4102 nt
823 4063 861 4104 est
880 4056 972 4105 tondeo
994 4063 1018 4104 et
1035 4054 1156 4103 tondeor:
1181 4053 1305 4118 quodvis
1325 4053 1397 4108 diris.
1417 4059 1441 4099 et

153 4119 241 4169 tondeo
259 4119 321 4170 mihi
336 4131 413 4185 eaput
434 4131 458 4169 et
476 4121 581 4170 tondeor
598 4122 659 4170 mihi
680 4125 1015 4189 capt1tPorupeiusp.308
1040 4124 1080 4173 ed.
1099 4124 1176 4174 Liurl.
1248 4124 1266 4170 it
1284 4119 1355 4187 lavit]
1381 4121 1438 4172 Ter.

153 4187 216 4242 Eun.
237 4190 268 4238 111
289 4193 314 4248 5,
335 4191 370 4240 45
456 4191 486 4241 11
513 4192 627 4242 Sallustii
647 4192 723 4242 uerba
747 4197 822 4243 tertio
838 4196 997 4249 distortarum
1015 4193 1079 4243 libro
1097 4194 1183 4243 tribuit
1200 4193 1317 4242 Kritztus
1334 4193 1439 4241 Sallust.

149 4260 238 4325 frepus
256 4276 285 4324 p.
304 4260 356 4310 2411
410 4260 543 4311 Cossinius
559 4262 675 4311 Kritzr'us
726 4261 790 4311 Tarte
808 4266 947 4316 Dielscln'us
1002 4260 1165 4329 tasnatum]
1184 4260 1438 4316 Ter.Hec.V3‚3l

205 4326 373 4394 genibusque]
398 4330 476 4394 Verp.
494 4331 558 4382 Aen.
580 4332 611 4381 111
631 4331 665 4382 38
720 4331 750 4382 ta
771 4334 925 4400 provincias]
943 4337 1008 4386 Sall.
1026 4335 1082 4399 Iup.
1101 4333 1151 4383 43:
1168 4333 1202 4395 cs.
1221 4330 1294 4382 Sera.
1313 4335 1339 4381 iu
1358 4331 1437 4391 Verp.

152 4399 214 4448 Aen.
237 4400 247 4448 1
268 4399 317 4450 tat
336 4400 415 4451 Prob.
434 4400 525 4450 embol.
541 4419 570 4465 p.
582 4399 625 4458 36.
644 4401 677 4447 25
732 4403 764 4452 14
783 4415 807 4452 et
825 4405 918 4470 socios]
939 4407 1017 4469 Verp.
1037 4407 1102 4456 Aen.
1119 4404 1128 4451 l
1148 4403 1198 4454 194
1251 4400 1283 4451 15
1300 4411 1324 4450 et
1343 4395 1435 4462 siquid]

156 4470 232 4534 γαρ.
251 4469 318 4520 Aen.
332 4469 377 4518 Vll
396 4469 447 4520 273
519 4468 625 4537 Statius]
651 4470 785 4522 Tueatur
805 4475 856 4525 592
928 4475 959 4525 ltt
976 4474 1070 4539 populo
1085 4470 1154 4538 sqq]
1172 4470 1364 4520 transnatando
1378 4483 1439 4529 per·

151 4539 249 4589 turbata
262 4540 356 4589 codrus
370 4543 500 4602 scriptura
515 4550 614 4591 serious
630 4557 682 4591 sura
698 4543 839 4607 Porrrpeium
852 4559 881 4606 p.
892 4544 943 4594 308
960 4554 985 4594 et
999 4543 1050 4592 310
1066 4544 1106 4594 ed.
1126 4542 1201 4591 hlud.
1271 4533 1435 4604 populatque]

157 4610 232 4673 Vsrp.
249 4624 337 4675 prora.
362 4608 439 4660 1185
512 4611 542 4661 17
563 4609 681 4678 quisque]
714 4614 792 4677 Verp.
814 4614 879 4666 Aen.
899 4614 947 4663 xn
966 4613 1017 4665 525
1088 4613 1252 4660 autumnum
1278 4623 1328 4672 qua
1354 4620 1439 4654 nornen

150 4679 251 4741 subulae
270 4682 405 4730 Plautinae
425 4682 521 4731 excidit
539 4682 656 4732 indicavi.
684 4684 770 4731 eadem
790 4685 879 4733 Plauto
902 4684 989 4734 tribuit
1012 4682 1143 4744 Pompeius
1162 4695 1188 4741 p.
1208 4678 1258 4727 3⁶25
1282 4678 1322 4728 ert
1344 4675 1439 4729 alna,-

154 4752 246 4802 erruu'l
266 4751 389 4800 Aloeiuus
410 4766 437 4813 p.
457 4752 525 4802 2118
549 4760 613 4801 cette
638 4766 684 4814 pro
709 4751 767 4800 date
786 4752 919 4804 Terentius
943 4758 1023 4802 ‘cette
1046 4752 1113 4817 patri
1132 4765 1188 4797 meo
1198 4751 1215 4799 ’.
1253 4753 1317 4793 cette
1334 4744 1439 4793 dextras

154 4822 265 4870 numum
284 4821 380 4870 Plauto
402 4823 512 4872 restituit
529 4821 689 4870 Camerarius
705 4821 789 4876 Mera,
809 4823 831 4871 V
848 4825 905 4886 4,4
926 4822 963 4886 (υ,
976 4819 1042 4887 965)
1112 4822 1145 4875 24
1163 4810 1308 4881 Terentius]
1331 4813 1396 4862 Eun.
1416 4815 1438 4867 ll

154 4887 228 4951 1211
297 4892 332 4942 27
351 4889 405 4954 iniit
423 4889 464 4960 eo]
490 4892 569 4960 Verp.
589 4889 653 4944 Aen.
674 4891 698 4940 X
719 4890 766 4950 101
