<?xml version="1.0" encoding="UTF-8"?>
<!DOCTYPE html PUBLIC "-//W3C//DTD XHTML 1.0 Transitional//EN"
    "http://www.w3.org/TR/xhtml1/DTD/xhtml1-transitional.dtd">
<html xmlns="http://www.w3.org/1999/xhtml" xml:lang="en" lang="en">
 <head>
  <title>
</title>
<meta http-equiv="Content-Type" content="text/html;charset=utf-8" />
  <meta name='ocr-system' content='tesseract 3.04.00' />
  <meta name='ocr-capabilities' content='ocr_page ocr_carea ocr_par ocr_line ocrx_word'/>
</head>
<body>
  <div class='ocr_page' id='page_1' title='image "./grammaticilatin03keilgoog_0234.png"; bbox 0 0 3346 5498; ppageno 0'>
   <div class='ocr_carea' id='block_1_1' title="bbox 10 374 1511 4239">
    <p class='ocr_par' dir='ltr' id='par_1_1' title="bbox 635 374 1453 557">
     <span class='ocr_line' id='line_1_1' title="bbox 635 374 1453 461; baseline -0.005 0"><span class='ocrx_word' id='word_1_1' title='bbox 635 399 870 461; x_wconf 87' lang='lat' dir='ltr'>counsnrvu</span> <span class='ocrx_word' id='word_1_2' title='bbox 1337 393 1398 458; x_wconf 72' lang='grc' dir='ltr'>εει</span> <span class='ocrx_word' id='word_1_3' title='bbox 1435 374 1453 415; x_wconf 81' lang='grc'><em>·</em></span> 
     </span>
     <span class='ocr_line' id='line_1_2' title="bbox 1221 504 1376 557; baseline -0.013 -11"><span class='ocrx_word' id='word_1_4' title='bbox 1221 504 1376 557; x_wconf 70' lang='lat' dir='ltr'>pato-aar.</span> 
     </span>
    </p>

    <p class='ocr_par' dir='ltr' id='par_1_2' title="bbox 10 583 1405 2808">
     <span class='ocr_line' id='line_1_3' title="bbox 10 583 1400 670; baseline -0.006 -19"><span class='ocrx_word' id='word_1_5' title='bbox 10 595 12 603; x_wconf 90' lang='lat'>&#39;</span> <span class='ocrx_word' id='word_1_6' title='bbox 109 589 215 670; x_wconf 87' lang='lat' dir='ltr'>cipalia</span> <span class='ocrx_word' id='word_1_7' title='bbox 238 596 320 657; x_wconf 89' lang='lat' dir='ltr'>sunt;</span> <span class='ocrx_word' id='word_1_8' title='bbox 354 588 427 648; x_wconf 87' lang='lat' dir='ltr'>liunt</span> <span class='ocrx_word' id='word_1_9' title='bbox 449 586 518 648; x_wconf 87' lang='lat' dir='ltr'>indo</span> <span class='ocrx_word' id='word_1_10' title='bbox 540 585 712 647; x_wconf 84' lang='lat' dir='ltr'>diminutiva</span> <span class='ocrx_word' id='word_1_11' title='bbox 735 584 857 648; x_wconf 87' lang='lat' dir='ltr'>sorbillo</span> <span class='ocrx_word' id='word_1_12' title='bbox 873 583 988 663; x_wconf 93' lang='lat' dir='ltr'>sugillo.</span> <span class='ocrx_word' id='word_1_13' title='bbox 1033 591 1103 646; x_wconf 91' lang='lat' dir='ltr'>sunt</span> <span class='ocrx_word' id='word_1_14' title='bbox 1117 583 1299 661; x_wconf 89' lang='lat' dir='ltr'>aliquotiens</span> <span class='ocrx_word' id='word_1_15' title='bbox 1314 583 1400 644; x_wconf 85' lang='lat' dir='ltr'>rlimi·</span> 
     </span>
     <span class='ocr_line' id='line_1_4' title="bbox 109 684 1401 769; baseline -0.005 -17"><span class='ocrx_word' id='word_1_16' title='bbox 109 692 210 752; x_wconf 89' lang='lat' dir='ltr'>nutiva</span> <span class='ocrx_word' id='word_1_17' title='bbox 234 699 264 751; x_wconf 91' lang='lat' dir='ltr'>et</span> <span class='ocrx_word' id='word_1_18' title='bbox 284 708 343 751; x_wconf 89' lang='lat' dir='ltr'>nou</span> <span class='ocrx_word' id='word_1_19' title='bbox 367 689 478 750; x_wconf 89' lang='lat' dir='ltr'>habent</span> <span class='ocrx_word' id='word_1_20' title='bbox 498 688 654 768; x_wconf 91' lang='lat' dir='ltr'>primitiva,</span> <span class='ocrx_word' id='word_1_21' title='bbox 680 686 833 769; x_wconf 89' lang='lat' dir='ltr'>[legimus]</span> <span class='ocrx_word' id='word_1_22' title='bbox 862 705 950 765; x_wconf 91' lang='lat' dir='ltr'>quem</span> <span class='ocrx_word' id='word_1_23' title='bbox 979 687 1015 749; x_wconf 89' lang='lat' dir='ltr'>ad</span> <span class='ocrx_word' id='word_1_24' title='bbox 1038 686 1159 748; x_wconf 84' lang='lat' dir='ltr'>morium</span> <span class='ocrx_word' id='word_1_25' title='bbox 1182 684 1229 745; x_wconf 91' lang='lat' dir='ltr'>illa</span> <span class='ocrx_word' id='word_1_26' title='bbox 1252 687 1283 745; x_wconf 92' lang='lat' dir='ltr'>in</span> <span class='ocrx_word' id='word_1_27' title='bbox 1307 687 1401 746; x_wconf 90' lang='lat' dir='ltr'>uomi-</span> 
     </span>
     <span class='ocr_line' id='line_1_5' title="bbox 110 787 1401 854; baseline -0.005 0"><span class='ocrx_word' id='word_1_28' title='bbox 110 792 208 854; x_wconf 81' lang='lat' dir='ltr'>nilrus.</span> <span class='ocrx_word' id='word_1_29' title='bbox 254 800 325 854; x_wconf 89' lang='lat' dir='ltr'>sunt</span> <span class='ocrx_word' id='word_1_30' title='bbox 351 800 450 852; x_wconf 86' lang='lat' dir='ltr'>auteur</span> <span class='ocrx_word' id='word_1_31' title='bbox 478 788 577 850; x_wconf 90' lang='lat' dir='ltr'>labula</span> <span class='ocrx_word' id='word_1_32' title='bbox 602 789 715 850; x_wconf 86' lang='lat' dir='ltr'>macula</span> <span class='ocrx_word' id='word_1_33' title='bbox 743 788 856 850; x_wconf 90' lang='lat' dir='ltr'>tabula:</span> <span class='ocrx_word' id='word_1_34' title='bbox 890 792 945 850; x_wconf 87' lang='lat' dir='ltr'>ista</span> <span class='ocrx_word' id='word_1_35' title='bbox 974 809 1047 851; x_wconf 89' lang='lat' dir='ltr'>sono</span> <span class='ocrx_word' id='word_1_36' title='bbox 1075 796 1143 849; x_wconf 88' lang='lat' dir='ltr'>suut</span> <span class='ocrx_word' id='word_1_37' title='bbox 1171 794 1284 848; x_wconf 90' lang='lat' dir='ltr'>tantum</span> <span class='ocrx_word' id='word_1_38' title='bbox 1314 787 1401 849; x_wconf 91' lang='lat' dir='ltr'>modo</span> 
     </span>
     <span class='ocr_line' id='line_1_6' title="bbox 110 884 1403 973; baseline -0.004 -19"><span class='ocrx_word' id='word_1_39' title='bbox 110 894 292 963; x_wconf 82' lang='lat' dir='ltr'>diminutiva,</span> <span class='ocrx_word' id='word_1_40' title='bbox 317 894 529 973; x_wconf 82' lang='lat' dir='ltr'>significatione</span> <span class='ocrx_word' id='word_1_41' title='bbox 552 901 649 954; x_wconf 89' lang='lat' dir='ltr'>autem</span> <span class='ocrx_word' id='word_1_42' title='bbox 673 891 845 971; x_wconf 80' lang='lat' dir='ltr'>principalia</span> <span class='ocrx_word' id='word_1_43' title='bbox 866 899 944 952; x_wconf 90' lang='lat' dir='ltr'>sunt.</span> <span class='ocrx_word' id='word_1_44' title='bbox 978 893 1020 952; x_wconf 90' lang='lat' dir='ltr'>sic</span> <span class='ocrx_word' id='word_1_45' title='bbox 1043 892 1130 951; x_wconf 91' lang='lat' dir='ltr'>etiam</span> <span class='ocrx_word' id='word_1_46' title='bbox 1153 884 1227 957; x_wconf 82' lang='lat' dir='ltr'>ista‚&#39;</span> <span class='ocrx_word' id='word_1_47' title='bbox 1241 891 1350 970; x_wconf 79' lang='lat' dir='ltr'>pytisso</span> <span class='ocrx_word' id='word_1_48' title='bbox 1374 899 1403 949; x_wconf 89' lang='lat' dir='ltr'>et</span> 
     </span>
     <span class='ocr_line' id='line_1_7' title="bbox 80 990 1402 1075; baseline -0.004 -19"><span class='ocrx_word' id='word_1_49' title='bbox 80 995 227 1057; x_wconf 84' lang='lat' dir='ltr'>sracillo:</span> <span class='ocrx_word' id='word_1_50' title='bbox 250 997 361 1075; x_wconf 77' lang='lat' dir='ltr'>pytisso</span> <span class='ocrx_word' id='word_1_51' title='bbox 384 1006 413 1056; x_wconf 91' lang='lat' dir='ltr'>et</span> <span class='ocrx_word' id='word_1_52' title='bbox 435 993 538 1057; x_wconf 83' lang='lat' dir='ltr'>vacillo</span> <span class='ocrx_word' id='word_1_53' title='bbox 561 993 650 1055; x_wconf 87' lang='lat' dir='ltr'>verba</span> <span class='ocrx_word' id='word_1_54' title='bbox 672 999 742 1054; x_wconf 91' lang='lat' dir='ltr'>sunt</span> <span class='ocrx_word' id='word_1_55' title='bbox 763 992 950 1064; x_wconf 83' lang='lat' dir='ltr'>diminutiva,</span> <span class='ocrx_word' id='word_1_56' title='bbox 974 1001 1123 1055; x_wconf 89' lang='lat' dir='ltr'>ettamen</span> <span class='ocrx_word' id='word_1_57' title='bbox 1146 990 1320 1072; x_wconf 84' lang='lat' dir='ltr'>principalia</span> <span class='ocrx_word' id='word_1_58' title='bbox 1342 1009 1402 1052; x_wconf 92' lang='lat' dir='ltr'>nou</span> 
     </span>
     <span class='ocr_line' id='line_1_8' title="bbox 108 1094 1401 1176; baseline -0.003 -18"><span class='ocrx_word' id='word_1_59' title='bbox 108 1098 228 1160; x_wconf 89' lang='lat' dir='ltr'>habent.</span> <span class='ocrx_word' id='word_1_60' title='bbox 275 1117 333 1158; x_wconf 94' lang='lat' dir='ltr'>uon</span> <span class='ocrx_word' id='word_1_61' title='bbox 358 1095 361 1175; x_wconf 74' lang='lat' dir='ltr'>l</span> <span class='ocrx_word' id='word_1_62' title='bbox 387 1099 465 1158; x_wconf 87' lang='lat' dir='ltr'>eninr</span> <span class='ocrx_word' id='word_1_63' title='bbox 488 1114 607 1176; x_wconf 88' lang='lat' dir='ltr'>possum</span> <span class='ocrx_word' id='word_1_64' title='bbox 630 1095 730 1157; x_wconf 76' lang='lat' dir='ltr'>elicere</span> <span class='ocrx_word' id='word_1_65' title='bbox 752 1113 841 1175; x_wconf 79' lang='lat' dir='ltr'>pysso</span> <span class='ocrx_word' id='word_1_66' title='bbox 864 1095 900 1156; x_wconf 88' lang='lat' dir='ltr'>ab</span> <span class='ocrx_word' id='word_1_67' title='bbox 924 1113 959 1155; x_wconf 92' lang='lat' dir='ltr'>eo</span> <span class='ocrx_word' id='word_1_68' title='bbox 982 1094 1060 1173; x_wconf 83' lang='lat' dir='ltr'>quorl</span> <span class='ocrx_word' id='word_1_69' title='bbox 1084 1101 1129 1155; x_wconf 92' lang='lat' dir='ltr'>est</span> <span class='ocrx_word' id='word_1_70' title='bbox 1154 1095 1274 1174; x_wconf 73' lang='lat' dir='ltr'>pytissu</span> <span class='ocrx_word' id='word_1_71' title='bbox 1297 1112 1401 1174; x_wconf 92' lang='lat' dir='ltr'>quam·</span> 
     </span>
     <span class='ocr_line' id='line_1_9' title="bbox 108 1195 1400 1280; baseline -0.005 -19"><span class='ocrx_word' id='word_1_72' title='bbox 108 1218 197 1280; x_wconf 92' lang='lat' dir='ltr'>quarn</span> <span class='ocrx_word' id='word_1_73' title='bbox 223 1200 383 1278; x_wconf 80' lang='lat' dir='ltr'>legerimus</span> <span class='ocrx_word' id='word_1_74' title='bbox 411 1200 440 1259; x_wconf 93' lang='lat' dir='ltr'>in</span> <span class='ocrx_word' id='word_1_75' title='bbox 470 1197 654 1279; x_wconf 76' lang='lat' dir='ltr'>etymologiis</span> <span class='ocrx_word' id='word_1_76' title='bbox 688 1197 765 1277; x_wconf 92' lang='lat' dir='ltr'>quod</span> <span class='ocrx_word' id='word_1_77' title='bbox 799 1199 948 1259; x_wconf 90' lang='lat' dir='ltr'>iuvenitur</span> <span class='ocrx_word' id='word_1_78' title='bbox 981 1199 1056 1258; x_wconf 91' lang='lat' dir='ltr'>ratio</span> <span class='ocrx_word' id='word_1_79' title='bbox 1090 1197 1196 1257; x_wconf 88' lang='lat' dir='ltr'>horum</span> <span class='ocrx_word' id='word_1_80' title='bbox 1232 1195 1400 1257; x_wconf 90' lang='lat' dir='ltr'>verborum.</span> 
     </span>
     <span class='ocr_line' id='line_1_10' title="bbox 109 1299 1402 1384; baseline -0.003 -23"><span class='ocrx_word' id='word_1_81' title='bbox 109 1301 213 1362; x_wconf 88' lang='lat' dir='ltr'>dicunt</span> <span class='ocrx_word' id='word_1_82' title='bbox 242 1301 320 1361; x_wconf 92' lang='lat' dir='ltr'>enim</span> <span class='ocrx_word' id='word_1_83' title='bbox 347 1302 460 1380; x_wconf 79' lang='lat' dir='ltr'>pytisso</span> <span class='ocrx_word' id='word_1_84' title='bbox 488 1301 527 1360; x_wconf 90' lang='lat' dir='ltr'>ita</span> <span class='ocrx_word' id='word_1_85' title='bbox 558 1319 623 1360; x_wconf 90' lang='lat' dir='ltr'>esse</span> <span class='ocrx_word' id='word_1_86' title='bbox 651 1305 816 1384; x_wconf 86' lang='lat' dir='ltr'>permutata</span> <span class='ocrx_word' id='word_1_87' title='bbox 844 1299 956 1370; x_wconf 88' lang='lat' dir='ltr'>littera,</span> <span class='ocrx_word' id='word_1_88' title='bbox 980 1301 1064 1379; x_wconf 88' lang='lat' dir='ltr'>quasi</span> <span class='ocrx_word' id='word_1_89' title='bbox 1087 1301 1212 1379; x_wconf 89' lang='lat' dir='ltr'>potisso.</span> <span class='ocrx_word' id='word_1_90' title='bbox 1258 1299 1334 1358; x_wconf 86' lang='lat' dir='ltr'>etsi</span> <span class='ocrx_word' id='word_1_91' title='bbox 1358 1305 1402 1358; x_wconf 87' lang='lat' dir='ltr'>est</span> 
     </span>
     <span class='ocr_line' id='line_1_11' title="bbox 108 1398 1401 1483; baseline -0.005 -19"><span class='ocrx_word' id='word_1_92' title='bbox 108 1405 229 1483; x_wconf 86' lang='lat' dir='ltr'>potisso,</span> <span class='ocrx_word' id='word_1_93' title='bbox 253 1402 342 1464; x_wconf 82' lang='lat' dir='ltr'>lvalvct</span> <span class='ocrx_word' id='word_1_94' title='bbox 363 1399 526 1482; x_wconf 86' lang='lat' dir='ltr'>principale</span> <span class='ocrx_word' id='word_1_95' title='bbox 549 1409 637 1481; x_wconf 87' lang='lat' dir='ltr'>poto,</span> <span class='ocrx_word' id='word_1_96' title='bbox 661 1408 694 1461; x_wconf 94' lang='lat' dir='ltr'>ut</span> <span class='ocrx_word' id='word_1_97' title='bbox 716 1420 770 1480; x_wconf 91' lang='lat' dir='ltr'>per</span> <span class='ocrx_word' id='word_1_98' title='bbox 792 1402 962 1482; x_wconf 76' lang='lat' dir='ltr'>synaeresin</span> <span class='ocrx_word' id='word_1_99' title='bbox 986 1400 1042 1462; x_wconf 89' lang='lat' dir='ltr'>hoc</span> <span class='ocrx_word' id='word_1_100' title='bbox 1058 1401 1167 1462; x_wconf 88' lang='lat' dir='ltr'>lactum</span> <span class='ocrx_word' id='word_1_101' title='bbox 1189 1402 1227 1462; x_wconf 90' lang='lat' dir='ltr'>sit</span> <span class='ocrx_word' id='word_1_102' title='bbox 1254 1398 1401 1479; x_wconf 85' lang='lat' dir='ltr'>[ceterum</span> 
     </span>
     <span class='ocr_line' id='line_1_12' title="bbox 68 1499 1403 1584; baseline -0.001 -24"><span class='ocrx_word' id='word_1_103' title='bbox 68 1522 97 1560; x_wconf 80' lang='lat' dir='ltr'>ro</span> <span class='ocrx_word' id='word_1_104' title='bbox 110 1507 222 1584; x_wconf 88' lang='lat' dir='ltr'>potisso</span> <span class='ocrx_word' id='word_1_105' title='bbox 245 1505 324 1564; x_wconf 89' lang='lat' dir='ltr'>venit</span> <span class='ocrx_word' id='word_1_106' title='bbox 347 1503 384 1564; x_wconf 90' lang='lat' dir='ltr'>ab</span> <span class='ocrx_word' id='word_1_107' title='bbox 408 1501 545 1581; x_wconf 88' lang='lat' dir='ltr'>eoquod</span> <span class='ocrx_word' id='word_1_108' title='bbox 569 1510 614 1563; x_wconf 85' lang='lat' dir='ltr'>est</span> <span class='ocrx_word' id='word_1_109' title='bbox 635 1500 730 1583; x_wconf 91' lang='lat' dir='ltr'>poto].</span> <span class='ocrx_word' id='word_1_110' title='bbox 775 1505 847 1564; x_wconf 88' lang='lat' dir='ltr'>item</span> <span class='ocrx_word' id='word_1_111' title='bbox 871 1503 984 1574; x_wconf 85' lang='lat' dir='ltr'>vacillo,</span> <span class='ocrx_word' id='word_1_112' title='bbox 1009 1502 1119 1570; x_wconf 88' lang='lat' dir='ltr'>dicunt,</span> <span class='ocrx_word' id='word_1_113' title='bbox 1143 1503 1289 1580; x_wconf 82' lang='lat' dir='ltr'>originem</span> <span class='ocrx_word' id='word_1_114' title='bbox 1312 1499 1403 1561; x_wconf 91' lang='lat' dir='ltr'>trahit</span> 
     </span>
     <span class='ocr_line' id='line_1_13' title="bbox 108 1602 1401 1686; baseline -0.004 -19"><span class='ocrx_word' id='word_1_115' title='bbox 108 1605 146 1667; x_wconf 89' lang='lat' dir='ltr'>ab</span> <span class='ocrx_word' id='word_1_116' title='bbox 169 1626 204 1667; x_wconf 90' lang='lat' dir='ltr'>eo</span> <span class='ocrx_word' id='word_1_117' title='bbox 227 1605 306 1686; x_wconf 91' lang='lat' dir='ltr'>quod</span> <span class='ocrx_word' id='word_1_118' title='bbox 330 1613 374 1666; x_wconf 93' lang='lat' dir='ltr'>est</span> <span class='ocrx_word' id='word_1_119' title='bbox 396 1623 494 1685; x_wconf 88' lang='lat' dir='ltr'>vagor,</span> <span class='ocrx_word' id='word_1_120' title='bbox 519 1606 548 1666; x_wconf 83' lang='lat' dir='ltr'>irl</span> <span class='ocrx_word' id='word_1_121' title='bbox 572 1613 617 1667; x_wconf 92' lang='lat' dir='ltr'>est</span> <span class='ocrx_word' id='word_1_122' title='bbox 640 1612 726 1665; x_wconf 73' lang='lat' dir='ltr'>uoto:</span> <span class='ocrx_word' id='word_1_123' title='bbox 752 1605 822 1666; x_wconf 90' lang='lat' dir='ltr'>inde</span> <span class='ocrx_word' id='word_1_124' title='bbox 844 1624 915 1685; x_wconf 86' lang='lat' dir='ltr'>ergo</span> <span class='ocrx_word' id='word_1_125' title='bbox 937 1624 1009 1684; x_wconf 88' lang='lat' dir='ltr'>vago</span> <span class='ocrx_word' id='word_1_126' title='bbox 1024 1604 1176 1674; x_wconf 86' lang='lat' dir='ltr'>dicebarrt;</span> <span class='ocrx_word' id='word_1_127' title='bbox 1202 1622 1273 1683; x_wconf 89' lang='lat' dir='ltr'>ergo</span> <span class='ocrx_word' id='word_1_128' title='bbox 1289 1602 1401 1672; x_wconf 85' lang='lat' dir='ltr'>vacillo,</span> 
     </span>
     <span class='ocr_line' id='line_1_14' title="bbox 108 1705 1403 1788; baseline -0.003 -19"><span class='ocrx_word' id='word_1_129' title='bbox 108 1709 192 1788; x_wconf 89' lang='lat' dir='ltr'>quasi</span> <span class='ocrx_word' id='word_1_130' title='bbox 220 1717 290 1769; x_wconf 92' lang='lat' dir='ltr'>nuto</span> <span class='ocrx_word' id='word_1_131' title='bbox 319 1716 349 1768; x_wconf 89' lang='lat' dir='ltr'>et</span> <span class='ocrx_word' id='word_1_132' title='bbox 377 1707 519 1769; x_wconf 89' lang='lat' dir='ltr'>memhris</span> <span class='ocrx_word' id='word_1_133' title='bbox 549 1725 646 1787; x_wconf 88' lang='lat' dir='ltr'>vagor.</span> <span class='ocrx_word' id='word_1_134' title='bbox 691 1706 749 1768; x_wconf 92' lang='lat' dir='ltr'>hoc</span> <span class='ocrx_word' id='word_1_135' title='bbox 777 1707 856 1785; x_wconf 91' lang='lat' dir='ltr'>quod</span> <span class='ocrx_word' id='word_1_136' title='bbox 884 1707 956 1767; x_wconf 86' lang='lat' dir='ltr'>dicit</span> <span class='ocrx_word' id='word_1_137' title='bbox 982 1709 1052 1768; x_wconf 89' lang='lat' dir='ltr'>satis</span> <span class='ocrx_word' id='word_1_138' title='bbox 1075 1705 1132 1766; x_wconf 88' lang='lat' dir='ltr'>lide</span> <span class='ocrx_word' id='word_1_139' title='bbox 1154 1713 1250 1775; x_wconf 88' lang='lat' dir='ltr'>caret,</span> <span class='ocrx_word' id='word_1_140' title='bbox 1280 1707 1403 1765; x_wconf 91' lang='lat' dir='ltr'>omnino</span> 
     </span>
     <span class='ocr_line' id='line_1_15' title="bbox 108 1806 1403 1889; baseline -0.002 -20"><span class='ocrx_word' id='word_1_141' title='bbox 108 1827 168 1870; x_wconf 90' lang='lat' dir='ltr'>uon</span> <span class='ocrx_word' id='word_1_142' title='bbox 191 1808 281 1870; x_wconf 85' lang='lat' dir='ltr'>lrabet</span> <span class='ocrx_word' id='word_1_143' title='bbox 301 1812 446 1871; x_wconf 90' lang='lat' dir='ltr'>rationem</span> <span class='ocrx_word' id='word_1_144' title='bbox 462 1811 593 1889; x_wconf 87' lang='lat' dir='ltr'>penitus:</span> <span class='ocrx_word' id='word_1_145' title='bbox 618 1811 695 1870; x_wconf 89' lang='lat' dir='ltr'>scire</span> <span class='ocrx_word' id='word_1_146' title='bbox 712 1809 863 1879; x_wconf 87' lang='lat' dir='ltr'>debemus,</span> <span class='ocrx_word' id='word_1_147' title='bbox 888 1811 935 1877; x_wconf 86' lang='lat' dir='ltr'>ait.</span> <span class='ocrx_word' id='word_1_148' title='bbox 959 1826 1024 1870; x_wconf 90' lang='lat' dir='ltr'>osse</span> <span class='ocrx_word' id='word_1_149' title='bbox 1045 1806 1140 1887; x_wconf 89' lang='lat' dir='ltr'>aliqua</span> <span class='ocrx_word' id='word_1_150' title='bbox 1156 1809 1244 1868; x_wconf 90' lang='lat' dir='ltr'>ctiam</span> <span class='ocrx_word' id='word_1_151' title='bbox 1259 1808 1290 1867; x_wconf 91' lang='lat' dir='ltr'>iu</span> <span class='ocrx_word' id='word_1_152' title='bbox 1306 1806 1403 1867; x_wconf 87' lang='lat' dir='ltr'>verbis</span> 
     </span>
     <span class='ocr_line' id='line_1_16' title="bbox 106 1910 1403 1989; baseline -0.002 -17"><span class='ocrx_word' id='word_1_153' title='bbox 106 1911 321 1989; x_wconf 86' lang='lat' dir='ltr'>irequentativa</span> <span class='ocrx_word' id='word_1_154' title='bbox 338 1930 397 1972; x_wconf 94' lang='lat' dir='ltr'>non</span> <span class='ocrx_word' id='word_1_155' title='bbox 414 1931 430 1972; x_wconf 93' lang='lat' dir='ltr'>a</span> <span class='ocrx_word' id='word_1_156' title='bbox 447 1911 543 1972; x_wconf 90' lang='lat' dir='ltr'>verbis</span> <span class='ocrx_word' id='word_1_157' title='bbox 560 1912 714 1981; x_wconf 88' lang='lat' dir='ltr'>venientia,</span> <span class='ocrx_word' id='word_1_158' title='bbox 731 1910 814 1970; x_wconf 89' lang='lat' dir='ltr'>seda</span> <span class='ocrx_word' id='word_1_159' title='bbox 832 1910 1010 1981; x_wconf 83' lang='lat' dir='ltr'>nominibus,</span> <span class='ocrx_word' id='word_1_160' title='bbox 1027 1915 1059 1972; x_wconf 97' lang='grc' dir='ltr'>ιιι</span> <span class='ocrx_word' id='word_1_161' title='bbox 1075 1920 1120 1970; x_wconf 87' lang='lat' dir='ltr'>est</span> <span class='ocrx_word' id='word_1_162' title='bbox 1134 1911 1309 1988; x_wconf 90' lang='lat' dir='ltr'>graecissat;</span> <span class='ocrx_word' id='word_1_163' title='bbox 1333 1927 1403 1970; x_wconf 87' lang='lat' dir='ltr'>ecce</span> 
     </span>
     <span class='ocr_line' id='line_1_17' title="bbox 54 2010 1402 2092; baseline 0 -20"><span class='ocrx_word' id='word_1_164' title='bbox 54 2032 95 2089; x_wconf 34' lang='lat' dir='ltr'>‚ra</span> <span class='ocrx_word' id='word_1_165' title='bbox 108 2016 273 2092; x_wconf 89' lang='lat' dir='ltr'>graecissat</span> <span class='ocrx_word' id='word_1_166' title='bbox 286 2014 535 2091; x_wconf 79' lang='lat' dir='ltr'>frequentativum</span> <span class='ocrx_word' id='word_1_167' title='bbox 552 2023 604 2084; x_wconf 87' lang='lat' dir='ltr'>est,</span> <span class='ocrx_word' id='word_1_168' title='bbox 617 2014 669 2074; x_wconf 89' lang='lat' dir='ltr'>sed</span> <span class='ocrx_word' id='word_1_169' title='bbox 686 2013 723 2074; x_wconf 83' lang='lat' dir='ltr'>rie</span> <span class='ocrx_word' id='word_1_170' title='bbox 740 2013 859 2073; x_wconf 90' lang='lat' dir='ltr'>nomine</span> <span class='ocrx_word' id='word_1_171' title='bbox 875 2014 1020 2091; x_wconf 89' lang='lat' dir='ltr'>originem</span> <span class='ocrx_word' id='word_1_172' title='bbox 1035 2012 1134 2073; x_wconf 88' lang='lat' dir='ltr'>sumit.</span> <span class='ocrx_word' id='word_1_173' title='bbox 1157 2012 1285 2091; x_wconf 90' lang='lat' dir='ltr'>primum</span> <span class='ocrx_word' id='word_1_174' title='bbox 1299 2010 1402 2073; x_wconf 89' lang='lat' dir='ltr'>laisum</span> 
     </span>
     <span class='ocr_line' id='line_1_18' title="bbox 111 2113 1405 2195; baseline -0.002 -19"><span class='ocrx_word' id='word_1_175' title='bbox 111 2124 165 2176; x_wconf 88' lang='lat' dir='ltr'>est.</span> <span class='ocrx_word' id='word_1_176' title='bbox 204 2116 452 2195; x_wconf 79' lang='lat' dir='ltr'>frequentativum</span> <span class='ocrx_word' id='word_1_177' title='bbox 475 2135 563 2194; x_wconf 88' lang='lat' dir='ltr'>quem</span> <span class='ocrx_word' id='word_1_178' title='bbox 586 2116 621 2176; x_wconf 81' lang='grc' dir='ltr'>ει]</span> <span class='ocrx_word' id='word_1_179' title='bbox 645 2115 763 2176; x_wconf 87' lang='lat' dir='ltr'>modum</span> <span class='ocrx_word' id='word_1_180' title='bbox 787 2114 932 2176; x_wconf 79' lang='lat' dir='ltr'>delinivit?</span> <span class='ocrx_word' id='word_1_181' title='bbox 955 2113 1199 2193; x_wconf 78' lang='lat' dir='ltr'>frequentativum</span> <span class='ocrx_word' id='word_1_182' title='bbox 1222 2113 1343 2175; x_wconf 90' lang='lat' dir='ltr'>verbum</span> <span class='ocrx_word' id='word_1_183' title='bbox 1360 2123 1405 2175; x_wconf 89' lang='lat' dir='ltr'>est</span> 
     </span>
     <span class='ocr_line' id='line_1_19' title="bbox 108 2216 1402 2298; baseline -0.003 -19"><span class='ocrx_word' id='word_1_184' title='bbox 108 2217 188 2295; x_wconf 82' lang='lat' dir='ltr'>quorl</span> <span class='ocrx_word' id='word_1_185' title='bbox 204 2236 293 2298; x_wconf 88' lang='lat' dir='ltr'>saepe</span> <span class='ocrx_word' id='word_1_186' title='bbox 309 2234 363 2279; x_wconf 93' lang='lat' dir='ltr'>nos</span> <span class='ocrx_word' id='word_1_187' title='bbox 379 2217 488 2294; x_wconf 86' lang='lat' dir='ltr'>aliquid</span> <span class='ocrx_word' id='word_1_188' title='bbox 505 2237 594 2296; x_wconf 92' lang='lat' dir='ltr'>agere</span> <span class='ocrx_word' id='word_1_189' title='bbox 610 2217 747 2287; x_wconf 88' lang='lat' dir='ltr'>ostendit,</span> <span class='ocrx_word' id='word_1_190' title='bbox 764 2224 797 2279; x_wconf 93' lang='lat' dir='ltr'>ut</span> <span class='ocrx_word' id='word_1_191' title='bbox 819 2224 864 2279; x_wconf 86' lang='lat' dir='ltr'>est</span> <span class='ocrx_word' id='word_1_192' title='bbox 886 2216 998 2287; x_wconf 87' lang='lat' dir='ltr'>lectito,</span> <span class='ocrx_word' id='word_1_193' title='bbox 1032 2216 1062 2276; x_wconf 88' lang='lat' dir='ltr'>id</span> <span class='ocrx_word' id='word_1_194' title='bbox 1079 2223 1123 2276; x_wconf 92' lang='lat' dir='ltr'>est</span> <span class='ocrx_word' id='word_1_195' title='bbox 1139 2216 1311 2296; x_wconf 80' lang='lat' dir='ltr'>frequenter</span> <span class='ocrx_word' id='word_1_196' title='bbox 1326 2216 1402 2295; x_wconf 88' lang='lat' dir='ltr'>lego,</span> 
     </span>
     <span class='ocr_line' id='line_1_20' title="bbox 107 2305 1403 2399; baseline -0.002 -18"><span class='ocrx_word' id='word_1_197' title='bbox 107 2320 255 2399; x_wconf 88' lang='lat' dir='ltr'>scriptito,</span> <span class='ocrx_word' id='word_1_198' title='bbox 272 2321 452 2397; x_wconf 76' lang='lat' dir='ltr'>frequenter</span> <span class='ocrx_word' id='word_1_199' title='bbox 475 2318 582 2390; x_wconf 91' lang='lat' dir='ltr'>scribo,</span> <span class='ocrx_word' id='word_1_200' title='bbox 606 2320 730 2390; x_wconf 88' lang='lat' dir='ltr'>cantito,</span> <span class='ocrx_word' id='word_1_201' title='bbox 754 2320 927 2399; x_wconf 79' lang='lat' dir='ltr'>frequenter</span> <span class='ocrx_word' id='word_1_202' title='bbox 954 2338 1038 2380; x_wconf 91' lang='lat' dir='ltr'>cano.</span> <span class='ocrx_word' id='word_1_203' title='bbox 1082 2321 1107 2379; x_wconf 91' lang='lat' dir='ltr'>si</span> <span class='ocrx_word' id='word_1_204' title='bbox 1130 2305 1227 2380; x_wconf 90' lang='lat' dir='ltr'>autem</span> <span class='ocrx_word' id='word_1_205' title='bbox 1251 2318 1331 2379; x_wconf 85' lang='lat' dir='ltr'>rlieas</span> <span class='ocrx_word' id='word_1_206' title='bbox 1353 2336 1403 2396; x_wconf 92' lang='lat' dir='ltr'>pa·</span> 
     </span>
     <span class='ocr_line' id='line_1_21' title="bbox 111 2421 1402 2502; baseline -0.002 -19"><span class='ocrx_word' id='word_1_207' title='bbox 111 2425 215 2492; x_wconf 88' lang='lat' dir='ltr'>trisse,</span> <span class='ocrx_word' id='word_1_208' title='bbox 240 2430 271 2482; x_wconf 92' lang='lat' dir='ltr'>nt</span> <span class='ocrx_word' id='word_1_209' title='bbox 294 2423 332 2482; x_wconf 91' lang='lat' dir='ltr'>sit</span> <span class='ocrx_word' id='word_1_210' title='bbox 353 2423 610 2501; x_wconf 79' lang='lat' dir='ltr'>frequentativum,</span> <span class='ocrx_word' id='word_1_211' title='bbox 634 2422 704 2502; x_wconf 86' lang='lat' dir='ltr'>quirl</span> <span class='ocrx_word' id='word_1_212' title='bbox 733 2422 906 2501; x_wconf 78' lang='lat' dir='ltr'>frequenter</span> <span class='ocrx_word' id='word_1_213' title='bbox 933 2421 1035 2501; x_wconf 75' lang='lat' dir='ltr'>pater?</span> <span class='ocrx_word' id='word_1_214' title='bbox 1080 2440 1146 2482; x_wconf 92' lang='lat' dir='ltr'>narn</span> <span class='ocrx_word' id='word_1_215' title='bbox 1176 2423 1200 2482; x_wconf 90' lang='lat' dir='ltr'>si</span> <span class='ocrx_word' id='word_1_216' title='bbox 1228 2421 1285 2481; x_wconf 89' lang='lat' dir='ltr'>hoo</span> <span class='ocrx_word' id='word_1_217' title='bbox 1311 2421 1402 2490; x_wconf 86' lang='lat' dir='ltr'>dicas,</span> 
     </span>
     <span class='ocr_line' id='line_1_22' title="bbox 68 2522 1403 2602; baseline -0.001 -18"><span class='ocrx_word' id='word_1_218' title='bbox 68 2525 161 2602; x_wconf 77' lang='lat' dir='ltr'>acqui</span> <span class='ocrx_word' id='word_1_219' title='bbox 183 2541 288 2584; x_wconf 89' lang='lat' dir='ltr'>sensus</span> <span class='ocrx_word' id='word_1_220' title='bbox 311 2524 384 2584; x_wconf 82' lang='lat' dir='ltr'>erit?</span> <span class='ocrx_word' id='word_1_221' title='bbox 409 2531 438 2583; x_wconf 88' lang='lat' dir='ltr'>et</span> <span class='ocrx_word' id='word_1_222' title='bbox 456 2526 632 2598; x_wconf 73' lang='lat' dir='ltr'>preterisset.</span> <span class='ocrx_word' id='word_1_223' title='bbox 679 2523 749 2602; x_wconf 91' lang='lat' dir='ltr'>quid</span> <span class='ocrx_word' id='word_1_224' title='bbox 772 2524 851 2584; x_wconf 86' lang='lat' dir='ltr'>enirn</span> <span class='ocrx_word' id='word_1_225' title='bbox 875 2531 921 2585; x_wconf 88' lang='lat' dir='ltr'>cst</span> <span class='ocrx_word' id='word_1_226' title='bbox 948 2523 1124 2602; x_wconf 83' lang='lat' dir='ltr'>graecissatl</span> <span class='ocrx_word' id='word_1_227' title='bbox 1168 2522 1258 2602; x_wconf 86' lang='lat' dir='ltr'>aliqui</span> <span class='ocrx_word' id='word_1_228' title='bbox 1285 2523 1323 2582; x_wconf 90' lang='lat' dir='ltr'>sit</span> <span class='ocrx_word' id='word_1_229' title='bbox 1344 2522 1403 2582; x_wconf 88' lang='lat' dir='ltr'>ire·</span> 
     </span>
     <span class='ocr_line' id='line_1_23' title="bbox 108 2623 1402 2706; baseline -0.002 -19"><span class='ocrx_word' id='word_1_230' title='bbox 108 2632 235 2704; x_wconf 89' lang='lat' dir='ltr'>quenter</span> <span class='ocrx_word' id='word_1_231' title='bbox 256 2626 398 2704; x_wconf 75' lang='lat' dir='ltr'>graecus?</span> <span class='ocrx_word' id='word_1_232' title='bbox 443 2624 552 2686; x_wconf 89' lang='lat' dir='ltr'>nullam</span> <span class='ocrx_word' id='word_1_233' title='bbox 575 2624 687 2688; x_wconf 81' lang='lat' dir='ltr'>hahent</span> <span class='ocrx_word' id='word_1_234' title='bbox 714 2627 859 2687; x_wconf 88' lang='lat' dir='ltr'>rationem</span> <span class='ocrx_word' id='word_1_235' title='bbox 887 2627 1093 2706; x_wconf 80' lang='lat' dir='ltr'>frequentativi</span> <span class='ocrx_word' id='word_1_236' title='bbox 1123 2624 1221 2695; x_wconf 85' lang='lat' dir='ltr'>verbi,</span> <span class='ocrx_word' id='word_1_237' title='bbox 1251 2623 1303 2685; x_wconf 79' lang='grc' dir='ltr'>εει]</span> <span class='ocrx_word' id='word_1_238' title='bbox 1328 2623 1402 2684; x_wconf 83' lang='lat' dir='ltr'>illuri</span> 
     </span>
     <span class='ocr_line' id='line_1_24' title="bbox 109 2726 1404 2808; baseline 0 -21"><span class='ocrx_word' id='word_1_239' title='bbox 109 2726 171 2788; x_wconf 91' lang='lat' dir='ltr'>vult</span> <span class='ocrx_word' id='word_1_240' title='bbox 193 2726 302 2796; x_wconf 83' lang='lat' dir='ltr'>(licere,</span> <span class='ocrx_word' id='word_1_241' title='bbox 319 2729 453 2808; x_wconf 83' lang='lat' dir='ltr'>patrisso</span> <span class='ocrx_word' id='word_1_242' title='bbox 475 2727 505 2788; x_wconf 83' lang='lat' dir='ltr'>irl</span> <span class='ocrx_word' id='word_1_243' title='bbox 529 2726 533 2808; x_wconf 81' lang='lat' dir='ltr'>l</span> <span class='ocrx_word' id='word_1_244' title='bbox 559 2736 604 2789; x_wconf 89' lang='lat' dir='ltr'>est</span> <span class='ocrx_word' id='word_1_245' title='bbox 624 2729 701 2808; x_wconf 91' lang='lat' dir='ltr'>patri</span> <span class='ocrx_word' id='word_1_246' title='bbox 723 2728 827 2789; x_wconf 87' lang='lat' dir='ltr'>similis</span> <span class='ocrx_word' id='word_1_247' title='bbox 849 2747 924 2789; x_wconf 89' lang='lat' dir='ltr'>sum.</span> <span class='ocrx_word' id='word_1_248' title='bbox 956 2745 1027 2806; x_wconf 88' lang='lat' dir='ltr'>ergo</span> <span class='ocrx_word' id='word_1_249' title='bbox 1043 2727 1201 2788; x_wconf 86' lang='lat' dir='ltr'>derivativa</span> <span class='ocrx_word' id='word_1_250' title='bbox 1224 2734 1293 2787; x_wconf 92' lang='lat' dir='ltr'>sunt</span> <span class='ocrx_word' id='word_1_251' title='bbox 1307 2728 1404 2806; x_wconf 90' lang='lat' dir='ltr'>potius</span> 
     </span>
    </p>

    <p class='ocr_par' dir='ltr' id='par_1_3' title="bbox 65 2829 1437 3523">
     <span class='ocr_line' id='line_1_25' title="bbox 109 2829 1437 2916; baseline -0.002 -26"><span class='ocrx_word' id='word_1_252' title='bbox 109 2848 126 2890; x_wconf 91' lang='lat' dir='ltr'>a</span> <span class='ocrx_word' id='word_1_253' title='bbox 149 2829 325 2890; x_wconf 87' lang='lat' dir='ltr'>nominibus.</span> <span class='ocrx_word' id='word_1_254' title='bbox 370 2837 524 2909; x_wconf 88' lang='lat' dir='ltr'>praeterea</span> <span class='ocrx_word' id='word_1_255' title='bbox 553 2837 599 2891; x_wconf 87' lang='lat' dir='ltr'>cst</span> <span class='ocrx_word' id='word_1_256' title='bbox 620 2829 676 2890; x_wconf 92' lang='lat' dir='ltr'>alia</span> <span class='ocrx_word' id='word_1_257' title='bbox 698 2832 782 2902; x_wconf 85' lang='lat' dir='ltr'>ratio,</span> <span class='ocrx_word' id='word_1_258' title='bbox 810 2849 885 2911; x_wconf 87' lang='lat' dir='ltr'>quac</span> <span class='ocrx_word' id='word_1_259' title='bbox 907 2830 1043 2891; x_wconf 89' lang='lat' dir='ltr'>ostendat</span> <span class='ocrx_word' id='word_1_260' title='bbox 1065 2831 1204 2910; x_wconf 91' lang='lat' dir='ltr'>quoniam</span> <span class='ocrx_word' id='word_1_261' title='bbox 1226 2847 1285 2890; x_wconf 95' lang='lat' dir='ltr'>non</span> <span class='ocrx_word' id='word_1_262' title='bbox 1308 2835 1404 2908; x_wconf 89' lang='lat' dir='ltr'>potest</span> <span class='ocrx_word' id='word_1_263' title='bbox 1433 2907 1437 2916; x_wconf 89' lang='lat'>.</span> 
     </span>
     <span class='ocr_line' id='line_1_26' title="bbox 109 2931 1403 3013; baseline -0.002 -21"><span class='ocrx_word' id='word_1_264' title='bbox 109 2931 168 2992; x_wconf 86' lang='lat' dir='ltr'>lroe</span> <span class='ocrx_word' id='word_1_265' title='bbox 189 2950 256 2992; x_wconf 86' lang='lat' dir='ltr'>esse</span> <span class='ocrx_word' id='word_1_266' title='bbox 276 2933 534 3011; x_wconf 81' lang='lat' dir='ltr'>frequentativum.</span> <span class='ocrx_word' id='word_1_267' title='bbox 581 2951 641 2993; x_wconf 89' lang='lat' dir='ltr'>nou</span> <span class='ocrx_word' id='word_1_268' title='bbox 670 2941 769 3013; x_wconf 90' lang='lat' dir='ltr'>potest</span> <span class='ocrx_word' id='word_1_269' title='bbox 796 2951 860 2993; x_wconf 91' lang='lat' dir='ltr'>esse</span> <span class='ocrx_word' id='word_1_270' title='bbox 888 2932 1135 3011; x_wconf 82' lang='lat' dir='ltr'>frequentativum</span> <span class='ocrx_word' id='word_1_271' title='bbox 1158 2949 1175 2992; x_wconf 87' lang='lat' dir='ltr'>a</span> <span class='ocrx_word' id='word_1_272' title='bbox 1197 2950 1230 3009; x_wconf 81' lang='lat' dir='ltr'>se</span> <span class='ocrx_word' id='word_1_273' title='bbox 1258 2931 1403 3008; x_wconf 83' lang='lat' dir='ltr'>originem</span> 
     </span>
     <span class='ocr_line' id='line_1_27' title="bbox 65 3032 1402 3114; baseline -0.002 -19"><span class='ocrx_word' id='word_1_274' title='bbox 65 3056 95 3095; x_wconf 75' lang='lat' dir='ltr'>ss</span> <span class='ocrx_word' id='word_1_275' title='bbox 109 3052 239 3104; x_wconf 89' lang='lat' dir='ltr'>sumens,</span> <span class='ocrx_word' id='word_1_276' title='bbox 263 3035 319 3094; x_wconf 91' lang='lat' dir='ltr'>nisi</span> <span class='ocrx_word' id='word_1_277' title='bbox 341 3032 449 3093; x_wconf 89' lang='lat' dir='ltr'>lrabeat</span> <span class='ocrx_word' id='word_1_278' title='bbox 471 3034 645 3114; x_wconf 83' lang='lat' dir='ltr'>principale.</span> <span class='ocrx_word' id='word_1_279' title='bbox 691 3053 760 3095; x_wconf 90' lang='lat' dir='ltr'>ecce</span> <span class='ocrx_word' id='word_1_280' title='bbox 783 3032 883 3095; x_wconf 90' lang='lat' dir='ltr'>lectito</span> <span class='ocrx_word' id='word_1_281' title='bbox 906 3033 996 3095; x_wconf 89' lang='lat' dir='ltr'>habet</span> <span class='ocrx_word' id='word_1_282' title='bbox 1018 3032 1182 3113; x_wconf 88' lang='lat' dir='ltr'>principale</span> <span class='ocrx_word' id='word_1_283' title='bbox 1205 3033 1285 3111; x_wconf 87' lang='lat' dir='ltr'>lego,</span> <span class='ocrx_word' id='word_1_284' title='bbox 1309 3034 1402 3112; x_wconf 89' lang='lat' dir='ltr'>scrip·</span> 
     </span>
     <span class='ocr_line' id='line_1_28' title="bbox 109 3134 1403 3215; baseline -0.001 -20"><span class='ocrx_word' id='word_1_285' title='bbox 109 3137 162 3196; x_wconf 92' lang='lat' dir='ltr'>tito</span> <span class='ocrx_word' id='word_1_286' title='bbox 184 3134 273 3195; x_wconf 87' lang='lat' dir='ltr'>lralret</span> <span class='ocrx_word' id='word_1_287' title='bbox 295 3134 457 3215; x_wconf 88' lang='lat' dir='ltr'>principale</span> <span class='ocrx_word' id='word_1_288' title='bbox 474 3135 582 3204; x_wconf 90' lang='lat' dir='ltr'>scribo,</span> <span class='ocrx_word' id='word_1_289' title='bbox 607 3138 716 3198; x_wconf 86' lang='lat' dir='ltr'>cursito</span> <span class='ocrx_word' id='word_1_290' title='bbox 732 3135 822 3197; x_wconf 88' lang='lat' dir='ltr'>habet</span> <span class='ocrx_word' id='word_1_291' title='bbox 835 3135 1002 3215; x_wconf 88' lang='lat' dir='ltr'>principale</span> <span class='ocrx_word' id='word_1_292' title='bbox 1017 3154 1116 3197; x_wconf 91' lang='lat' dir='ltr'>curro.</span> <span class='ocrx_word' id='word_1_293' title='bbox 1148 3153 1220 3214; x_wconf 91' lang='lat' dir='ltr'>ergo</span> <span class='ocrx_word' id='word_1_294' title='bbox 1236 3136 1260 3194; x_wconf 96' lang='lat' dir='ltr'>si</span> <span class='ocrx_word' id='word_1_295' title='bbox 1276 3136 1403 3214; x_wconf 90' lang='lat' dir='ltr'>patrisso</span> 
     </span>
     <span class='ocr_line' id='line_1_29' title="bbox 109 3237 1403 3318; baseline -0.002 -20"><span class='ocrx_word' id='word_1_296' title='bbox 109 3245 155 3298; x_wconf 86' lang='lat' dir='ltr'>est</span> <span class='ocrx_word' id='word_1_297' title='bbox 176 3237 440 3317; x_wconf 78' lang='lat' dir='ltr'>frequentativum,</span> <span class='ocrx_word' id='word_1_298' title='bbox 472 3237 507 3297; x_wconf 91' lang='lat' dir='ltr'>da</span> <span class='ocrx_word' id='word_1_299' title='bbox 531 3238 604 3299; x_wconf 88' lang='lat' dir='ltr'>milri</span> <span class='ocrx_word' id='word_1_300' title='bbox 626 3237 798 3318; x_wconf 89' lang='lat' dir='ltr'>principale.</span> <span class='ocrx_word' id='word_1_301' title='bbox 843 3239 867 3298; x_wconf 92' lang='lat' dir='ltr'>si</span> <span class='ocrx_word' id='word_1_302' title='bbox 898 3239 1048 3316; x_wconf 87' lang='lat' dir='ltr'>graecisso</span> <span class='ocrx_word' id='word_1_303' title='bbox 1077 3245 1123 3298; x_wconf 91' lang='lat' dir='ltr'>cst</span> <span class='ocrx_word' id='word_1_304' title='bbox 1144 3237 1403 3317; x_wconf 78' lang='lat' dir='ltr'>frequentativum,</span> 
     </span>
     <span class='ocr_line' id='line_1_30' title="bbox 108 3337 1402 3420; baseline -0.002 -21"><span class='ocrx_word' id='word_1_305' title='bbox 108 3338 145 3400; x_wconf 85' lang='lat' dir='ltr'>rla</span> <span class='ocrx_word' id='word_1_306' title='bbox 168 3338 240 3399; x_wconf 86' lang='lat' dir='ltr'>milvi</span> <span class='ocrx_word' id='word_1_307' title='bbox 263 3339 435 3420; x_wconf 89' lang='lat' dir='ltr'>principale.</span> <span class='ocrx_word' id='word_1_308' title='bbox 478 3359 549 3418; x_wconf 89' lang='lat' dir='ltr'>ergo</span> <span class='ocrx_word' id='word_1_309' title='bbox 572 3359 639 3402; x_wconf 91' lang='lat' dir='ltr'>curn</span> <span class='ocrx_word' id='word_1_310' title='bbox 663 3342 885 3402; x_wconf 82' lang='lat' dir='ltr'>narrationem</span> <span class='ocrx_word' id='word_1_311' title='bbox 908 3337 1017 3399; x_wconf 89' lang='lat' dir='ltr'>habeat</span> <span class='ocrx_word' id='word_1_312' title='bbox 1038 3357 1093 3400; x_wconf 90' lang='lat' dir='ltr'>nec</span> <span class='ocrx_word' id='word_1_313' title='bbox 1116 3341 1261 3417; x_wconf 87' lang='lat' dir='ltr'>originem</span> <span class='ocrx_word' id='word_1_314' title='bbox 1286 3337 1402 3409; x_wconf 88' lang='lat' dir='ltr'>lrabeat,</span> 
     </span>
     <span class='ocr_line' id='line_1_31' title="bbox 108 3440 1403 3523; baseline 0 -22"><span class='ocrx_word' id='word_1_315' title='bbox 108 3442 247 3521; x_wconf 91' lang='lat' dir='ltr'>quoniam</span> <span class='ocrx_word' id='word_1_316' title='bbox 276 3460 364 3502; x_wconf 88' lang='lat' dir='ltr'>onvne</span> <span class='ocrx_word' id='word_1_317' title='bbox 387 3443 633 3523; x_wconf 76' lang='lat' dir='ltr'>frequentativum</span> <span class='ocrx_word' id='word_1_318' title='bbox 657 3442 746 3504; x_wconf 84' lang='lat' dir='ltr'>lvalrct</span> <span class='ocrx_word' id='word_1_319' title='bbox 767 3440 944 3521; x_wconf 88' lang='lat' dir='ltr'>principale,</span> <span class='ocrx_word' id='word_1_320' title='bbox 974 3460 1032 3521; x_wconf 94' lang='lat' dir='ltr'>quo</span> <span class='ocrx_word' id='word_1_321' title='bbox 1059 3440 1148 3502; x_wconf 88' lang='lat' dir='ltr'>modo</span> <span class='ocrx_word' id='word_1_322' title='bbox 1170 3459 1324 3520; x_wconf 86' lang='lat' dir='ltr'>possumus</span> <span class='ocrx_word' id='word_1_323' title='bbox 1346 3440 1403 3501; x_wconf 89' lang='lat' dir='ltr'>hoc</span> 
     </span>
    </p>

    <p class='ocr_par' dir='ltr' id='par_1_4' title="bbox 64 3542 993 3624">
     <span class='ocr_line' id='line_1_32' title="bbox 64 3542 993 3624; baseline -0.005 -16"><span class='ocrx_word' id='word_1_324' title='bbox 64 3567 94 3608; x_wconf 86' lang='lat' dir='ltr'>ao</span> <span class='ocrx_word' id='word_1_325' title='bbox 109 3543 211 3604; x_wconf 87' lang='lat' dir='ltr'>dicere</span> <span class='ocrx_word' id='word_1_326' title='bbox 232 3543 489 3623; x_wconf 79' lang='lat' dir='ltr'>frequentativum,</span> <span class='ocrx_word' id='word_1_327' title='bbox 514 3564 581 3606; x_wconf 89' lang='lat' dir='ltr'>curn</span> <span class='ocrx_word' id='word_1_328' title='bbox 604 3564 663 3605; x_wconf 94' lang='lat' dir='ltr'>nou</span> <span class='ocrx_word' id='word_1_329' title='bbox 686 3544 793 3605; x_wconf 86' lang='lat' dir='ltr'>halveat</span> <span class='ocrx_word' id='word_1_330' title='bbox 813 3542 993 3624; x_wconf 74' lang='lat' dir='ltr'>principale?</span> 
     </span>
    </p>

    <p class='ocr_par' dir='ltr' id='par_1_5' title="bbox 106 3645 1511 4033">
     <span class='ocr_line' id='line_1_33' title="bbox 195 3645 1511 3726; baseline -0.004 -21"><span class='ocrx_word' id='word_1_331' title='bbox 195 3647 279 3706; x_wconf 89' lang='lat' dir='ltr'>Scire</span> <span class='ocrx_word' id='word_1_332' title='bbox 301 3645 444 3707; x_wconf 86' lang='lat' dir='ltr'>debemus</span> <span class='ocrx_word' id='word_1_333' title='bbox 466 3666 531 3709; x_wconf 87' lang='lat' dir='ltr'>esse</span> <span class='ocrx_word' id='word_1_334' title='bbox 553 3646 648 3726; x_wconf 92' lang='lat' dir='ltr'>aliqua</span> <span class='ocrx_word' id='word_1_335' title='bbox 671 3645 760 3708; x_wconf 89' lang='lat' dir='ltr'>verba</span> <span class='ocrx_word' id='word_1_336' title='bbox 783 3666 857 3726; x_wconf 92' lang='lat' dir='ltr'>quae</span> <span class='ocrx_word' id='word_1_337' title='bbox 886 3646 1042 3725; x_wconf 91' lang='lat' dir='ltr'>caliginem</span> <span class='ocrx_word' id='word_1_338' title='bbox 1069 3646 1182 3706; x_wconf 86' lang='lat' dir='ltr'>laciunt</span> <span class='ocrx_word' id='word_1_339' title='bbox 1209 3653 1239 3707; x_wconf 90' lang='lat' dir='ltr'>et</span> <span class='ocrx_word' id='word_1_340' title='bbox 1260 3645 1403 3724; x_wconf 88' lang='lat' dir='ltr'>ambigui·</span> <span class='ocrx_word' id='word_1_341' title='bbox 1422 3651 1511 3713; x_wconf 64' lang='lat' dir='ltr'>atqu</span> 
     </span>
     <span class='ocr_line' id='line_1_34' title="bbox 109 3745 1403 3829; baseline -0.002 -19"><span class='ocrx_word' id='word_1_342' title='bbox 109 3757 209 3818; x_wconf 85' lang='lat' dir='ltr'>tatem,</span> <span class='ocrx_word' id='word_1_343' title='bbox 234 3756 263 3808; x_wconf 89' lang='lat' dir='ltr'>et</span> <span class='ocrx_word' id='word_1_344' title='bbox 285 3749 395 3817; x_wconf 89' lang='lat' dir='ltr'>nescio,</span> <span class='ocrx_word' id='word_1_345' title='bbox 419 3755 518 3809; x_wconf 89' lang='lat' dir='ltr'>utrum</span> <span class='ocrx_word' id='word_1_346' title='bbox 540 3749 691 3829; x_wconf 85' lang='lat' dir='ltr'>perlectae</span> <span class='ocrx_word' id='word_1_347' title='bbox 714 3749 827 3810; x_wconf 90' lang='lat' dir='ltr'>lormae</span> <span class='ocrx_word' id='word_1_348' title='bbox 849 3750 909 3809; x_wconf 91' lang='lat' dir='ltr'>siut</span> <span class='ocrx_word' id='word_1_349' title='bbox 931 3767 968 3810; x_wconf 89' lang='lat' dir='ltr'>an</span> <span class='ocrx_word' id='word_1_350' title='bbox 989 3745 1191 3817; x_wconf 81' lang='lat' dir='ltr'>inchoativae,</span> <span class='ocrx_word' id='word_1_351' title='bbox 1216 3754 1248 3809; x_wconf 91' lang='lat' dir='ltr'>ut</span> <span class='ocrx_word' id='word_1_352' title='bbox 1269 3766 1403 3818; x_wconf 88' lang='lat' dir='ltr'>seuesco,</span> 
     </span>
     <span class='ocr_line' id='line_1_35' title="bbox 108 3849 1404 3931; baseline 0.001 -21"><span class='ocrx_word' id='word_1_353' title='bbox 108 3857 142 3910; x_wconf 92' lang='lat' dir='ltr'>ut</span> <span class='ocrx_word' id='word_1_354' title='bbox 163 3851 294 3930; x_wconf 89' lang='lat' dir='ltr'>quiesco.</span> <span class='ocrx_word' id='word_1_355' title='bbox 338 3849 475 3910; x_wconf 88' lang='lat' dir='ltr'>videntur</span> <span class='ocrx_word' id='word_1_356' title='bbox 498 3852 579 3929; x_wconf 89' lang='lat' dir='ltr'>quasi</span> <span class='ocrx_word' id='word_1_357' title='bbox 603 3857 716 3930; x_wconf 88' lang='lat' dir='ltr'>partem</span> <span class='ocrx_word' id='word_1_358' title='bbox 739 3850 850 3912; x_wconf 81' lang='lat' dir='ltr'>lralrerc</span> <span class='ocrx_word' id='word_1_359' title='bbox 878 3851 1085 3931; x_wconf 75' lang='lat' dir='ltr'>perfectionis,</span> <span class='ocrx_word' id='word_1_360' title='bbox 1115 3850 1144 3911; x_wconf 84' lang='lat' dir='ltr'>irl</span> <span class='ocrx_word' id='word_1_361' title='bbox 1173 3857 1218 3911; x_wconf 93' lang='lat' dir='ltr'>est</span> <span class='ocrx_word' id='word_1_362' title='bbox 1251 3850 1404 3929; x_wconf 88' lang='lat' dir='ltr'>perlectae</span> 
     </span>
     <span class='ocr_line' id='line_1_36' title="bbox 106 3951 1404 4033; baseline 0 -21"><span class='ocrx_word' id='word_1_363' title='bbox 106 3953 231 4021; x_wconf 88' lang='lat' dir='ltr'>lormae,</span> <span class='ocrx_word' id='word_1_364' title='bbox 256 3959 284 4011; x_wconf 92' lang='lat' dir='ltr'>et</span> <span class='ocrx_word' id='word_1_365' title='bbox 306 3960 421 4031; x_wconf 89' lang='lat' dir='ltr'>partem</span> <span class='ocrx_word' id='word_1_366' title='bbox 443 3951 553 4013; x_wconf 80' lang='lat' dir='ltr'>lvalrere</span> <span class='ocrx_word' id='word_1_367' title='bbox 576 3952 768 4014; x_wconf 87' lang='lat' dir='ltr'>inchoativae.</span> <span class='ocrx_word' id='word_1_368' title='bbox 812 3971 899 4033; x_wconf 91' lang='lat' dir='ltr'>quam</span> <span class='ocrx_word' id='word_1_369' title='bbox 928 3960 1043 4033; x_wconf 89' lang='lat' dir='ltr'>partem</span> <span class='ocrx_word' id='word_1_370' title='bbox 1072 3952 1182 4014; x_wconf 88' lang='lat' dir='ltr'>lrahent</span> <span class='ocrx_word' id='word_1_371' title='bbox 1202 3953 1404 4014; x_wconf 72' lang='lat' dir='ltr'>inchoativae?</span> 
     </span>
    </p>

    <p class='ocr_par' dir='ltr' id='par_1_6' title="bbox 64 4054 1404 4239">
     <span class='ocr_line' id='line_1_37' title="bbox 64 4054 1404 4132; baseline -0.004 -12"><span class='ocrx_word' id='word_1_372' title='bbox 64 4078 94 4120; x_wconf 74' lang='lat' dir='ltr'>as</span> <span class='ocrx_word' id='word_1_373' title='bbox 109 4056 215 4115; x_wconf 85' lang='lat' dir='ltr'>tertiae</span> <span class='ocrx_word' id='word_1_374' title='bbox 237 4054 452 4132; x_wconf 88' lang='lat' dir='ltr'>coniugationis</span> <span class='ocrx_word' id='word_1_375' title='bbox 472 4064 628 4131; x_wconf 83' lang='lat' dir='ltr'>correptae</span> <span class='ocrx_word' id='word_1_376' title='bbox 642 4062 753 4115; x_wconf 87' lang='lat' dir='ltr'>suntet</span> <span class='ocrx_word' id='word_1_377' title='bbox 767 4059 798 4116; x_wconf 88' lang='lat' dir='ltr'>iu</span> <span class='ocrx_word' id='word_1_378' title='bbox 814 4072 863 4116; x_wconf 89' lang='lat' dir='ltr'>sco</span> <span class='ocrx_word' id='word_1_379' title='bbox 877 4064 997 4131; x_wconf 73' lang='lat' dir='ltr'>exeunt,</span> <span class='ocrx_word' id='word_1_380' title='bbox 1021 4063 1054 4116; x_wconf 84' lang='lat' dir='ltr'>ut</span> <span class='ocrx_word' id='word_1_381' title='bbox 1066 4064 1110 4116; x_wconf 87' lang='lat' dir='ltr'>est</span> <span class='ocrx_word' id='word_1_382' title='bbox 1123 4074 1258 4117; x_wconf 85' lang='lat' dir='ltr'>seueseo:</span> <span class='ocrx_word' id='word_1_383' title='bbox 1281 4075 1404 4117; x_wconf 88' lang='lat' dir='ltr'>senesco</span> 
     </span>
     <span class='ocr_line' id='line_1_38' title="bbox 108 4156 1402 4239; baseline 0 -22"><span class='ocrx_word' id='word_1_384' title='bbox 108 4158 254 4225; x_wconf 87' lang='lat' dir='ltr'>senescis,</span> <span class='ocrx_word' id='word_1_385' title='bbox 284 4174 407 4216; x_wconf 82' lang='lat' dir='ltr'>sorresco</span> <span class='ocrx_word' id='word_1_386' title='bbox 431 4157 460 4215; x_wconf 92' lang='lat' dir='ltr'>in</span> <span class='ocrx_word' id='word_1_387' title='bbox 483 4176 533 4217; x_wconf 90' lang='lat' dir='ltr'>sco</span> <span class='ocrx_word' id='word_1_388' title='bbox 556 4158 629 4226; x_wconf 86' lang='lat' dir='ltr'>exit;</span> <span class='ocrx_word' id='word_1_389' title='bbox 658 4175 782 4217; x_wconf 85' lang='lat' dir='ltr'>senesce</span> <span class='ocrx_word' id='word_1_390' title='bbox 804 4157 920 4218; x_wconf 83' lang='lat' dir='ltr'>vitietur</span> <span class='ocrx_word' id='word_1_391' title='bbox 942 4156 1053 4219; x_wconf 87' lang='lat' dir='ltr'>habere</span> <span class='ocrx_word' id='word_1_392' title='bbox 1076 4160 1158 4239; x_wconf 92' lang='lat' dir='ltr'>quasi</span> <span class='ocrx_word' id='word_1_393' title='bbox 1180 4158 1252 4220; x_wconf 77' lang='lat' dir='ltr'>eluas</span> <span class='ocrx_word' id='word_1_394' title='bbox 1274 4157 1402 4236; x_wconf 90' lang='lat' dir='ltr'>regulas.</span> 
     </span>
    </p>
   </div>
   <div class='ocr_carea' id='block_1_2' title="bbox 109 4341 1403 4957">
    <p class='ocr_par' dir='ltr' id='par_1_7' title="bbox 109 4341 1403 4957">
     <span class='ocr_line' id='line_1_39' title="bbox 180 4341 1403 4409; baseline -0.001 -17"><span class='ocrx_word' id='word_1_395' title='bbox 180 4346 194 4392; x_wconf 78' lang='lat'><strong>4</strong></span> <span class='ocrx_word' id='word_1_396' title='bbox 210 4341 404 4409; x_wconf 83' lang='lat' dir='ltr'>significatione]</span> <span class='ocrx_word' id='word_1_397' title='bbox 424 4344 520 4392; x_wconf 89' lang='lat' dir='ltr'>ratione</span> <span class='ocrx_word' id='word_1_398' title='bbox 533 4343 614 4393; x_wconf 82' lang='lat' dir='ltr'>ABG</span> <span class='ocrx_word' id='word_1_399' title='bbox 662 4345 677 4392; x_wconf 83' lang='grc'><strong>5</strong></span> <span class='ocrx_word' id='word_1_400' title='bbox 696 4353 755 4393; x_wconf 82' lang='lat' dir='ltr'>sunt</span> <span class='ocrx_word' id='word_1_401' title='bbox 771 4353 796 4392; x_wconf 87' lang='lat' dir='ltr'>et</span> <span class='ocrx_word' id='word_1_402' title='bbox 811 4346 963 4394; x_wconf 86' lang='lat' dir='ltr'>diminution</span> <span class='ocrx_word' id='word_1_403' title='bbox 982 4352 1006 4392; x_wconf 93' lang='lat' dir='ltr'>et</span> <span class='ocrx_word' id='word_1_404' title='bbox 1021 4352 1102 4392; x_wconf 86' lang='lat' dir='ltr'>tamen</span> <span class='ocrx_word' id='word_1_405' title='bbox 1120 4345 1145 4392; x_wconf 78' lang='lat' dir='ltr'><em>A</em></span> <span class='ocrx_word' id='word_1_406' title='bbox 1197 4346 1212 4393; x_wconf 82' lang='lat'><strong>7</strong></span> <span class='ocrx_word' id='word_1_407' title='bbox 1232 4344 1403 4409; x_wconf 85' lang='lat' dir='ltr'>etlrirnologiis</span> 
     </span>
     <span class='ocr_line' id='line_1_40' title="bbox 109 4411 1403 4480; baseline -0.001 -19"><span class='ocrx_word' id='word_1_408' title='bbox 109 4411 158 4461; x_wconf 85' lang='lat' dir='ltr'>Bu</span> <span class='ocrx_word' id='word_1_409' title='bbox 182 4414 415 4476; x_wconf 82' lang='lat' dir='ltr'>oetoemologiisG</span> <span class='ocrx_word' id='word_1_410' title='bbox 438 4413 641 4478; x_wconf 82' lang='lat' dir='ltr'>etlrimologisA</span> <span class='ocrx_word' id='word_1_411' title='bbox 729 4414 929 4480; x_wconf 76' lang='lat' dir='ltr'>Spernvntatom</span> <span class='ocrx_word' id='word_1_412' title='bbox 951 4415 1060 4464; x_wconf 84' lang='lat' dir='ltr'>litteram</span> <span class='ocrx_word' id='word_1_413' title='bbox 1084 4414 1167 4465; x_wconf 80' lang='lat' dir='ltr'>ABG</span> <span class='ocrx_word' id='word_1_414' title='bbox 1254 4415 1271 4465; x_wconf 81' lang='grc'><strong>9</strong></span> <span class='ocrx_word' id='word_1_415' title='bbox 1292 4423 1403 4462; x_wconf 88' lang='lat' dir='ltr'>ceterum</span> 
     </span>
     <span class='ocr_line' id='line_1_41' title="bbox 110 4481 1403 4550; baseline 0.001 -21"><span class='ocrx_word' id='word_1_416' title='bbox 110 4483 242 4547; x_wconf 80' lang='lat' dir='ltr'>pitissoli</span> <span class='ocrx_word' id='word_1_417' title='bbox 316 4484 347 4533; x_wconf 84' lang='lat' dir='ltr'>tu</span> <span class='ocrx_word' id='word_1_418' title='bbox 365 4485 430 4545; x_wconf 87' lang='lat' dir='ltr'>qrrorl</span> <span class='ocrx_word' id='word_1_419' title='bbox 452 4484 580 4548; x_wconf 82' lang='lat' dir='ltr'>potoBC</span> <span class='ocrx_word' id='word_1_420' title='bbox 649 4485 775 4550; x_wconf 88' lang='lat' dir='ltr'>originem</span> <span class='ocrx_word' id='word_1_421' title='bbox 794 4483 938 4534; x_wconf 84' lang='lat' dir='ltr'>tralritAG</span> <span class='ocrx_word' id='word_1_422' title='bbox 961 4484 1085 4549; x_wconf 87' lang='lat' dir='ltr'>originem</span> <span class='ocrx_word' id='word_1_423' title='bbox 1104 4484 1169 4533; x_wconf 88' lang='lat' dir='ltr'>trolri</span> <span class='ocrx_word' id='word_1_424' title='bbox 1187 4503 1203 4536; x_wconf 84' lang='lat' dir='ltr'>a</span> <span class='ocrx_word' id='word_1_425' title='bbox 1222 4485 1321 4549; x_wconf 86' lang='lat' dir='ltr'>origine</span> <span class='ocrx_word' id='word_1_426' title='bbox 1339 4481 1403 4530; x_wconf 87' lang='lat' dir='ltr'>tralri</span> 
     </span>
     <span class='ocr_line' id='line_1_42' title="bbox 110 4552 1403 4620; baseline 0.001 -19"><span class='ocrx_word' id='word_1_427' title='bbox 110 4552 137 4601; x_wconf 91' lang='lat' dir='ltr'><em>B</em></span> <span class='ocrx_word' id='word_1_428' title='bbox 192 4553 222 4603; x_wconf 90' lang='lat' dir='ltr'>ll</span> <span class='ocrx_word' id='word_1_429' title='bbox 243 4563 302 4601; x_wconf 91' lang='lat' dir='ltr'>nuto</span> <span class='ocrx_word' id='word_1_430' title='bbox 322 4554 394 4603; x_wconf 85' lang='lat' dir='ltr'>BCa</span> <span class='ocrx_word' id='word_1_431' title='bbox 416 4553 558 4616; x_wconf 75' lang='lat' dir='ltr'>natrrA(l)</span> <span class='ocrx_word' id='word_1_432' title='bbox 608 4569 669 4620; x_wconf 84' lang='lat' dir='ltr'>ergo</span> <span class='ocrx_word' id='word_1_433' title='bbox 689 4571 756 4619; x_wconf 86' lang='lat' dir='ltr'>nego</span> <span class='ocrx_word' id='word_1_434' title='bbox 774 4569 842 4607; x_wconf 88' lang='lat' dir='ltr'>corr.</span> <span class='ocrx_word' id='word_1_435' title='bbox 861 4569 923 4619; x_wconf 87' lang='lat' dir='ltr'>ergo</span> <span class='ocrx_word' id='word_1_436' title='bbox 939 4555 1047 4619; x_wconf 81' lang='lat' dir='ltr'>uagoA</span> <span class='ocrx_word' id='word_1_437' title='bbox 1106 4555 1139 4604; x_wconf 80' lang='lat'>12</span> <span class='ocrx_word' id='word_1_438' title='bbox 1154 4556 1233 4619; x_wconf 76' lang='lat' dir='ltr'>qnasi</span> <span class='ocrx_word' id='word_1_439' title='bbox 1255 4552 1403 4602; x_wconf 81' lang='lat' dir='ltr'>nutoBOa</span> 
     </span>
     <span class='ocr_line' id='line_1_43' title="bbox 110 4622 1334 4688; baseline 0.004 -20"><span class='ocrx_word' id='word_1_440' title='bbox 110 4623 184 4684; x_wconf 86' lang='lat' dir='ltr'>qnasi</span> <span class='ocrx_word' id='word_1_441' title='bbox 204 4622 344 4685; x_wconf 61' lang='lat' dir='ltr'>attollit)</span> <span class='ocrx_word' id='word_1_442' title='bbox 419 4625 450 4674; x_wconf 76' lang='lat' dir='ltr'>lt</span> <span class='ocrx_word' id='word_1_443' title='bbox 470 4640 527 4672; x_wconf 88' lang='lat' dir='ltr'>eece</span> <span class='ocrx_word' id='word_1_444' title='bbox 546 4625 685 4688; x_wconf 85' lang='lat' dir='ltr'>graecissat</span> <span class='ocrx_word' id='word_1_445' title='bbox 703 4640 750 4677; x_wconf 84' lang='lat' dir='ltr'>om.</span> <span class='ocrx_word' id='word_1_446' title='bbox 770 4625 810 4687; x_wconf 80' lang='grc' dir='ltr'>Α,</span> <span class='ocrx_word' id='word_1_447' title='bbox 832 4624 892 4677; x_wconf 75' lang='lat' dir='ltr'>ndei.</span> <span class='ocrx_word' id='word_1_448' title='bbox 914 4640 930 4672; x_wconf 85' lang='lat' dir='ltr'>a</span> <span class='ocrx_word' id='word_1_449' title='bbox 1003 4624 1035 4674; x_wconf 79' lang='lat' dir='ltr'>lu</span> <span class='ocrx_word' id='word_1_450' title='bbox 1059 4624 1204 4687; x_wconf 80' lang='lat' dir='ltr'>frequenter</span> <span class='ocrx_word' id='word_1_451' title='bbox 1221 4624 1334 4673; x_wconf 85' lang='lat' dir='ltr'>cantoB</span> 
     </span>
     <span class='ocr_line' id='line_1_44' title="bbox 109 4691 1402 4758; baseline -0.001 -18"><span class='ocrx_word' id='word_1_452' title='bbox 109 4691 145 4740; x_wconf 80' lang='lat'>20</span> <span class='ocrx_word' id='word_1_453' title='bbox 164 4693 211 4741; x_wconf 88' lang='lat' dir='ltr'>evit</span> <span class='ocrx_word' id='word_1_454' title='bbox 236 4702 260 4741; x_wconf 86' lang='lat' dir='ltr'>et</span> <span class='ocrx_word' id='word_1_455' title='bbox 278 4695 338 4755; x_wconf 89' lang='lat' dir='ltr'>quiri</span> <span class='ocrx_word' id='word_1_456' title='bbox 356 4695 422 4742; x_wconf 87' lang='lat' dir='ltr'>euim</span> <span class='ocrx_word' id='word_1_457' title='bbox 442 4694 513 4743; x_wconf 78' lang='lat' dir='ltr'>nea</span> <span class='ocrx_word' id='word_1_458' title='bbox 530 4695 576 4742; x_wconf 88' lang='lat' dir='ltr'>crit</span> <span class='ocrx_word' id='word_1_459' title='bbox 591 4695 732 4757; x_wconf 85' lang='lat' dir='ltr'>quidecim</span> <span class='ocrx_word' id='word_1_460' title='bbox 750 4694 775 4743; x_wconf 84' lang='grc' dir='ltr'><em>Α</em></span> <span class='ocrx_word' id='word_1_461' title='bbox 845 4693 925 4758; x_wconf 89' lang='lat' dir='ltr'>aliqui</span> <span class='ocrx_word' id='word_1_462' title='bbox 944 4695 976 4743; x_wconf 91' lang='lat' dir='ltr'>sit</span> <span class='ocrx_word' id='word_1_463' title='bbox 993 4694 1045 4744; x_wconf 77' lang='lat' dir='ltr'>AC</span> <span class='ocrx_word' id='word_1_464' title='bbox 1065 4695 1157 4755; x_wconf 86' lang='lat' dir='ltr'>aliquis</span> <span class='ocrx_word' id='word_1_465' title='bbox 1177 4695 1209 4742; x_wconf 88' lang='lat' dir='ltr'>sit</span> <span class='ocrx_word' id='word_1_466' title='bbox 1224 4693 1249 4742; x_wconf 89' lang='lat' dir='ltr'><em>B</em></span> <span class='ocrx_word' id='word_1_467' title='bbox 1268 4702 1293 4741; x_wconf 93' lang='lat' dir='ltr'>ut</span> <span class='ocrx_word' id='word_1_468' title='bbox 1311 4691 1402 4755; x_wconf 84' lang='lat' dir='ltr'>aliquis</span> 
     </span>
     <span class='ocr_line' id='line_1_45' title="bbox 109 4760 1403 4830; baseline 0 -20"><span class='ocrx_word' id='word_1_469' title='bbox 109 4763 145 4810; x_wconf 84' lang='lat' dir='ltr'>sit</span> <span class='ocrx_word' id='word_1_470' title='bbox 156 4760 190 4808; x_wconf 78' lang='lat' dir='ltr'>o*</span> <span class='ocrx_word' id='word_1_471' title='bbox 244 4764 277 4811; x_wconf 79' lang='lat'>‘22</span> <span class='ocrx_word' id='word_1_472' title='bbox 296 4778 358 4829; x_wconf 87' lang='lat' dir='ltr'>ergo</span> <span class='ocrx_word' id='word_1_473' title='bbox 372 4774 398 4812; x_wconf 91' lang='lat' dir='ltr'>ut</span> <span class='ocrx_word' id='word_1_474' title='bbox 414 4764 550 4813; x_wconf 85' lang='lat' dir='ltr'>uideantur</span> <span class='ocrx_word' id='word_1_475' title='bbox 568 4765 653 4827; x_wconf 88' lang='lat' dir='ltr'>potius</span> <span class='ocrx_word' id='word_1_476' title='bbox 671 4764 813 4813; x_wconf 86' lang='lat' dir='ltr'>deriuatiuu</span> <span class='ocrx_word' id='word_1_477' title='bbox 826 4779 841 4811; x_wconf 90' lang='lat' dir='ltr'>o</span> <span class='ocrx_word' id='word_1_478' title='bbox 854 4764 996 4813; x_wconf 85' lang='lat' dir='ltr'>nominihus</span> <span class='ocrx_word' id='word_1_479' title='bbox 1010 4782 1071 4830; x_wconf 86' lang='lat' dir='ltr'>ergo</span> <span class='ocrx_word' id='word_1_480' title='bbox 1086 4764 1222 4814; x_wconf 85' lang='lat' dir='ltr'>diriuatiuo</span> <span class='ocrx_word' id='word_1_481' title='bbox 1239 4772 1298 4812; x_wconf 84' lang='lat' dir='ltr'>sont</span> <span class='ocrx_word' id='word_1_482' title='bbox 1318 4765 1403 4827; x_wconf 81' lang='lat' dir='ltr'>potius</span> 
     </span>
     <span class='ocr_line' id='line_1_46' title="bbox 109 4832 1403 4898; baseline 0.002 -19"><span class='ocrx_word' id='word_1_483' title='bbox 109 4832 325 4881; x_wconf 82' lang='lat' dir='ltr'>auomiuilvusA</span> <span class='ocrx_word' id='word_1_484' title='bbox 404 4833 935 4898; x_wconf 73' lang='lat' dir='ltr'>31qnampartemAquuaepartem</span> <span class='ocrx_word' id='word_1_485' title='bbox 955 4833 1013 4884; x_wconf 79' lang='lat' dir='ltr'>Ba·</span> <span class='ocrx_word' id='word_1_486' title='bbox 1102 4834 1135 4885; x_wconf 81' lang='lat'>35</span> <span class='ocrx_word' id='word_1_487' title='bbox 1153 4841 1284 4898; x_wconf 88' lang='lat' dir='ltr'>correptae</span> <span class='ocrx_word' id='word_1_488' title='bbox 1303 4841 1403 4883; x_wconf 87' lang='lat' dir='ltr'>suntet</span> 
     </span>
     <span class='ocr_line' id='line_1_47' title="bbox 109 4902 961 4957; baseline 0.006 -8"><span class='ocrx_word' id='word_1_489' title='bbox 109 4902 144 4949; x_wconf 91' lang='lat' dir='ltr'>in</span> <span class='ocrx_word' id='word_1_490' title='bbox 156 4916 199 4949; x_wconf 88' lang='lat' dir='ltr'>sco</span> <span class='ocrx_word' id='word_1_491' title='bbox 217 4911 312 4950; x_wconf 80' lang='lat' dir='ltr'>exeruit</span> <span class='ocrx_word' id='word_1_492' title='bbox 330 4912 356 4951; x_wconf 92' lang='lat' dir='ltr'>ut</span> <span class='ocrx_word' id='word_1_493' title='bbox 374 4913 411 4952; x_wconf 89' lang='lat' dir='ltr'>est</span> <span class='ocrx_word' id='word_1_494' title='bbox 429 4918 535 4952; x_wconf 79' lang='lat' dir='ltr'>sorresco</span> <span class='ocrx_word' id='word_1_495' title='bbox 552 4918 598 4957; x_wconf 85' lang='lat' dir='ltr'>orn.</span> <span class='ocrx_word' id='word_1_496' title='bbox 617 4903 698 4953; x_wconf 75' lang='lat' dir='ltr'>ABG</span> <span class='ocrx_word' id='word_1_497' title='bbox 765 4903 799 4954; x_wconf 77' lang='grc'>36</span> <span class='ocrx_word' id='word_1_498' title='bbox 819 4904 843 4952; x_wconf 92' lang='lat' dir='ltr'>in</span> <span class='ocrx_word' id='word_1_499' title='bbox 862 4919 920 4953; x_wconf 90' lang='lat' dir='ltr'>esco</span> <span class='ocrx_word' id='word_1_500' title='bbox 940 4904 961 4954; x_wconf 81' lang='lat' dir='ltr'><em>C</em></span> 
     </span>
    </p>
   </div>
   <div class='ocr_carea' id='block_1_3' title="bbox 0 0 1684 5498">
    <p class='ocr_par' dir='ltr' id='par_1_8' title="bbox 0 0 1684 5498">
     <span class='ocr_line' id='line_1_48' title="bbox 0 0 1684 5498; baseline 0 0"><span class='ocrx_word' id='word_1_501' title='bbox 0 0 1684 5498; x_wconf 95' lang='lat' dir='ltr'> </span> 
     </span>
    </p>
   </div>
  </div>
 </body>
</html>
