3346 5498
608 402 614 415 ε
642 365 877 436 touuumtu
1348 372 1409 435 143

1225 479 1384 534 ptos-oct.

108 561 264 621 nomen?’
298 560 387 620 debet
415 554 429 641 Ι
449 559 499 621 ille
527 561 709 639 respondere
736 563 932 640 ‘proprium'.
979 558 1073 621 debeo
1101 545 1298 637 interrogare
1318 564 1409 638 ‘quae

109 681 183 741 pars
207 664 358 741 propriil’
387 672 418 724 et
445 663 535 724 debet
564 661 613 722 ille
643 662 743 722 dicere
765 664 956 738 ‘agnoment
1001 663 1065 741 ipse
1089 671 1134 722 est
1156 660 1229 721 ordo
1252 680 1339 721 verus
1361 681 1408 722 se·

109 763 247 824 cundum
269 766 541 842 iuterrogationem.
587 766 671 844 prius
701 772 746 825 est
774 765 852 823 enim
875 772 908 823 ut
929 762 1009 822 dicas
1031 763 1109 841 urrod
1133 771 1177 823 est
1198 763 1356 840 generale,
1380 772 1409 824 et

110 874 234 945 postea,
262 876 295 926 ut
317 865 397 926 dicas
424 866 503 945 (pared
533 875 576 925 est
598 864 736 945 speciale.
783 874 930 934 ceterum,
953 866 1029 924 site
1052 867 1215 941 interroget
1236 865 1409 926 ‘Africanus

84 981 190 1047 aquae
212 986 282 1046 pars
303 970 482 1029 orationis?'
506 977 536 1028 et
558 977 589 1027 tu
612 966 692 1026 dicas
714 970 912 1045 ‘agnomen’,
940 965 977 1025 ab
999 968 1067 1026 imis
1089 968 1223 1044 coepisti,
1252 985 1311 1026 nou
1334 967 1407 1026 urilri

109 1069 214 1130 dixisti
238 1072 304 1149 quia
328 1089 436 1131 nomeu
460 1078 519 1139 est,
544 1069 651 1130 deinde
674 1089 732 1130 uon
756 1069 828 1129 miln
852 1068 966 1136 dixisti,
997 1078 1094 1128 utrum
1117 1070 1270 1148 proprium
1292 1071 1345 1137 sit,
1370 1087 1407 1130 au

110 1169 336 1250 appellativum,
359 1171 411 1231 sed
435 1172 532 1232 dixisti
555 1171 634 1251 qarod
658 1180 721 1232 erat
743 1173 844 1231 imum.
880 1188 951 1248 ergo
973 1172 1015 1230 sic
1038 1169 1129 1229 delies
1152 1169 1261 1238 dicere,
1285 1174 1406 1231 ‘nornen

111 1283 173 1343 est,
199 1283 244 1334 est
265 1283 364 1334 autem
386 1276 556 1354 proprium,
579 1293 649 1352 pars
672 1281 771 1333 autem
794 1274 909 1352 proprii
931 1274 1059 1333 nominis
1083 1280 1128 1333 est
1150 1291 1297 1351 agnomen
1306 1277 1325 1332 ’.
1363 1274 1407 1332 sic

110 1374 254 1436 similiter
276 1384 305 1436 et
326 1374 448 1454 reliqua.

74 1526 99 1563 ιε
198 1511 331 1572 Diximus
353 1511 390 1571 de
412 1511 542 1590 propriis
564 1509 743 1571 nominibus.
774 1528 852 1570 mum
874 1517 973 1570 autem
996 1510 1145 1570 rideamus
1168 1511 1285 1589 species
1307 1508 1406 1590 appel·
1419 1523 1479 1584 tta,
1497 1527 1525 1573 15

111 1610 285 1681 taurorum,
308 1632 380 1691 quas
403 1611 529 1672 diximus
552 1632 616 1672 esse
639 1613 740 1689 viginti
764 1623 793 1672 et
819 1620 942 1692 septem.
988 1621 1057 1673 sum
1080 1613 1198 1671 nomina
1222 1610 1407 1691 appellativa,

111 1733 188 1793 qnae
224 1713 410 1793 appellantur
441 1713 623 1793 corporalia:
655 1713 810 1793 corporale
842 1715 919 1793 qrrod
949 1714 1074 1774 dicimus
1101 1715 1144 1773 sic
1172 1713 1325 1773 delinitum
1355 1720 1407 1781 est,

112 1815 270 1896 corporale
292 1824 337 1877 est
359 1816 437 1896 quod
460 1816 576 1876 videtur
600 1823 628 1874 et
650 1817 791 1893 tangitur,
815 1825 846 1876 ut
868 1824 946 1876 terra
970 1815 1077 1875 hunius
1100 1817 1186 1875 ensis.
1218 1826 1288 1876 sunt
1309 1817 1408 1876 incor-

112 1917 241 1998 poralia,
265 1938 340 1998 quae
364 1937 418 1979 nec
442 1909 536 1977 rideri
557 1936 612 1977 nec
635 1920 714 1995 tangi
737 1926 875 1996 possunt,
899 1927 931 1977 ut
954 1921 1048 1996 pietas
1069 1918 1177 1976 iustitia
1201 1917 1339 1995 dignitas.

75 2069 100 2108 ιε
199 2054 274 2114 Sunt
300 2057 414 2133 primae
442 2039 610 2135 positionis:
647 2056 760 2134 primae
783 2055 937 2132 positionis
960 2054 1097 2113 dicuntur
1120 2055 1241 2114 nomina
1264 2072 1339 2132 (puae
1362 2071 1377 2112 a
1403 2056 1452 2119 ³1⁷

112 2162 217 2216 natura
245 2157 288 2216 sic
315 2164 385 2216 sunt
412 2157 504 2226 lacta,
533 2164 565 2216 ut
592 2163 662 2235 puta
685 2175 784 2225 errans,
809 2176 824 2215 a
849 2164 952 2216 natura
974 2157 1023 2236 sic,
1040 2165 1097 2222 est:
1126 2153 1240 2223 schola,
1264 2176 1279 2215 a
1303 2163 1407 2217 natura

110 2259 154 2317 sic
177 2264 232 2317 est.
276 2260 328 2317 ista
358 2257 533 2337 principalia
563 2258 711 2318 dicuntur.
759 2258 865 2318 exinde
887 2258 962 2318 fiuxit
984 2257 1143 2318 derivativa
1167 2264 1195 2315 et
1218 2256 1407 2317 diminutiva:

111 2359 287 2433 derivativa,
317 2379 333 2418 a
362 2368 463 2420 monte
496 2367 668 2429 rrrontanus,
702 2380 718 2419 a
752 2362 833 2421 sorite
862 2361 1014 2426 lorrtanus;
1051 2359 1236 2427 diminutiva,
1261 2378 1277 2417 a
1306 2367 1407 2418 arrunte

112 2461 306 2529 monticulus,
330 2480 345 2520 a
369 2463 450 2521 tonte
472 2461 642 2521 fonticulus
688 2462 739 2521 sed
768 2462 910 2522 derivatio
939 2463 1066 2521 nominis
1088 2460 1295 2521 deductionem
1319 2459 1409 2521 lrabet

74 2565 176 2623 sssine
204 2582 306 2630 seusu,
336 2563 492 2623 diminutio
520 2582 638 2623 sensum
667 2563 812 2624 diminuit.
857 2563 913 2622 lroc
942 2565 1065 2624 interest
1091 2565 1169 2623 iuter
1196 2561 1406 2623 derivationem

112 2673 142 2725 et
164 2665 406 2733 diminutionem,
437 2665 515 2741 quod
540 2665 682 2725 elerii-atio
710 2685 818 2726 nomen
842 2666 927 2732 lacit,
958 2685 1016 2725 rron
1039 2672 1089 2725 aut
1111 2666 1205 2724 maius
1228 2666 1406 2733 autminus,

111 2768 163 2828 sed
187 2786 296 2827 rreuaeu
319 2768 396 2827 lacit.
429 2786 528 2837 mons,
554 2777 712 2827 montanus
735 2767 831 2827 dictus
854 2774 908 2827 est.
947 2766 1090 2846 numquid
1114 2747 1270 2826 nrontauus
1293 2774 1337 2825 est
1358 2773 1408 2825 aut

112 2871 161 2948 qui
192 2871 286 2928 maior
314 2876 360 2927 est
386 2878 436 2928 aut
464 2871 513 2948 uni
542 2871 639 2930 minor
667 2874 730 2929 esti
761 2890 833 2937 rrou,
863 2869 915 2930 sed
943 2888 1051 2928 nomeu
1076 2867 1173 2927 lralret.
1219 2869 1407 2928 econtrario

112 2971 269 3031 diminutio
293 2990 351 3031 non
375 2970 469 3030 solum
493 2991 602 3031 nouren
625 2974 708 3042 lacit,
738 2972 791 3031 sed
815 2980 843 3030 et
865 2990 984 3032 sensum
1008 2971 1158 3040 diminuit,
1185 2976 1307 3045 utputa
1331 2969 1406 3038 lona,

77 3071 272 3133 ulonticulus
295 3080 324 3132 et
347 3091 455 3132 nomen
479 3081 523 3131 est
545 3083 574 3133 et
595 3093 700 3133 sensus
715 3074 886 3134 dimimrtus.
918 3073 991 3133 liare
1014 3075 1076 3150 ipsa
1100 3071 1255 3131 diminutio
1278 3072 1407 3150 plerum-

114 3193 171 3252 que
194 3175 316 3241 crescit;
341 3194 399 3234 nou
423 3194 555 3256 semper,
579 3174 631 3236 sed
654 3176 830 3255 plermnque
852 3176 968 3234 crescit.
1000 3174 1176 3250 aliquotiens
1200 3193 1255 3234 rum
1279 3175 1406 3233 diminu-

83 3277 153 3334 ‘tio
182 3284 242 3345 est,
273 3273 448 3354 aliquotiens
475 3277 564 3345 duae,
592 3277 771 3356 'aliquotiens
793 3283 870 3344 treS,
894 3296 982 3355 quern
1005 3276 1041 3335 ad
1066 3277 1340 3366 rnurlumpotueris
1362 3277 1406 3334 iu-

114 3378 224 3437 venire.
268 3385 301 3435 ut
328 3386 399 3456 puta
427 3396 520 3456 agnus
549 3379 712 3458 principale
740 3387 797 3439 est:
828 3379 874 3438 lac
897 3377 1118 3443 diruinutiunn,
1142 3376 1291 3454 agnellus;
1316 3375 1405 3447 aliud,

113 3477 289 3556 agnicellus:
310 3478 388 3538 aliud
413 3479 632 3562 diminutivum,
658 3480 861 3559 agnicellulus.
895 3488 979 3559 potes
1002 3481 1134 3539 irnenire
1157 3481 1186 3538 in
1209 3479 1355 3538 inlinitum
1378 3489 1407 3538 et

80 3579 220 3640 arrrrultas
242 3579 479 3661 diuunuguenes,
502 3602 577 3661 «pirae
599 3586 757 3663 praecipue
780 3591 866 3662 aptae
887 3589 956 3642 sunt
976 3581 1085 3662 lyricis.
1104 3568 1108 3579 ’
1130 3581 1181 3640 sed
1205 3581 1281 3640 scire
1304 3580 1406 3649 delres,

114 3684 166 3751 ait,
190 3685 330 3761 quoidam
355 3683 427 3743 lraec
449 3685 511 3763 ipsa
536 3684 692 3745 diminutio
716 3685 769 3744 lrac
793 3695 857 3745 arte
879 3683 1014 3744 iacienda
1038 3693 1097 3753 est,
1129 3692 1175 3751 ut,
1199 3682 1316 3762 (puando
1339 3703 1406 3743 sen-

114 3803 164 3844 sus
190 3786 347 3853 minuitur,
377 3794 491 3846 crescat
518 3805 660 3846 numicius
689 3786 876 3865 syllabarum.
921 3801 990 3864 puta
1022 3805 1106 3846 urens
1133 3804 1190 3844 mm
1213 3784 1323 3863 syllaba
1347 3793 1405 3845 est:

115 3885 298 3947 monticellus
321 3889 422 3957 crevit,
446 3896 584 3967 ‹puattuor
606 3896 674 3948 suut
697 3888 840 3966 syllabae:
864 3887 1084 3949 rirernticellulus
1106 3889 1236 3967 ‹prrimpre
1258 3896 1327 3947 sunt
1348 3885 1405 3966 spl-

115 3985 206 4048 labae.
251 3988 303 4048 sed
331 3992 470 4068 quoniam
499 3980 608 4051 scimus
636 3992 706 4048 istas
735 4009 783 4049 res
812 4009 871 4049 rron
895 4009 979 4069 posse
1007 4009 1126 4069 semper
1148 3992 1337 4068 contingere,
1361 3990 1404 4050 id·

182 4212 268 4277 2ipse
288 4221 326 4261 est
345 4213 406 4261 ordo
424 4212 515 4263 aaa:
533 4220 571 4260 est
587 4227 634 4261 orn.
650 4210 674 4258 Α
746 4209 762 4260 3
781 4214 848 4274 quud
863 4220 902 4261 est
925 4213 1036 4277 speciale
1054 4209 1137 4261 uua*
1157 4227 1221 4274 (pirae
1240 4222 1278 4260 est
1296 4212 1407 4278 speciale

115 4281 138 4328 Α
188 4286 206 4330 4
224 4290 351 4330 ramerum
370 4285 392 4330 si
412 4293 435 4331 te
456 4284 594 4346 interrogat
612 4280 742 4329 africanus
760 4298 825 4344 clarae
841 4283 1035 4348 persecutionis
1054 4292 1093 4331 est
1108 4291 1132 4329 et
1151 4297 1214 4346 puer
1231 4282 1298 4331 dicat
1316 4296 1405 4330 nomen

113 4380 147 4389 -
165 4363 204 4401 est
223 4352 334 4416 speciale
351 4361 476 4401 caeterum
498 4353 519 4400 si
544 4363 567 4400 te
589 4353 725 4415 interroget
745 4353 872 4400 africanus
892 4367 956 4414 (ptrue
975 4366 1034 4416 pars
1054 4352 1174 4401 orationis
1191 4363 1229 4401 est
1247 4361 1271 4400 et
1293 4359 1318 4399 tu
1337 4352 1407 4400 diens

113 4423 226 4483 repetitis
244 4423 275 4470 iis
291 4437 355 4486 quae
370 4431 446 4471 antee
467 4425 562 4484 scriptu
580 4430 654 4471 erant
669 4421 694 4469 A
752 4422 781 4471 17
802 4424 847 4469 ista
868 4422 909 4471 Gn
929 4423 963 4469 itu
981 4421 1020 4485 B,
1036 4439 1081 4472 our.
1099 4423 1123 4470 Α
1178 4422 1209 4471 18
1223 4422 1374 4471 diminutius
1392 4435 1407 4467 a

114 4502 197 4540 monte
212 4491 365 4541 monticulus
383 4508 398 4539 a
411 4494 478 4541 loritc
499 4490 634 4539 leunculus
647 4490 737 4541 Bcu*
753 4492 905 4540 diminutiun
921 4506 936 4538 u
954 4490 1022 4539 lorice
1043 4491 1179 4540 fonticulus
1198 4507 1212 4538 a
1232 4501 1315 4539 monte
1332 4505 1406 4540 mou-

114 4560 205 4611 ticulus
225 4562 248 4609 al
319 4561 352 4611 23
372 4562 452 4610 minor
467 4570 505 4609 est
524 4561 589 4613 BC:
608 4573 646 4610 est
666 4577 712 4614 orn.
732 4563 755 4610 Λ
825 4562 858 4612 27
878 4573 929 4610 tres
949 4562 1162 4624 quemadmodum
1181 4563 1294 4625 potueris
1312 4562 1336 4664 ΙΑ
1354 4570 1406 4608 tres

1325 4638 1388 4676 yrlt'lss

113 4690 137 4730 et
153 4682 368 4745 quemadmodum
389 4683 502 4747 potueris
520 4682 608 4731 litte:
628 4685 722 4748 poteris
736 4685 840 4735 coniecit
855 4675 1038 4732 Lirrllemonuus
1098 4681 1294 4746 auspicemin
1313 4681 1406 4743 uliquis

113 4752 136 4800 Α
154 4753 257 4815 (lyricis
275 4754 361 4802 endem
381 4770 461 4816 urrann,
484 4761 510 4801 ut
527 4754 635 4813 tristetur,
653 4753 842 4818 errpersem'pto)
861 4762 935 4818 aptae
952 4761 1010 4801 saint
1031 4754 1114 4815 lyris-is
1134 4753 1194 4813 (nou
1214 4752 1275 4803 edri.
1290 4751 1316 4810 b)
1329 4751 1406 4800 nullis

395 4832 436 4859 11011

114 4874 228 4940 Baptae
250 4883 310 4922 snm
326 4872 412 4936 lyricis
433 4875 507 4924 nullis
522 4875 542 4921 (l
560 4882 641 4939 potest
656 4875 680 4922 in
696 4875 801 4937 reliquis
821 4876 842 4924 l.
911 4874 942 4925 31
964 4875 1065 4936 qrrauuo
1085 4875 1108 4920 fl
1128 4880 1221 4935 spirante
1239 4871 1308 4921 uua
