3346 5498
659 395 897 459 cuununrvn
1366 395 1428 462 257

1243 518 1265 559 p.
1278 507 1368 547 860-83
1381 506 1404 547 1,,

132 583 277 645 discretio
303 585 457 663 praeteriti
484 585 633 663 participii
661 593 691 645 et
718 586 861 654 nominis,
890 593 922 646 nt
951 593 996 646 est
1023 585 1102 645 risus
1130 587 1237 647 cultus.
1282 587 1362 647 visus
1385 583 1431 666 [et

131 683 244 766 cultus]
269 694 299 748 et
320 704 430 747 nomen
453 692 551 766 potest
573 689 652 755 esse',
676 695 706 746 et
720 687 906 766 participium
922 693 1022 767 potest
1036 704 1114 754 esse;
1139 683 1245 768 culltns
1268 694 1298 747 et
1319 705 1429 748 nomen

131 796 232 868 potest
260 807 338 858 esse,
367 796 397 848 et
424 788 612 867 participium
641 794 739 868 potest
765 807 840 849 esse.
885 788 938 849 sed
967 796 1011 849 est
1039 787 1180 849 discretio
1213 775 1313 849 huius¹
1339 788 1429 854 modi.

132 889 230 967 quod,
253 889 372 970 quando
395 889 584 970 participium
608 898 666 959 est,
690 890 838 951 secundae
861 898 905 950 est
928 888 1147 959 declinationis;
1177 888 1296 966 quando
1319 908 1429 951 nomen

103 1000 196 1061 cest,
220 1000 343 1070 quartae
366 998 411 1052 est
433 989 648 1053 declinationis.
694 993 719 1052 si
741 991 822 1052 dicas
843 994 924 1052 visus
946 993 1017 1060 visi,
1039 990 1231 1071 participium
1253 997 1313 1061 cst;
1337 994 1362 1053 si
1384 992 1430 1052 di·

132 1112 184 1154 cas
206 1094 255 1154 hic
277 1096 356 1154 visus
378 1092 467 1154 huius
489 1095 583 1163 visus,
607 1094 665 1154 erit
686 1111 805 1156 nomen.
836 1111 906 1154 ecce
929 1092 1021 1154 habes
1043 1092 1255 1155 discretionem
1278 1095 1430 1173 praeteriti

132 1195 283 1276 participii
305 1205 335 1256 et
357 1197 501 1264 nominis,
525 1194 619 1273 quod,
643 1195 760 1275 quando
783 1204 828 1256 est
849 1196 1055 1276 participium,
1085 1195 1234 1256 secundae
1257 1193 1430 1255 declinatio·

132 1299 181 1358 nis
208 1307 268 1364 cst;
296 1297 413 1378 quando
441 1306 539 1360 autem
573 1305 618 1358 est
651 1314 774 1367 nomen,
808 1304 930 1376 quartae
959 1293 1165 1358 declinationis
1193 1303 1248 1358 est.
1293 1294 1430 1357 similiter

132 1407 286 1479 sumptus:
314 1401 339 1460 si
367 1398 404 1460 ab
434 1419 469 1459 eo
498 1399 577 1479 quod
606 1407 653 1460 est
679 1418 781 1461 sumor
810 1407 945 1479 sumptus
972 1399 1026 1469 sit,
1051 1395 1256 1479 [participium
1277 1399 1431 1479 praeteriti

91 1489 497 1586 resumptusl‘participium
519 1508 581 1570 cst;
605 1503 631 1562 si
653 1500 690 1563 alr
712 1520 748 1562 eo
770 1500 850 1604 qnod
873 1509 918 1561 est
939 1507 1075 1580 sumptus
1096 1500 1186 1562 lruins
1207 1510 1353 1581 sumptus,
1376 1501 1434 1562 erit

133 1621 244 1665 nomen
273 1611 396 1684 quartae
423 1602 645 1672 declinationis,
675 1603 792 1684 qnando
820 1604 1013 1685 inpensiones
1035 1603 1245 1680 significamus.
1292 1611 1339 1663 est
1359 1603 1431 1663 item
1441 1614 1502 1673 441,
1517 1615 1550 1664 18

132 1704 323 1785 participium
346 1706 438 1766 futuri
460 1706 603 1786 temporis
632 1713 661 1765 et
683 1705 753 1767 lacit
775 1705 861 1766 nobis
883 1702 1081 1773 dubietatem,
1104 1713 1137 1765 ut
1157 1713 1201 1766 est
1222 1703 1430 1766 moribundus.

132 1807 188 1868 sed
209 1814 309 1869 utrum
332 1808 387 1869 ista
409 1809 563 1887 participia
586 1809 661 1876 sint,
684 1824 723 1867 an
746 1807 882 1876 nomina,
911 1807 969 1866 iam
993 1824 1028 1866 ex
1050 1808 1167 1868 ratione
1189 1805 1318 1885 colligis,
1342 1806 1430 1884 quod,

40 1952 42 1956 ι
131 1911 335 1990 siparticipia
358 1918 441 1979 sunt,
465 1908 593 1971 redeunt
614 1910 645 1968 in
667 1926 811 1988 praesens
833 1907 1037 1987 participium;
1066 1908 1092 1967 si
1115 1909 1233 1969 nomina
1257 1917 1341 1978 sunt,
1371 1926 1445 2001 nonx

88 2035 117 2077 ra
132 2012 262 2074 redeunt
288 2013 319 2072 in
349 2030 490 2092 praesens
519 2011 717 2092 participium.
760 2008 905 2088 legendus
933 2008 1111 2071 scribendus
1134 2028 1194 2070 non
1216 2009 1356 2071 ridentur
1378 2009 1432 2070 tibi

132 2113 203 2174 talla
233 2131 314 2184 esse,
343 2112 431 2194 quale
458 2121 503 2174 est
530 2112 743 2173 moribundus?
780 2111 832 2173 sed
861 2111 1005 2190 legendus
1032 2110 1212 2173 scribendus
1245 2112 1431 2174 redeuntia

132 2233 278 2297 praesens
313 2217 516 2295 participium,
554 2212 751 2275 moribundus
787 2232 848 2275 non
881 2213 960 2275 redit
991 2215 1023 2274 in
1056 2232 1198 2293 praesens
1231 2215 1430 2295 participium.
1467 2215 1472 2221 '

131 2316 292 2397 legendus,
316 2316 385 2378 tolle
405 2316 477 2377 inde
499 2315 553 2377 dus
576 2324 606 2376 et
627 2315 702 2377 adde
723 2333 752 2384 s,
783 2322 813 2376 et
838 2315 909 2377 iacit
930 2335 1072 2397 praesens
1093 2317 1214 2397 lagens;
1245 2315 1432 2388 scribendus,

131 2418 205 2480 tolle
227 2419 296 2489 dtas,
320 2418 444 2489 addes,
468 2417 613 2482 scribens.
658 2418 847 2479 econtrario
870 2416 1081 2480 moribundus:
1112 2419 1158 2481 iac
1180 2436 1336 2500 praesens;
1372 2437 1431 2480 aon

86 2546 118 2585 aa
132 2529 236 2602 potes,
260 2522 327 2601 quia
350 2539 410 2581 non
432 2521 583 2598 sequitur:
608 2517 819 2590 moribundus,
843 2518 915 2580 tolle
930 2518 999 2590 dus,
1021 2529 1158 2582 remanet
1179 2519 1333 2590 moribun,
1357 2520 1432 2584 adde

132 2644 165 2694 s,
189 2631 330 2692 etnemo
353 2622 425 2684 dicit
446 2621 617 2692 moribnns;
641 2623 771 2684 moriens
794 2624 873 2684 enim
896 2620 1030 2684 dicimus.
1061 2621 1257 2693 furibundus,
1281 2623 1352 2685 tolle
1367 2622 1430 2694 dus,

132 2732 271 2797 remanet
291 2724 426 2792 lurihun,
450 2723 525 2784 adde
553 2743 582 2793 s;
610 2724 747 2786 iurihnns
777 2742 837 2784 non
860 2731 906 2784 est
926 2721 1064 2799 latinum,
1093 2725 1146 2796 sed
1168 2725 1271 2786 lurens
1293 2725 1428 2786 dicimus.

134 2826 140 2910 1
162 2845 237 2911 ergo
259 2827 329 2888 hinc
351 2834 474 2906 apparot
495 2827 635 2907 quoniam
651 2845 710 2888 non
728 2833 774 2887 est
794 2827 997 2907 participium,
1020 2827 1046 2886 si
1068 2845 1128 2887 non
1150 2827 1274 2889 redierit
1291 2829 1322 2887 in
1345 2846 1431 2907 prae·

132 2948 204 2992 sens
227 2930 431 3010 participium;
460 2928 485 2987 si
507 2936 606 2990 autem
628 2928 766 2997 redierit,
790 2935 860 2990 tunc
882 2928 1070 3008 participium
1095 2937 1149 2989 est.
1192 2927 1248 2989 hae
1270 2936 1340 2989 sunt
1360 2948 1430 3009 pro-

88 3055 121 3096 aa
134 3033 221 3113 priae
242 3030 428 3092 dillerentiae
450 3029 634 3108 singulorum
657 3031 896 3110 participiorum.
919 3036 952 3090 ut
969 3047 1113 3109 praesens
1133 3031 1322 3110 participium
1344 3049 1431 3110 regu·

134 3133 180 3194 las
203 3132 311 3194 habeat
331 3151 386 3213 per
408 3133 607 3193 accusativum
631 3140 660 3192 ct
682 3133 864 3211 genetivum,
888 3132 1084 3211 praeteritum
1106 3133 1296 3212 participium
1318 3132 1431 3194 discer-

136 3254 191 3297 nas
213 3253 267 3316 per
289 3240 424 3315 quartam
448 3233 675 3294 declinationem
699 3242 729 3294 et
751 3233 928 3302 secundam,
952 3232 1087 3294 futurum
1108 3234 1297 3313 participium
1319 3233 1430 3295 discer-

135 3356 189 3399 nas
216 3355 271 3416 par
299 3334 428 3396 reditum
454 3337 486 3395 in
512 3353 654 3416 praesens
680 3337 888 3415 participium,
918 3333 964 3395 vel
990 3335 1015 3395 si
1044 3352 1103 3395 non
1130 3335 1316 3405 remeaverit.
1361 3344 1432 3397 sunt

136 3447 236 3501 tamen
260 3437 336 3499 dnae
359 3437 554 3498 discretiones
582 3436 759 3515 generaliter
781 3456 836 3518 per
858 3438 913 3497 tria
935 3438 990 3496 ista
1012 3438 1182 3516 participia,
1205 3439 1379 3516 conparatio
1402 3444 1432 3497 et

93 3565 122 3605 ao
135 3551 264 3621 tempus.
308 3541 334 3600 si
360 3542 604 3620 conparationem
632 3538 784 3609 habuerit,
816 3556 927 3600 nomen
955 3546 1014 3607 cst;
1049 3539 1110 3599 sire
1138 3539 1344 3619 conparatirns
1377 3546 1430 3609 est,

134 3645 198 3704 sive
220 3641 415 3721 superlativus
438 3648 496 3711 est,
520 3659 630 3702 nomen
653 3650 708 3702 est.
753 3642 778 3702 si
801 3646 919 3720 tempus
940 3639 1095 3711 habuerit,
1119 3642 1181 3701 sire
1203 3658 1347 3721 praesens
1369 3641 1431 3701 slve

134 3745 330 3826 praeteritum
352 3744 413 3804 sive
435 3743 583 3812 futurum,
607 3743 796 3823 participium
819 3753 871 3804 est
903 3749 973 3823 puta
1001 3743 1121 3823 quando
1136 3743 1203 3804 dico
1231 3729 1353 3804 ‘amans
1374 3742 1432 3802 hoc

134 3848 222 3916 leci’,
253 3845 323 3923 quid
350 3852 396 3906 est
423 3846 544 3906 ‘amans
566 3844 624 3906 hoc
646 3845 742 3905 leci'i
770 3845 799 3906 id
822 3853 868 3906 est
891 3845 978 3905 ‘dum
1001 3862 1131 3906 amarem
1153 3844 1212 3905 hoc
1233 3845 1318 3907 leci’.
1362 3862 1433 3906 ecce

133 3948 226 4010 hahet
249 3956 379 4027 tempus,
403 3949 590 4027 participium
608 3955 660 4008 est.
691 3964 760 4006 ecce
783 3963 855 4025 ergo
877 3965 980 4009 amans
1001 3947 1192 4028 participium
1214 3954 1260 4007 est
1279 3965 1432 4026 praesens.

94 4052 208 4114 saitem
235 4050 267 4110 in
294 4051 454 4128 praeterito
482 4052 574 4118 visus,
604 4051 683 4109 risus
710 4056 828 4128 tempus
856 4048 961 4120 habet;
989 4052 1063 4112 item
1090 4049 1121 4110 in
1151 4049 1251 4111 loturo
1278 4046 1432 4128 tegendus,

135 4169 208 4214 ecce
229 4150 300 4210 hinc
322 4150 438 4211 videtur
460 4152 666 4232 participium,
691 4152 830 4229 quoniam
860 4150 950 4212 habet
972 4159 1095 4231 tempus.
1142 4169 1213 4230 ergo
1235 4153 1260 4212 si
1280 4152 1434 4213 inventum

135 4255 228 4316 luerit
249 4261 382 4332 tempus,
415 4263 502 4314 erunt
529 4255 582 4313 ista
612 4253 711 4313 omnia
741 4253 910 4333 participia;
942 4256 968 4314 si
989 4273 1048 4314 non
1071 4254 1224 4315 inventum
1245 4255 1338 4315 inerit
1357 4262 1433 4316 tem·

135 4375 208 4438 pus,
238 4362 327 4416 erunt
357 4357 486 4416 nomina.
531 4361 576 4414 est
602 4373 718 4416 amans:
747 4355 771 4415 si
799 4354 836 4415 ab
867 4374 902 4416 eo
925 4355 1004 4433 quod
1027 4362 1073 4416 est
1093 4373 1160 4416 amo
1182 4355 1241 4416 leci
1261 4373 1379 4425 amans,
1402 4353 1433 4414 id

135 4465 184 4518 est
212 4455 282 4517 dum
310 4475 454 4527 amarem,
483 4459 508 4517 si
535 4455 604 4516 inde
633 4455 762 4518 volueris
789 4455 890 4517 dicere
920 4475 1038 4526 amans,
1070 4455 1074 4539 l
1102 4457 1289 4536 participium
1319 4464 1377 4523 cst;
1407 4456 1432 4513 si

93 4582 121 4623 ao
136 4567 237 4623 autem
260 4557 369 4620 dixeris
391 4577 492 4619 amans
514 4558 661 4619 amantior
683 4558 918 4630 amantissimus,
942 4560 1001 4620 erit
1021 4576 1141 4621 nomen.
1173 4557 1309 4619 similiter
1330 4558 1433 4617 incen-

205 4819 222 4867 2
241 4817 324 4866 cultus
343 4825 368 4865 et
386 4830 477 4866 nonren
494 4823 650 4883 potestesse
668 4823 693 4864 et
712 4815 870 4882 perticipium
887 4821 971 4879 potest
989 4829 1046 4865 ease
1062 4814 1144 4866 ont-C
1227 4812 1260 4865 19
1278 4828 1328 4862 oon
1348 4821 1433 4880 puteat

135 4884 222 4938 Ace

187 4975 363 5020 Gnnnnnrrn
380 4976 468 5017 mum
485 4976 510 5017 u.
881 4984 883 4988 s
1189 4966 1225 5030 17
