3346 5498
129 367 193 431 570
560 369 608 430 DE
632 368 755 430 uvalis
779 367 985 431 NOhllNIBVS

128 573 210 638 quac
237 549 357 615 nullius
385 551 483 638 pretii
510 551 715 616 aestimanda
742 563 834 633 sunt,
864 549 1021 637 conplura
1046 570 1130 635 quae
1151 568 1211 611 nec
1232 547 1356 611 tradita
1378 547 1423 612 ab

128 651 200 717 aliis
224 663 256 717 et
277 651 365 717 haud
388 650 486 716 dubie
508 652 550 716 ab
573 653 755 739 antiquiore
777 661 910 718 auctora
932 652 1035 740 petita
1056 661 1132 714 sunt
1153 648 1297 714 exhibet.

212 755 282 818 Iam
310 775 388 819 vero
416 751 457 816 de
485 763 616 818 auctore
645 777 665 817 a
692 776 756 838 quo
785 754 924 841 scriptor
951 753 1011 817 has
1033 751 1237 837 antiquitatis
1259 750 1423 837 reliquias

128 857 254 942 accepit
276 858 337 920 etsi
360 853 440 919 nihil
462 839 553 919 certo
573 854 758 920 confirmari
779 865 903 942 potest,
932 864 1041 919 tamen
1062 854 1246 941 conparatis
1269 854 1310 917 iis
1332 875 1424 938 quae

128 980 148 1021 a
175 956 308 1044 reliquis
339 957 562 1040 grammaticis
585 956 707 1022 tradita
733 967 811 1022 sunt
831 955 956 1024 nullum
983 965 1061 1041 puto
1083 955 1222 1020 inveniri
1245 976 1350 1037 posse,
1376 955 1424 1019 ad

127 1081 223 1144 quern
245 1058 353 1144 potius
383 1057 440 1121 illa
467 1057 651 1122 referantur
678 1081 775 1145 quam
798 1058 956 1145 Oaprum,
988 1059 1040 1121 cui
1062 1055 1205 1142 plurima
1226 1078 1309 1141 quae
1330 1077 1424 1119 nunc

127 1160 215 1245 apud
237 1159 464 1244 grammaticos
488 1159 529 1223 de
545 1158 654 1225 dubiis
675 1160 841 1226 nominum
862 1158 1036 1244 generibus
1059 1158 1182 1244 scripta
1203 1157 1338 1241 legimus
1364 1156 1423 1220 de-

126 1262 197 1326 beri
230 1260 317 1325 haud
350 1260 557 1347 inprobabile
589 1271 649 1326 est.
693 1283 770 1325 nam
796 1262 831 1324 in
858 1262 1019 1347 excerptis
1049 1257 1123 1322 Iulii
1157 1259 1294 1323 Romani
1326 1259 1425 1345 apud

128 1361 330 1442 Charisium',
359 1362 393 1425 16
421 1362 581 1426 Prisciani
609 1362 718 1446 libris,
747 1363 781 1426 in
814 1362 913 1428 Nonii
940 1362 1046 1448 capito
1073 1361 1170 1425 tertio
1193 1359 1279 1446 quod
1303 1371 1355 1424 est
1377 1360 1424 1423 de

127 1464 314 1528 indiscretis
337 1465 527 1548 generibus,
550 1467 584 1528 in
606 1463 775 1530 catholicis
798 1463 914 1544 Probi,
942 1465 976 1527 in
999 1462 1105 1527 Servii
1128 1465 1361 1527 commentario
1384 1461 1424 1524 in

127 1563 328 1647 Vergilium,
352 1565 490 1652 deniquo
512 1566 546 1628 in
568 1565 669 1652 Capri
690 1564 774 1629 libro
796 1565 837 1630 de
860 1563 1092 1649 orthographia
1113 1564 1169 1649 qui
1191 1562 1289 1647 vulgo
1311 1562 1425 1627 fertur

127 1664 229 1730 multa
251 1659 405 1750 leguntur¹
425 1668 572 1747 nomina,
600 1689 683 1752 quac
704 1667 823 1754 partim
845 1665 961 1730 iisdem
983 1664 1140 1753 exemplis
1164 1666 1320 1751 adpositis
1343 1687 1423 1750 par-

128 1767 185 1830 tim
208 1767 392 1832 substitutis
416 1767 488 1832 aliis
511 1770 544 1832 in
567 1768 652 1832 hunc
675 1791 803 1856 quoque
825 1768 945 1833 librum
966 1777 1098 1853 recepta
1120 1777 1205 1829 sunt.
1228 1788 1328 1851 quare
1351 1788 1423 1851 quo

128 1871 248 1932 certius
272 1866 311 1931 dc
333 1869 388 1932 illo
404 1891 562 1934 consensu
582 1879 749 1935 constaret
770 1881 804 1933 et
825 1869 867 1934 dc
889 1869 1050 1934 communi
1074 1869 1163 1933 fonte
1185 1867 1321 1931 iudicari
1345 1889 1423 1952 pos-

128 1980 192 2054 set,
220 1968 306 2034 locos
336 1972 621 2055 grammaticorum
648 1980 727 2057 quos
757 1971 828 2035 dixi
859 1971 1007 2036 subiecta
1028 1969 1237 2034 adnotatione
1259 1967 1423 2033 indicavi.

126 2094 321 2156 quamquam
343 2071 439 2136 facile
461 2071 556 2158 plura
577 2073 736 2153 adscribi,
760 2097 825 2138 non
840 2072 931 2136 nulla
945 2072 1044 2136 ctiam
1059 2093 1141 2157 quac
1156 2070 1250 2156 posui
1273 2073 1423 2134 fortasse

126 2169 247 2236 rectius
276 2173 382 2236 omitti
410 2174 556 2257 potuisse
584 2177 659 2238 scio.
704 2198 746 2238 ex
772 2173 835 2238 illis
859 2174 960 2258 igitur
980 2173 1201 2257 grammaticis
1225 2171 1328 2235 Iulius
1352 2172 1422 2237 Ro·

126 2295 240 2336 manus
263 2274 392 2359 saepius
409 2274 552 2359 Captum
574 2276 730 2341 nominat.
759 2276 947 2339 Priscianus
962 2285 1071 2340 autem
1087 2297 1126 2338 ea
1146 2296 1229 2361 quac
1252 2274 1286 2335 16
1300 2272 1421 2358 661616

126 2374 209 2438 libro
233 2373 273 2438 de
295 2374 469 2458 generibus
491 2376 658 2440 nominum
680 2376 809 2463 scripsit
831 2377 919 2462 apud
942 2376 1085 2463 Caprum
1107 2388 1141 2441 ct
1162 2376 1249 2461 apud
1272 2374 1421 2439 Probum

128 2474 168 2539 de
201 2475 311 2539 dubiis
343 2474 517 2560 generibus
546 2477 686 2542 inveniri
712 2479 760 2543 611
789 2501 820 2564 p.
846 2479 921 2559 171,
947 2477 1001 2559 14,
1036 2477 1231 2562 eosdemque
1264 2486 1420 2541 auctores

126 2575 223 2640 etiarn
251 2577 284 2639 in
317 2574 449 2662 reliquis
477 2576 570 2643 libris
598 2580 727 2666 saepius
756 2578 915 2666 appellat,
944 2601 1027 2666 quac
1056 2580 1186 2644 videtur
1208 2599 1309 2641 causa
1331 2600 1420 2661 6666,

125 2700 183 2740 661
205 2677 359 2763 conplura
381 2702 464 2766 quae
486 2678 574 2766 apud
597 2702 670 2744 cum
693 2681 816 2766 scripta
837 2691 913 2745 suut
934 2704 1008 2745 cum
1029 2679 1197 2745 catholicis
1221 2680 1319 2744 Probi
1341 2702 1420 2744 con·

125 2779 277 2844 sentiant.
321 2780 463 2844 Nonium
490 2804 619 2867 quoque
646 2792 779 2869 propter
807 2783 876 2846 eius
904 2805 977 2847 6616
1005 2782 1173 2846 Ρ11661666
1203 2793 1235 2845 61
1262 2780 1418 2847 Charisia

125 2902 318 2945 consensum
333 2880 442 2967 Capro
457 2905 551 2946 usum
571 2905 642 2946 csso
664 2896 758 2968 puto,
781 2905 976 2970 quamquam
992 2883 1146 2948 Hertzius
1169 2882 1277 2947 annal.
1300 2882 1417 2967 philol.

124 3005 200 3047 nov.
222 3006 252 3046 6.
277 2983 358 3047 1862
380 3007 410 3070 p.
435 2983 496 3048 786
524 3007 589 3049 666
616 2985 703 3049 hunc
729 2987 852 3071 ipsum,
878 2985 936 3049 sed
958 2986 1099 3050 Probum
1122 3009 1142 3049 6
1165 2987 1271 3070 Capro
1299 2994 1420 3069 postea

124 3086 324 3170 exscriptum
352 3086 421 3148 eius
450 3096 614 3150 auctorem
640 3088 743 3152 fuisse
771 3086 885 3152 voluit.
930 3087 988 3152 scd
1010 3108 1093 3173 quae
1116 3086 1158 3150 ad
1181 3086 1265 3149 hanc
1287 3095 1417 3150 senten·

124 3187 204 3277 tiam
227 3186 478 3250 confirmandam
501 3187 612 3251 attulit
633 3188 674 3254 ab
698 3189 738 3253 iis
754 3212 837 3276 quae
860 3189 900 3254 de
916 3190 1024 3275 Capro
1047 3187 1169 3251 tradita
1190 3197 1267 3250 6661
1289 3187 1417 3251 (116666-

123 3288 238 3351 tiontia
265 3287 353 3351 haud
381 3291 447 3353 scio
475 3311 517 3351 an
544 3290 664 3353 rectius
694 3291 929 3375 posterioribus
957 3290 1193 3373 grammaticis,
1222 3290 1278 3376 qui
1306 3290 1416 3354 minus

124 3399 274 3453 accurate
303 3388 390 3454 illius
419 3390 599 3455 doctrinam
622 3393 850 3478 sequebantur,
874 3414 971 3477 quam
994 3392 1101 3478 Capro
1124 3389 1290 3454 166116611
1312 3392 1416 3456 Probi

122 3490 223 3577 copiis
247 3491 409 3557 6161116611
431 3493 623 3557 tribuamus.
654 3493 771 3558 deindo
787 3493 930 3573 Servius,
953 3477 1009 3580 qui
1031 3493 1071 3556 dc
1094 3491 1202 3557 dubiis
1224 3492 1415 3557 nominibus

123 3592 295 3679 disputans
325 3593 468 3678 Caprum
495 3595 677 3659 nominavit
705 3597 738 3658 in
760 3594 860 3680 Verg.
884 3597 966 3660 Α66.
995 3593 1047 3659 IX
1075 3594 1151 3675 7003
1181 3593 1214 3656 X
1236 3594 1313 3672 344,
1337 3595 1415 3679 377,

124 3694 196 3774 788,
220 3692 315 3778 plura
336 3717 418 3778 quae
441 3696 482 3759 de
505 3695 618 3759 cadem
640 3719 675 3760 16
698 3696 800 3761 tradit
822 3696 864 3760 ab
886 3697 947 3762 hoc
970 3696 1125 3782 petivisse
1149 3695 1288 3760 videtur.
1322 3696 1414 3759 deni-

124 3818 185 3881 666
208 3795 308 3880 Capri
336 3796 418 3861 liber
440 3799 494 3882 qui
517 3796 616 3882 vulgo
644 3797 779 3878 dicitur,
809 3799 869 3862 6161
897 3820 962 3863 666
989 3821 1009 3861 6
1031 3797 1139 3883 Capro
1167 3801 1322 3882 scriptus,
1347 3800 1414 3863 'sed

125 3895 224 3959 multo
251 3899 404 3962 inferiore
432 3910 576 3983 ternpore
604 3901 790 3985 conpositus
819 3909 885 3981 est,
919 3910 1028 3963 tamcn
1060 3900 1219 3986 quaedam
1247 3922 1288 3961 cx
1321 3900 1427 3964 illius¹

124 3997 216 4061 libris
239 4010 392 4084 excerpta
415 4001 579 4063 continere
601 4003 671 4064 iure
693 4001 845 4066 creditur.
889 4023 1015 4088 611666
1038 4003 1135 4065 611616
1159 4001 1240 4065 illud
1262 4001 1414 4086 adparet,

123 4098 178 4161 diu
205 4099 292 4183 apud
320 4103 550 4182 grammaticos
578 4102 749 4167 duravisse
777 4102 876 4188 Capri
908 4105 1104 4168 memoriam.
1149 4104 1258 4189 itaquo
1285 4113 1322 4165 61
1355 4104 1413 4168 6111

122 4200 324 4286 grammatici
347 4203 380 4265 in
402 4204 575 4287 generibus
598 4204 764 4269 nominum
787 4202 980 4269 definiendis
1003 4204 1100 4290 Capri
1127 4205 1332 4290 potissimum
1356 4227 1413 4271 66-

123 4305 185 4390 piis
208 4304 258 4367 usi
282 4326 352 4367 osse
376 4304 544 4385 videntur,
568 4305 614 4368 ita
637 4329 709 4369 curn
732 4305 787 4392 qui
809 4306 893 4370 hunc
918 4305 958 4369 de
981 4305 1088 4371 dubiis
1112 4306 1296 4369 nominibus
1319 4306 1413 4371 libel-

123 4405 188 4469 lum
216 4408 347 4490 scripsit
374 4427 437 4469 non
465 4408 608 4489 integros
637 4407 767 4494 quidem
791 4407 877 4470 illius
901 4407 1016 4489 libros,
1046 4409 1102 4493 qui
1123 4430 1161 4472 66
1185 4422 1327 4492 ternporc
1353 4410 1414 4473 vix

122 4508 291 4589 extabant,
315 4507 372 4571 sed
396 4517 562 4593 excerpta,
586 4531 603 4571 c
626 4508 743 4593 quibus
767 4520 915 4573 vetorum
937 4511 1130 4595 scriptorum
1152 4509 1300 4593 cxcinpla
1322 4509 1414 4573 colli-

122 4619 226 4691 geret,
256 4608 448 4674 adhibuisse
478 4609 681 4673 crediderim.
728 4613 858 4697 scripsit
885 4620 993 4674 autern
1023 4621 1097 4696 post
1119 4621 1257 4675 actatcrn
1281 4610 1414 4698 Isidori,

121 4713 211 4774 cuius
235 4713 429 4776 616611666111
452 4710 530 4774 16611
552 4735 582 4774 v.
606 4718 743 4789 leuamen
766 4736 797 4797 p.
821 4714 861 4775 &3
884 4711 927 4775 H.
