3346 5498
691 379 926 442 COlllIilll'l'l'll
1413 370 1477 438 265

1293 495 1314 537 ρ.
1327 486 1415 527 ore-so
1429 482 1452 525 r.

187 568 253 630 dico
276 571 344 646 ‘ego
367 575 397 628 et
418 577 449 629 tu
472 571 598 637 eamus‘,
622 564 691 626 tolle
713 566 783 627 inde
805 574 843 635 et,
868 575 897 626 ει
919 566 1076 637 videamus,
1100 567 1125 627 si
1148 573 1207 626 stat
1228 581 1342 626 sensus.
1386 582 1478 644 quae*

188 667 278 751 riturJ,
313 688 372 749 quo
399 669 465 732 loco
494 667 695 731 detrahendae
724 677 794 730 sunt
821 670 1053 730 coniunctiones.
1096 687 1156 730 non
1185 667 1310 748 ubique,
1339 666 1392 727 scd
1425 665 1476 730 illo
1555 694 1561 707 ·

189 772 254 842 loco
276 771 473 834 detrahuntur
495 773 734 841 coniunctiones,
757 769 807 832 ubi
829 789 898 850 pars
920 768 1034 832 sublata
1055 790 1115 832 nou
1138 769 1224 832 obest
1245 769 1323 849 parti
1345 766 1475 830 relictae.

189 873 245 937 hoc
266 881 367 937 autem
390 893 450 935 non
472 874 616 952 contingit
636 874 694 934 nisi
715 873 747 934 iu
768 871 914 934 sensibus.
944 882 1071 954 possunt
1092 875 1170 935 enim
1192 864 1332 953 quattuor
1347 871 1478 951 quinque

168 988 254 1038 lesse
277 994 392 1045 sensus,
416 983 446 1037 et
469 995 526 1038 uno
548 985 664 1038 remoto
686 983 811 1057 possunt
831 983 919 1037 stare.
964 974 1054 1038 verba
1076 984 1173 1037 autern
1195 976 1219 1035 si
1241 974 1354 1035 luerint
1369 982 1399 1034 et
1418 990 1478 1036 non

189 1079 299 1140 luerint
320 1095 441 1148 conexa,
465 1096 526 1139 non
548 1087 607 1141 stat
629 1077 765 1139 elocutio.
799 1079 838 1140 ita
861 1078 893 1140 lit
914 1086 947 1138 ut
968 1079 998 1139 in
1018 1077 1142 1156 singulis
1164 1075 1354 1138 sermonibus
1375 1093 1479 1137 neces·

189 1183 264 1244 saria
286 1182 325 1242 sit
346 1179 381 1242 ad
404 1182 599 1242 conexionem
621 1181 798 1243 coniunctio.
842 1181 987 1242 insensu
1013 1187 1113 1242 auteur
1142 1196 1201 1240 non
1229 1197 1348 1259 semper
1376 1196 1479 1240 ncces

189 1284 265 1347 saria
287 1289 333 1345 est
355 1283 532 1351 coniunctio,
556 1281 608 1343 sed
631 1285 656 1344 si
678 1284 736 1359 vis,
761 1289 846 1362 potes
867 1301 996 1362 ponere,
1019 1283 1044 1342 si
1066 1282 1117 1352 vis,
1145 1299 1214 1342 non.
1258 1288 1357 1363 potest
1374 1281 1380 1359 Ι
1400 1282 1479 1363 euim

187 1386 392 1466 pronuntiatio
413 1386 476 1464 ipsa
499 1385 562 1444 vice
584 1385 666 1463 iungi
689 1385 914 1445 coniunctionis.
958 1385 1001 1445 vis
1028 1385 1105 1445 scire
1127 1384 1267 1463 quoniam
1295 1400 1401 1445 sensus
1422 1381 1480 1446 hoc

146 1505 175 1547 eo
188 1489 277 1551 lacit?
307 1496 445 1568 perverts
466 1488 563 1566 ipsum
586 1504 716 1555 sensum,
740 1495 770 1547 et
791 1478 856 1546 'vide
879 1487 947 1564 quia
968 1494 1040 1555 stat,
1063 1486 1151 1546 ‘ferte
1173 1485 1241 1557 tela,
1265 1484 1333 1546 date
1358 1483 1480 1553 faculas,

190 1591 240 1652 citi
262 1588 389 1651 classem
411 1588 587 1651 ascendite':
619 1605 679 1649 uon
701 1590 765 1668 ipso
788 1587 893 1651 ordine
914 1588 990 1658 dixi,
1017 1606 1076 1668 quo
1098 1586 1260 1667 Vergilius,
1284 1586 1338 1649 sed
1359 1584 1428 1656 alio,
1451 1595 1481 1649 et

188 1701 289 1756 tamen
304 1699 372 1754 stat.
411 1693 577 1769 quaesitum
601 1697 648 1751 est
670 1692 748 1751 enim
770 1691 836 1760 hoc,
860 1711 919 1771 quo
942 1698 1077 1771 tempore
1099 1690 1297 1751 detrahendae
1319 1695 1388 1751 sunt
1409 1707 1480 1752 con·

186 1795 363 1858 iunctiones.
392 1793 444 1855 illo
458 1779 570 1855 scilicet
585 1801 729 1874 tempore,
752 1793 870 1875 quando
885 1812 991 1864 sensus
1005 1792 1130 1873 perlecti
1145 1799 1225 1862 sunt,
1248 1793 1288 1855 ita
1308 1800 1342 1853 ut
1363 1790 1480 1852 sublato

191 1915 249 1958 uno
279 1896 353 1958 alter
381 1915 441 1957 non
468 1894 629 1958 mutiletur.
678 1898 708 1958 in
737 1895 905 1957 elocutione
933 1895 991 1957 hoe
1019 1913 1079 1956 non
1107 1895 1260 1974 contingit.
1311 1894 1480 1957 coniunctio

130 2005 172 2052 ¹⁶
193 1997 267 2060 dicta
290 2008 344 2073 est,
369 1998 446 2078 quod
470 2000 623 2077 coniungit
644 2006 763 2061 nostras
786 1997 979 2059 elocutiones.

275 2100 482 2161 Coniunctioni
505 2102 562 2162 tria
583 2100 730 2170 accidunt,
753 2108 884 2181 potestas
905 2101 998 2180 ligura
1021 2099 1104 2161 ordo.
1143 2105 1274 2179 potestas
1295 2098 1480 2159 coniunctio·
1493 2110 1582 2173 tran

194 2220 261 2263 nuni
296 2201 373 2281 apud
402 2202 521 2263 ιειίιιοε
556 2205 587 2264 in
621 2204 752 2283 quinque
784 2180 900 2282 species
931 2201 1070 2263 dividitur
1115 2201 1202 2282 (apud
1238 2202 1369 2264 Graecos
1402 2202 1480 2262 enim
1493 2178 1582 2241 ⁶¹⁶³

193 2305 270 2365 rarle
297 2303 461 2383 dividitur):
506 2312 575 2366 sunt
608 2306 687 2366 enirn
721 2303 904 2384 copulativae
930 2303 1122 2366 disiunctivae
1154 2301 1317 2383 expletivae
1348 2302 1483 2368 causales

194 2404 361 2467 rationales.

119 2510 180 2564 tu
277 2507 466 2588 copulativae
495 2509 650 2580 dicuntur,
679 2509 757 2589 quod
785 2516 815 2570 et
841 2527 962 2570 sensum
989 2508 1130 2589 copulant
1162 2517 1191 2570 et
1212 2507 1302 2570 verba
1331 2507 1482 2590 copulant.

193 2610 266 2689 ‘ego
295 2618 326 2671 et
353 2618 384 2672 tu
414 2618 548 2673 eamus’:
580 2611 699 2692 quando
726 2612 793 2673 dico
816 2611 888 2690 ‘ego
917 2619 946 2673 et
968 2619 1000 2673 tu
1022 2617 1156 2682 eamus’‚
1191 2629 1251 2672 non
1274 2609 1371 2672 solum
1392 2610 1482 2673 verba

194 2730 305 2775 conexa
327 2721 409 2784 sunt,
444 2714 496 2775 sed
525 2716 614 2776 etiem
642 2733 748 2776 sensus
776 2732 907 2776 conexus
930 2721 984 2775 est.
1028 2722 1061 2775 ut
1087 2715 1112 2775 si
1134 2712 1213 2775 dicas
1237 2714 1291 2773 ‘ite
1313 2714 1378 2786 citi,
1406 2715 1484 2774 lerte

193 2814 340 2886 dammas,
370 2816 437 2877 date
464 2816 521 2878 tela
549 2828 578 2877 et
606 2816 740 2877 scandite
767 2821 897 2886 muros'‚
925 2818 984 2878 iam
1006 2816 1155 2877 ‘scandite
1177 2820 1296 2878 muros'
1320 2824 1350 2876 et
1378 2832 1484 2877 sensus

194 2919 370 2980 coniunctus
397 2927 442 2979 est
471 2927 500 2979 et
527 2919 625 2980 verba.
672 2916 736 2999 [irie
762 2917 852 2980 verba
879 2919 1037 2980 coniuncta
1059 2927 1143 2988 sunt,
1173 2919 1245 2996 ‘ego
1274 2927 1304 2978 et
1326 2929 1357 2979 tu
1380 2935 1483 2980 eamus

119 3021 230 3081 *aad
252 3022 373 3089 lorum',
397 3019 456 3082 illic
478 3039 584 3082 sensus
606 3021 780 3082 coniunctus
802 3031 849 3082 est
871 3029 900 3081 et
921 3018 1037 3102 verba]
1083 3038 1154 3098 ergo
1180 3018 1342 3099 copulativa
1364 3018 1415 3080 illa
1437 3025 1485 3079 est

195 3140 269 3202 quae
297 3129 327 3183 ει
348 3122 436 3183 verba
459 3124 612 3201 coniungit
640 3131 670 3184 et
692 3142 813 3185 sensum
835 3123 994 3201 coniungit.
1040 3121 1212 3183 disiunctiva
1240 3122 1323 3183 dr'cto
1350 3131 1483 3183 estnon

196 3221 230 3284 alr
253 3242 299 3293 eo,
324 3223 402 3301 quod
426 3226 583 3302 coniuncta
605 3224 761 3303 disiungat.
805 3243 873 3285 nam
896 3226 920 3286 si
943 3224 1107 3304 disiungit,·
1129 3225 1188 3284 iam
1215 3242 1272 3285 nec
1290 3220 1296 3306 Ι
1315 3223 1483 3285 coniunctio

196 3335 253 3388 est:
290 3325 363 3386 nihil
393 3329 470 3388 eninr
498 3336 559 3388 tam
587 3327 769 3388 eontrarium
796 3328 996 3388 coniunctioni
1024 3345 1111 3406 (ιιιειιι
1144 3326 1311 3388 disiunctio.
1362 3342 1430 3385 uam
1458 3325 1484 3386 si

195 3427 261 3489 ideo
284 3426 361 3489 dicta
383 3437 427 3489 est
449 3431 627 3498 coniunctio,
651 3428 688 3490 ab
711 3447 746 3490 eo
768 3427 846 3509 quod
870 3430 1036 3507 coniungat,
1058 3431 1114 3492 ista
1132 3437 1230 3491 autern
1248 3428 1399 3506 disiungit,
1423 3443 1484 3490 uon

129 3529 240 3591 ⁸vest
262 3531 442 3592 coniunctio.
486 3531 620 3592 sednon
643 3530 781 3592 esthon:
818 3549 886 3593 nam
914 3533 1085 3594 coniunctio
1113 3540 1160 3593 est
1189 3540 1218 3592 et
1240 3532 1306 3592 ista.
1352 3535 1398 3590 est
1419 3528 1484 3606 qui·

196 3615 260 3693 dem
284 3633 470 3702 coniunctio,
495 3642 637 3710 quantum
659 3632 696 3694 ad
718 3632 808 3694 verba
830 3635 974 3713 pertinet;
1006 3643 1053 3696 est
1074 3643 1172 3696 autern
1195 3632 1364 3701 disiunctio,
1389 3648 1483 3710 quan·

198 3739 256 3794 tum
278 3732 317 3794 ad
339 3751 458 3794 sensum
479 3736 618 3814 pertinet.
662 3753 784 3815 possurn
816 3737 894 3796 enirn
921 3738 961 3799 ita
983 3736 1099 3809 dicere,
1129 3739 1203 3816 ‘ego
1225 3743 1276 3798 aut
1296 3743 1329 3796 tu
1352 3737 1484 3798 eamus’.

198 3834 313 3913 pando
335 3834 401 3895 dico
424 3839 494 3915 ‘ego
517 3846 566 3897 aut
589 3844 621 3898 tu
644 3839 773 3908 eamus',
798 3836 926 3900 elocutio
948 3839 1067 3919 quidem
1089 3857 1201 3902 conexa
1225 3848 1279 3908 est.
1303 3836 1357 3899 sed
1379 3854 1485 3900 sensus

198 3934 314 3998 divisus.
365 3955 433 3998 nani
462 3938 578 4015 quando
606 3938 674 4001 dico
705 3939 776 4017 ‘ego
804 3948 856 4002 aut
883 3949 915 4001 tu
944 3945 1072 4016 eamus’‚
1103 3959 1163 4002 non
1191 3949 1351 4021 utrumque
1373 3941 1485 4003 iturum

153 4038 335 4109 θιιειειιιιο,
359 4040 411 4101 sed
433 4039 619 4113 alterutrum,
643 4039 792 4102 velillum
814 4040 975 4105 velillum.
1020 4042 1079 4105 tale
1102 4044 1199 4105 estin
1220 4042 1272 4104 illo
1294 4060 1395 4112 sensu
1418 4046 1487 4105 ‘aut

266 4241 299 4295 16
312 4252 424 4308 potestas
436 4246 640 4295 coniunctionum
656 4246 725 4310 apud
739 4246 831 4299 latinos
845 4249 914 4315 apud
931 4263 1038 4316 graecos
1050 4248 1118 4300 enim
1130 4250 1217 4299 neriae
1233 4248 1361 4300 diuidetur
1374 4255 1486 4313 potestas

199 4313 400 4363 coniunctionum
425 4317 494 4380 opud
520 4317 613 4365 latinos
636 4317 662 4365 in
687 4317 799 4381 quinque
822 4321 922 4384 species
944 4320 1073 4369 diuidetur
1095 4329 1154 4369 suut
1172 4320 1277 4368 enimsi
1366 4317 1398 4369 17
1416 4318 1485 4383 apud

199 4395 302 4445 grueos
326 4382 394 4433 enim
417 4389 485 4435 varie
507 4386 630 4435 dividitur
647 4386 733 4439 om.0
817 4389 852 4438 23
870 4400 894 4439 et
919 4390 1033 4440 scandite
1055 4386 1152 4454 muros]
1173 4391 1251 4456 Verq.
1272 4388 1339 4440 Aen.
1355 4387 1424 4436 Vllll
1440 4387 1483 4442 37.

198 4465 250 4502 m
265 4453 312 4502 tec
329 4458 465 4516 avernum
486 4473 537 4505 cum
555 4472 585 4507 eo
605 4458 674 4521 quod
689 4473 769 4522 crepon
785 4460 904 4524 seriptum
922 4467 980 4509 erut
996 4461 1062 4510 Aen.
1079 4461 1125 4509 llll
1143 4459 1372 4512 sulmonense
1389 4455 1487 4508 videar

197 4525 379 4584 ormentiaco.
398 4532 425 4573 ut
444 4527 468 4574 in
488 4529 529 4576 illo
553 4543 643 4578 sensus
664 4535 757 4578 tannen
778 4531 934 4590 coniunctos,
957 4532 982 4578 iu
1005 4530 1052 4579 laec
1069 4537 1094 4578 et
1110 4545 1199 4581 smus
1216 4538 1243 4580 et
1258 4528 1336 4579 verba
1354 4527 1486 4578 ocelim

199 4605 250 4642 me
267 4593 379 4642 doceret.
415 4609 446 4643 en
467 4604 545 4645 autem
563 4613 629 4662 quae
646 4605 792 4662 requeratur,
808 4597 849 4647 hic
866 4599 944 4649 verba
963 4599 1097 4650 coniuncte
1113 4607 1173 4651 sunt
1190 4609 1247 4663 etc,
1266 4600 1303 4648 ad
1319 4597 1488 4661 differentiam

198 4664 390 4724 motivarum
403 4671 428 4712 et
445 4665 647 4717 disiuncttoorum
661 4670 855 4720 coniunctiorem
871 4671 1002 4730 pertinere
1014 4669 1130 4721 videm
1198 4671 1232 4720 24
1250 4665 1303 4734 hie]
1324 4665 1383 4715 huie
1400 4667 1425 4714 A

199 4730 229 4782 'ld
245 4733 314 4782 dicte
335 4749 381 4782 om.
401 4733 425 4781 A
432 4734 485 4783 BC
570 4736 602 4787 31
622 4747 744 4798 quantum
765 4739 797 4787 ed
817 4737 896 4788 uerba
913 4738 1006 4790 nea*
1024 4754 1113 4803 qua..
1133 4739 1166 4789 ed
1178 4740 1256 4789 uerba
1274 4736 1299 4787 A
1384 4737 1486 4800 quando

200 4802 297 4862 qnando
321 4802 354 4851 ad
372 4804 517 4858 sensumA
603 4805 638 4863 33
660 4808 762 4870 quondo
780 4808 836 4858 dico
854 4823 903 4875 ego
923 4818 967 4859 eut
984 4817 1011 4859 tu
1035 4824 1123 4860 eomus
1141 4809 1250 4859 elocutio
1268 4806 1370 4870 quidem
1389 4821 1488 4859 conexa

199 4879 235 4920 ost
251 4872 299 4924 aed
316 4886 408 4927 sensus
421 4873 520 4926 divisus
538 4890 597 4931 narn
615 4878 718 4946 quondo
735 4878 792 4934 dieo
808 4893 858 4954 ego
877 4887 921 4937 not
938 4888 966 4938 ιιι
981 4895 1069 4938 eamus
1083 4895 1129 4941 ern.
1148 4879 1209 4944 AO,
1229 4878 1291 4932 aad.
1310 4892 1348 4932 ac
