<?xml version="1.0" encoding="UTF-8"?>
<!DOCTYPE html PUBLIC "-//W3C//DTD XHTML 1.0 Transitional//EN"
    "http://www.w3.org/TR/xhtml1/DTD/xhtml1-transitional.dtd">
<html xmlns="http://www.w3.org/1999/xhtml" xml:lang="en" lang="en">
 <head>
  <title>
</title>
<meta http-equiv="Content-Type" content="text/html;charset=utf-8" />
  <meta name='ocr-system' content='tesseract 3.04.00' />
  <meta name='ocr-capabilities' content='ocr_page ocr_carea ocr_par ocr_line ocrx_word'/>
</head>
<body>
  <div class='ocr_page' id='page_1' title='image "./grammaticilatin03keilgoog_0517.png"; bbox 0 0 3346 5498; ppageno 0'>
   <div class='ocr_carea' id='block_1_1' title="bbox 290 1157 1529 1219">
    <p class='ocr_par' dir='ltr' id='par_1_1' title="bbox 290 1157 1529 1219">
     <span class='ocr_line' id='line_1_1' title="bbox 290 1157 1529 1219; baseline -0.005 -16"><span class='ocrx_word' id='word_1_1' title='bbox 290 1178 311 1219; x_wconf 87' lang='lat' dir='ltr'><strong>p.</strong></span> <span class='ocrx_word' id='word_1_2' title='bbox 328 1164 364 1204; x_wconf 79' lang='lat' dir='ltr'><strong>ist</strong></span> <span class='ocrx_word' id='word_1_3' title='bbox 377 1161 410 1202; x_wconf 79' lang='lat' dir='ltr'><strong>ed.</strong></span> <span class='ocrx_word' id='word_1_4' title='bbox 424 1159 476 1201; x_wconf 79' lang='lat' dir='ltr'><strong>Mai.</strong></span> <span class='ocrx_word' id='word_1_5' title='bbox 1352 1171 1373 1211; x_wconf 89' lang='lat' dir='ltr'><strong>p.</strong></span> <span class='ocrx_word' id='word_1_6' title='bbox 1388 1157 1447 1199; x_wconf 80' lang='lat' dir='ltr'><strong>ted.</strong></span> <span class='ocrx_word' id='word_1_7' title='bbox 1464 1158 1529 1199; x_wconf 77' lang='lat' dir='ltr'><strong>ch.</strong></span> 
     </span>
    </p>
   </div>
   <div class='ocr_carea' id='block_1_2' title="bbox 303 1254 1516 1506">
    <p class='ocr_par' dir='ltr' id='par_1_2' title="bbox 303 1254 1516 1506">
     <span class='ocr_line' id='line_1_2' title="bbox 303 1254 1516 1355; baseline -0.007 0"><span class='ocrx_word' id='word_1_8' title='bbox 303 1261 386 1355; x_wconf 84' lang='lat' dir='ltr'><strong>litt</strong></span> <span class='ocrx_word' id='word_1_9' title='bbox 413 1258 562 1353; x_wconf 83' lang='lat' dir='ltr'><strong>lllldll</strong></span> <span class='ocrx_word' id='word_1_10' title='bbox 589 1257 812 1353; x_wconf 82' lang='lat' dir='ltr'><strong>llllllllll</strong></span> <span class='ocrx_word' id='word_1_11' title='bbox 839 1257 927 1352; x_wconf 79' lang='lat' dir='ltr'><strong>litt</strong></span> <span class='ocrx_word' id='word_1_12' title='bbox 955 1257 1164 1352; x_wconf 84' lang='lat' dir='ltr'><strong>lllllllllll</strong></span> <span class='ocrx_word' id='word_1_13' title='bbox 1190 1254 1516 1352; x_wconf 80' lang='lat' dir='ltr'><strong>lllllllldltllllll</strong></span> 
     </span>
     <span class='ocr_line' id='line_1_3' title="bbox 798 1409 1020 1506; baseline -0.005 -1"><span class='ocrx_word' id='word_1_14' title='bbox 798 1409 1020 1506; x_wconf 76' lang='lat' dir='ltr'><strong>inutilla</strong></span> 
     </span>
    </p>
   </div>
   <div class='ocr_carea' id='block_1_3' title="bbox 834 1633 984 1641">
    <p class='ocr_par' dir='ltr' id='par_1_3' title="bbox 834 1633 984 1641">
     <span class='ocr_line' id='line_1_4' title="bbox 834 1633 984 1641; baseline -0.007 0"><span class='ocrx_word' id='word_1_15' title='bbox 834 1633 984 1641; x_wconf 69' lang='lat'><strong>.—--—</strong></span> 
     </span>
    </p>
   </div>
   <div class='ocr_carea' id='block_1_4' title="bbox 263 1784 1585 2244">
    <p class='ocr_par' dir='ltr' id='par_1_4' title="bbox 263 1784 1585 2244">
     <span class='ocr_line' id='line_1_5' title="bbox 349 1784 1556 1865; baseline -0.002 -19"><span class='ocrx_word' id='word_1_16' title='bbox 349 1787 493 1846; x_wconf 82' lang='lat' dir='ltr'><strong>Latinitas</strong></span> <span class='ocrx_word' id='word_1_17' title='bbox 514 1793 559 1846; x_wconf 88' lang='lat' dir='ltr'><strong>ast</strong></span> <span class='ocrx_word' id='word_1_18' title='bbox 580 1786 748 1846; x_wconf 88' lang='lat' dir='ltr'><strong>observatio</strong></span> <span class='ocrx_word' id='word_1_19' title='bbox 770 1787 945 1865; x_wconf 81' lang='lat' dir='ltr'><strong>incorrupte</strong></span> <span class='ocrx_word' id='word_1_20' title='bbox 967 1785 1106 1865; x_wconf 90' lang='lat' dir='ltr'><strong>loquendi</strong></span> <span class='ocrx_word' id='word_1_21' title='bbox 1129 1785 1292 1846; x_wconf 88' lang='lat' dir='ltr'><strong>secuudum</strong></span> <span class='ocrx_word' id='word_1_22' title='bbox 1314 1784 1472 1845; x_wconf 79' lang='lat' dir='ltr'>Romanam</span> <span class='ocrx_word' id='word_1_23' title='bbox 1497 1784 1556 1844; x_wconf 92' lang='lat' dir='ltr'><strong>liu·</strong></span> 
     </span>
     <span class='ocr_line' id='line_1_6' title="bbox 265 1870 1555 1950; baseline -0.002 -19"><span class='ocrx_word' id='word_1_24' title='bbox 265 1890 361 1950; x_wconf 83' lang='lat' dir='ltr'><strong>guam.</strong></span> <span class='ocrx_word' id='word_1_25' title='bbox 407 1877 521 1931; x_wconf 88' lang='lat' dir='ltr'><strong>constat</strong></span> <span class='ocrx_word' id='word_1_26' title='bbox 548 1879 646 1931; x_wconf 85' lang='lat' dir='ltr'><strong>autem</strong></span> <span class='ocrx_word' id='word_1_27' title='bbox 675 1870 772 1931; x_wconf 92' lang='lat' dir='ltr'><strong>modis</strong></span> <span class='ocrx_word' id='word_1_28' title='bbox 793 1870 906 1939; x_wconf 92' lang='lat' dir='ltr'><strong>tribus,</strong></span> <span class='ocrx_word' id='word_1_29' title='bbox 936 1870 967 1930; x_wconf 92' lang='lat' dir='ltr'><strong>id</strong></span> <span class='ocrx_word' id='word_1_30' title='bbox 990 1877 1035 1930; x_wconf 89' lang='lat' dir='ltr'><strong>est</strong></span> <span class='ocrx_word' id='word_1_31' title='bbox 1056 1873 1172 1931; x_wconf 88' lang='lat' dir='ltr'><strong>ratione</strong></span> <span class='ocrx_word' id='word_1_32' title='bbox 1196 1873 1371 1930; x_wconf 88' lang='lat' dir='ltr'><strong>auctoritate</strong></span> <span class='ocrx_word' id='word_1_33' title='bbox 1395 1876 1555 1930; x_wconf 88' lang='lat' dir='ltr'><strong>consuetu·</strong></span> 
     </span>
     <span class='ocr_line' id='line_1_7' title="bbox 265 1955 1585 2035; baseline -0.002 -18"><span class='ocrx_word' id='word_1_34' title='bbox 265 1957 349 2017; x_wconf 90' lang='lat' dir='ltr'><strong>dine:</strong></span> <span class='ocrx_word' id='word_1_35' title='bbox 372 1958 485 2016; x_wconf 88' lang='lat' dir='ltr'><strong>ratione</strong></span> <span class='ocrx_word' id='word_1_36' title='bbox 508 1955 671 2016; x_wconf 90' lang='lat' dir='ltr'><strong>secundum</strong></span> <span class='ocrx_word' id='word_1_37' title='bbox 694 1964 802 2024; x_wconf 88' lang='lat' dir='ltr'><strong>artem,</strong></span> <span class='ocrx_word' id='word_1_38' title='bbox 827 1958 1002 2016; x_wconf 88' lang='lat' dir='ltr'><strong>auctoritate</strong></span> <span class='ocrx_word' id='word_1_39' title='bbox 1025 1956 1188 2016; x_wconf 88' lang='lat' dir='ltr'><strong>secundum</strong></span> <span class='ocrx_word' id='word_1_40' title='bbox 1211 1974 1314 2016; x_wconf 88' lang='lat' dir='ltr'><strong>eorum</strong></span> <span class='ocrx_word' id='word_1_41' title='bbox 1336 1957 1463 2035; x_wconf 89' lang='lat' dir='ltr'><strong>scripta,</strong></span> <span class='ocrx_word' id='word_1_42' title='bbox 1487 1957 1585 2034; x_wconf 80' lang='lat' dir='ltr'><strong>qui-⁵</strong></span> 
     </span>
     <span class='ocr_line' id='line_1_8' title="bbox 263 2040 1556 2121; baseline 0.001 -21"><span class='ocrx_word' id='word_1_43' title='bbox 263 2041 319 2101; x_wconf 90' lang='lat' dir='ltr'><strong>bus</strong></span> <span class='ocrx_word' id='word_1_44' title='bbox 342 2043 405 2121; x_wconf 92' lang='lat' dir='ltr'><strong>ipsa</strong></span> <span class='ocrx_word' id='word_1_45' title='bbox 421 2049 466 2100; x_wconf 84' lang='lat' dir='ltr'><strong>ost</strong></span> <span class='ocrx_word' id='word_1_46' title='bbox 481 2043 642 2101; x_wconf 77' lang='lat' dir='ltr'><strong>auctoritas</strong></span> <span class='ocrx_word' id='word_1_47' title='bbox 657 2040 814 2109; x_wconf 89' lang='lat' dir='ltr'><strong>attributa,</strong></span> <span class='ocrx_word' id='word_1_48' title='bbox 838 2041 1051 2101; x_wconf 88' lang='lat' dir='ltr'><strong>cousuetudine</strong></span> <span class='ocrx_word' id='word_1_49' title='bbox 1074 2041 1236 2101; x_wconf 91' lang='lat' dir='ltr'><strong>secuudum</strong></span> <span class='ocrx_word' id='word_1_50' title='bbox 1259 2060 1293 2100; x_wconf 86' lang='grc'><strong>33</strong></span> <span class='ocrx_word' id='word_1_51' title='bbox 1316 2058 1390 2120; x_wconf 89' lang='lat' dir='ltr'><strong>quae</strong></span> <span class='ocrx_word' id='word_1_52' title='bbox 1412 2040 1556 2120; x_wconf 89' lang='lat' dir='ltr'><strong>loquendi</strong></span> 
     </span>
     <span class='ocr_line' id='line_1_9' title="bbox 264 2126 789 2244; baseline 0 -58"><span class='ocrx_word' id='word_1_53' title='bbox 264 2145 319 2186; x_wconf 93' lang='lat' dir='ltr'><strong>usu</strong></span> <span class='ocrx_word' id='word_1_54' title='bbox 341 2126 448 2205; x_wconf 90' lang='lat' dir='ltr'><strong>placita</strong></span> <span class='ocrx_word' id='word_1_55' title='bbox 473 2126 789 2244; x_wconf 60' lang='lat' dir='ltr'><strong>adsumptaque*sunt.</strong></span> 
     </span>
    </p>
   </div>
   <div class='ocr_carea' id='block_1_5' title="bbox 903 2206 1143 2244">
    <p class='ocr_par' dir='ltr' id='par_1_5' title="bbox 903 2206 1143 2244">
     <span class='ocr_line' id='line_1_10' title="bbox 903 2206 1143 2244; baseline 0 0"><span class='ocrx_word' id='word_1_56' title='bbox 903 2207 920 2244; x_wconf 80' lang='grc'><em>*</em></span> <span class='ocrx_word' id='word_1_57' title='bbox 1125 2206 1143 2244; x_wconf 78' lang='grc'><strong><em>*</em></strong></span> 
     </span>
    </p>
   </div>
   <div class='ocr_carea' id='block_1_6' title="bbox 762 2394 1056 2470">
    <p class='ocr_par' dir='ltr' id='par_1_6' title="bbox 762 2394 1056 2470">
     <span class='ocr_line' id='line_1_11' title="bbox 762 2394 1056 2470; baseline 0 -13"><span class='ocrx_word' id='word_1_58' title='bbox 762 2395 811 2457; x_wconf 88' lang='lat' dir='ltr'><strong>DE</strong></span> <span class='ocrx_word' id='word_1_59' title='bbox 833 2394 1056 2470; x_wconf 87' lang='lat' dir='ltr'><strong>PRONOMINE</strong></span> 
     </span>
    </p>
   </div>
   <div class='ocr_carea' id='block_1_7' title="bbox 262 2479 1671 3565">
    <p class='ocr_par' dir='ltr' id='par_1_7' title="bbox 262 2479 1671 3565">
     <span class='ocr_line' id='line_1_12' title="bbox 287 2479 1529 2535; baseline 0.001 -15"><span class='ocrx_word' id='word_1_60' title='bbox 287 2479 404 2535; x_wconf 61' lang='lat' dir='ltr'><strong>praru.</strong></span> <span class='ocrx_word' id='word_1_61' title='bbox 1416 2479 1529 2531; x_wconf 68' lang='lat' dir='ltr'><strong>prcw.</strong></span> 
     </span>
     <span class='ocr_line' id='line_1_13' title="bbox 347 2549 1557 2630; baseline 0.001 -19"><span class='ocrx_word' id='word_1_62' title='bbox 347 2552 439 2612; x_wconf 89' lang='lat' dir='ltr'><strong>Cuius</strong></span> <span class='ocrx_word' id='word_1_63' title='bbox 460 2568 626 2630; x_wconf 84' lang='lat' dir='ltr'><strong>pronomen</strong></span> <span class='ocrx_word' id='word_1_64' title='bbox 648 2551 798 2609; x_wconf 82' lang='lat' dir='ltr'><strong>inlinitum</strong></span> <span class='ocrx_word' id='word_1_65' title='bbox 813 2565 957 2629; x_wconf 82' lang='lat' dir='ltr'><strong>personae</strong></span> <span class='ocrx_word' id='word_1_66' title='bbox 973 2549 1144 2610; x_wconf 85' lang='lat' dir='ltr'><strong>indefinitae</strong></span> <span class='ocrx_word' id='word_1_67' title='bbox 1168 2551 1380 2630; x_wconf 86' lang='lat' dir='ltr'><strong>possessivum,</strong></span> <span class='ocrx_word' id='word_1_68' title='bbox 1405 2558 1557 2630; x_wconf 87' lang='lat' dir='ltr'><strong>tamquam</strong></span> 
     </span>
     <span class='ocr_line' id='line_1_14' title="bbox 262 2635 1596 2714; baseline -0.001 -17"><span class='ocrx_word' id='word_1_69' title='bbox 262 2657 329 2698; x_wconf 92' lang='lat' dir='ltr'><strong>cum</strong></span> <span class='ocrx_word' id='word_1_70' title='bbox 352 2636 475 2696; x_wconf 89' lang='lat' dir='ltr'><strong>dicimus</strong></span> <span class='ocrx_word' id='word_1_71' title='bbox 498 2636 601 2695; x_wconf 83' lang='lat' dir='ltr'><strong>‘cuius</strong></span> <span class='ocrx_word' id='word_1_72' title='bbox 623 2653 726 2695; x_wconf 89' lang='lat' dir='ltr'><strong>servus</strong></span> <span class='ocrx_word' id='word_1_73' title='bbox 748 2636 819 2704; x_wconf 91' lang='lat' dir='ltr'><strong>est&#39;,</strong></span> <span class='ocrx_word' id='word_1_74' title='bbox 843 2637 954 2711; x_wconf 82' lang='lat' dir='ltr'><strong>figurae</strong></span> <span class='ocrx_word' id='word_1_75' title='bbox 970 2635 1114 2714; x_wconf 90' lang='lat' dir='ltr'><strong>simplicis</strong></span> <span class='ocrx_word' id='word_1_76' title='bbox 1129 2636 1248 2713; x_wconf 81' lang='lat' dir='ltr'><strong>generis</strong></span> <span class='ocrx_word' id='word_1_77' title='bbox 1263 2635 1420 2695; x_wconf 84' lang='lat' dir='ltr'><strong>masculini</strong></span> <span class='ocrx_word' id='word_1_78' title='bbox 1436 2639 1556 2696; x_wconf 89' lang='lat' dir='ltr'><strong>numeri</strong></span> <span class='ocrx_word' id='word_1_79' title='bbox 1573 2652 1596 2688; x_wconf 80' lang='grc' dir='ltr'><strong>ιο</strong></span> 
     </span>
     <span class='ocr_line' id='line_1_15' title="bbox 262 2719 1671 2801; baseline -0.001 -17"><span class='ocrx_word' id='word_1_80' title='bbox 262 2723 437 2800; x_wconf 88' lang='lat' dir='ltr'><strong>singularis,</strong></span> <span class='ocrx_word' id='word_1_81' title='bbox 461 2720 539 2801; x_wconf 86' lang='lat' dir='ltr'><strong>quod</strong></span> <span class='ocrx_word' id='word_1_82' title='bbox 562 2723 604 2780; x_wconf 87' lang='lat' dir='ltr'><strong>ita</strong></span> <span class='ocrx_word' id='word_1_83' title='bbox 628 2719 840 2789; x_wconf 86' lang='lat' dir='ltr'><strong>declinabitur,</strong></span> <span class='ocrx_word' id='word_1_84' title='bbox 864 2720 950 2779; x_wconf 91' lang='lat' dir='ltr'><strong>cuius</strong></span> <span class='ocrx_word' id='word_1_85' title='bbox 972 2722 1021 2780; x_wconf 92' lang='lat' dir='ltr'><strong>cui</strong></span> <span class='ocrx_word' id='word_1_86' title='bbox 1044 2722 1112 2779; x_wconf 92' lang='lat' dir='ltr'><strong>cuio</strong></span> <span class='ocrx_word' id='word_1_87' title='bbox 1134 2723 1233 2780; x_wconf 91' lang='lat' dir='ltr'><strong>cuium</strong></span> <span class='ocrx_word' id='word_1_88' title='bbox 1257 2738 1272 2780; x_wconf 90' lang='grc'><strong>3</strong></span> <span class='ocrx_word' id='word_1_89' title='bbox 1296 2721 1377 2790; x_wconf 92' lang='lat' dir='ltr'><strong>cuio,</strong></span> <span class='ocrx_word' id='word_1_90' title='bbox 1401 2728 1432 2780; x_wconf 90' lang='lat' dir='ltr'><strong>et</strong></span> <span class='ocrx_word' id='word_1_91' title='bbox 1453 2720 1556 2800; x_wconf 89' lang='lat' dir='ltr'><strong>plura·</strong></span> <span class='ocrx_word' id='word_1_92' title='bbox 1651 2738 1671 2757; x_wconf 80' lang='lat'><strong>¹·</strong></span> 
     </span>
     <span class='ocr_line' id='line_1_16' title="bbox 262 2803 1557 2886; baseline -0.001 -18"><span class='ocrx_word' id='word_1_93' title='bbox 262 2809 330 2869; x_wconf 92' lang='lat' dir='ltr'><strong>liter</strong></span> <span class='ocrx_word' id='word_1_94' title='bbox 352 2809 400 2867; x_wconf 91' lang='lat' dir='ltr'><strong>cui</strong></span> <span class='ocrx_word' id='word_1_95' title='bbox 423 2808 558 2866; x_wconf 93' lang='lat' dir='ltr'><strong>cuiorum</strong></span> <span class='ocrx_word' id='word_1_96' title='bbox 582 2807 659 2865; x_wconf 88' lang='lat' dir='ltr'><strong>cuiis</strong></span> <span class='ocrx_word' id='word_1_97' title='bbox 682 2807 765 2865; x_wconf 90' lang='lat' dir='ltr'><strong>cuias</strong></span> <span class='ocrx_word' id='word_1_98' title='bbox 788 2825 804 2864; x_wconf 89' lang='lat' dir='ltr'><strong>a</strong></span> <span class='ocrx_word' id='word_1_99' title='bbox 827 2806 914 2865; x_wconf 89' lang='lat' dir='ltr'><strong>cuiis.</strong></span> <span class='ocrx_word' id='word_1_100' title='bbox 945 2805 995 2864; x_wconf 91' lang='lat' dir='ltr'><strong>sed</strong></span> <span class='ocrx_word' id='word_1_101' title='bbox 1012 2803 1085 2864; x_wconf 88' lang='lat' dir='ltr'><strong>haec</strong></span> <span class='ocrx_word' id='word_1_102' title='bbox 1100 2805 1260 2865; x_wconf 85' lang='lat' dir='ltr'><strong>declinatio</strong></span> <span class='ocrx_word' id='word_1_103' title='bbox 1281 2805 1348 2885; x_wconf 93' lang='lat' dir='ltr'><strong>plus</strong></span> <span class='ocrx_word' id='word_1_104' title='bbox 1369 2806 1443 2866; x_wconf 92' lang='lat' dir='ltr'><strong>artis</strong></span> <span class='ocrx_word' id='word_1_105' title='bbox 1466 2824 1557 2886; x_wconf 87' lang='lat' dir='ltr'><strong>quam</strong></span> 
     </span>
     <span class='ocr_line' id='line_1_17' title="bbox 262 2890 1556 2973; baseline -0.002 -20"><span class='ocrx_word' id='word_1_106' title='bbox 262 2893 406 2973; x_wconf 88' lang='lat' dir='ltr'><strong>ponderis</strong></span> <span class='ocrx_word' id='word_1_107' title='bbox 426 2894 515 2969; x_wconf 88' lang='lat' dir='ltr'><strong>gerit.</strong></span> <span class='ocrx_word' id='word_1_108' title='bbox 560 2910 628 2950; x_wconf 91' lang='lat' dir='ltr'><strong>uam</strong></span> <span class='ocrx_word' id='word_1_109' title='bbox 651 2891 742 2950; x_wconf 91' lang='lat' dir='ltr'><strong>nimis</strong></span> <span class='ocrx_word' id='word_1_110' title='bbox 763 2897 848 2950; x_wconf 85' lang='lat' dir='ltr'><strong>vetus</strong></span> <span class='ocrx_word' id='word_1_111' title='bbox 871 2896 967 2950; x_wconf 87' lang='lat' dir='ltr'><strong>estet</strong></span> <span class='ocrx_word' id='word_1_112' title='bbox 989 2909 1005 2949; x_wconf 90' lang='grc'><strong>3</strong></span> <span class='ocrx_word' id='word_1_113' title='bbox 1028 2897 1129 2951; x_wconf 89' lang='lat' dir='ltr'><strong>nostra</strong></span> <span class='ocrx_word' id='word_1_114' title='bbox 1151 2890 1364 2951; x_wconf 89' lang='lat' dir='ltr'><strong>cousuetudine</strong></span> <span class='ocrx_word' id='word_1_115' title='bbox 1387 2890 1556 2970; x_wconf 87' lang='lat' dir='ltr'><strong>repudiata.</strong></span> 
     </span>
     <span class='ocr_line' id='line_1_18' title="bbox 262 2974 1555 3054; baseline -0.002 -15"><span class='ocrx_word' id='word_1_116' title='bbox 262 2981 304 3039; x_wconf 87' lang='lat' dir='ltr'><strong>ita</strong></span> <span class='ocrx_word' id='word_1_117' title='bbox 331 2985 361 3038; x_wconf 91' lang='lat' dir='ltr'><strong>et</strong></span> <span class='ocrx_word' id='word_1_118' title='bbox 386 2978 418 3036; x_wconf 91' lang='lat' dir='ltr'><strong>in</strong></span> <span class='ocrx_word' id='word_1_119' title='bbox 445 2994 555 3054; x_wconf 84' lang='lat' dir='ltr'><strong>genere</strong></span> <span class='ocrx_word' id='word_1_120' title='bbox 583 2976 727 3035; x_wconf 86' lang='lat' dir='ltr'><strong>iemiuiuo</strong></span> <span class='ocrx_word' id='word_1_121' title='bbox 755 2977 822 3035; x_wconf 92' lang='lat' dir='ltr'><strong>cuia</strong></span> <span class='ocrx_word' id='word_1_122' title='bbox 850 2974 1016 3035; x_wconf 90' lang='lat' dir='ltr'><strong>declinatur</strong></span> <span class='ocrx_word' id='word_1_123' title='bbox 1044 2982 1077 3036; x_wconf 95' lang='lat' dir='ltr'><strong>ut</strong></span> <span class='ocrx_word' id='word_1_124' title='bbox 1104 2975 1219 3045; x_wconf 88' lang='lat' dir='ltr'><strong>tabula,</strong></span> <span class='ocrx_word' id='word_1_125' title='bbox 1250 2977 1351 3035; x_wconf 92' lang='lat' dir='ltr'><strong>cuium</strong></span> <span class='ocrx_word' id='word_1_126' title='bbox 1373 2982 1407 3034; x_wconf 91' lang='lat' dir='ltr'><strong>ut</strong></span> <span class='ocrx_word' id='word_1_127' title='bbox 1428 2975 1555 3053; x_wconf 82' lang='lat' dir='ltr'><strong>liguum.</strong></span> 
     </span>
     <span class='ocr_line' id='line_1_19' title="bbox 263 3058 1597 3141; baseline -0.001 -18"><span class='ocrx_word' id='word_1_128' title='bbox 263 3063 420 3123; x_wconf 87' lang='lat' dir='ltr'><strong>sedetiam</strong></span> <span class='ocrx_word' id='word_1_129' title='bbox 436 3064 504 3130; x_wconf 88' lang='lat' dir='ltr'><strong>ista,</strong></span> <span class='ocrx_word' id='word_1_130' title='bbox 528 3063 662 3139; x_wconf 89' lang='lat' dir='ltr'><strong>quamvis</strong></span> <span class='ocrx_word' id='word_1_131' title='bbox 677 3062 708 3120; x_wconf 93' lang='lat' dir='ltr'><strong>iu</strong></span> <span class='ocrx_word' id='word_1_132' title='bbox 724 3062 770 3120; x_wconf 91' lang='lat' dir='ltr'><strong>eis</strong></span> <span class='ocrx_word' id='word_1_133' title='bbox 792 3058 965 3120; x_wconf 90' lang='lat' dir='ltr'><strong>auctoribus</strong></span> <span class='ocrx_word' id='word_1_134' title='bbox 987 3062 1176 3140; x_wconf 87' lang='lat' dir='ltr'><strong>reperiantur</strong></span> <span class='ocrx_word' id='word_1_135' title='bbox 1198 3063 1249 3141; x_wconf 89' lang='lat' dir='ltr'><strong>qui</strong></span> <span class='ocrx_word' id='word_1_136' title='bbox 1272 3063 1393 3120; x_wconf 92' lang='lat' dir='ltr'><strong>suntin</strong></span> <span class='ocrx_word' id='word_1_137' title='bbox 1416 3061 1557 3122; x_wconf 91' lang='lat' dir='ltr'><strong>manibus</strong></span> <span class='ocrx_word' id='word_1_138' title='bbox 1571 3075 1597 3114; x_wconf 82' lang='lat'><strong>1⁵</strong></span> 
     </span>
     <span class='ocr_line' id='line_1_20' title="bbox 264 3145 1556 3226; baseline -0.001 -18"><span class='ocrx_word' id='word_1_139' title='bbox 264 3155 294 3209; x_wconf 88' lang='lat' dir='ltr'><strong>et</strong></span> <span class='ocrx_word' id='word_1_140' title='bbox 315 3149 346 3208; x_wconf 93' lang='lat' dir='ltr'><strong>iu</strong></span> <span class='ocrx_word' id='word_1_141' title='bbox 370 3166 421 3207; x_wconf 94' lang='lat' dir='ltr'><strong>ore</strong></span> <span class='ocrx_word' id='word_1_142' title='bbox 450 3147 596 3213; x_wconf 90' lang='lat' dir='ltr'><strong>omnium,</strong></span> <span class='ocrx_word' id='word_1_143' title='bbox 625 3152 723 3205; x_wconf 88' lang='lat' dir='ltr'><strong>tamen</strong></span> <span class='ocrx_word' id='word_1_144' title='bbox 753 3145 937 3206; x_wconf 88' lang='lat' dir='ltr'><strong>consuetudo</strong></span> <span class='ocrx_word' id='word_1_145' title='bbox 959 3148 1148 3225; x_wconf 86' lang='lat' dir='ltr'><strong>contempsit.</strong></span> <span class='ocrx_word' id='word_1_146' title='bbox 1192 3163 1246 3226; x_wconf 92' lang='lat' dir='ltr'><strong>per</strong></span> <span class='ocrx_word' id='word_1_147' title='bbox 1268 3163 1360 3205; x_wconf 90' lang='lat' dir='ltr'><strong>unum</strong></span> <span class='ocrx_word' id='word_1_148' title='bbox 1382 3148 1463 3205; x_wconf 89' lang='lat' dir='ltr'><strong>enirn</strong></span> <span class='ocrx_word' id='word_1_149' title='bbox 1484 3165 1556 3225; x_wconf 92' lang='lat' dir='ltr'><strong>pro·</strong></span> 
     </span>
     <span class='ocr_line' id='line_1_21' title="bbox 263 3230 1556 3310; baseline -0.001 -17"><span class='ocrx_word' id='word_1_150' title='bbox 263 3251 387 3301; x_wconf 92' lang='lat' dir='ltr'><strong>nomen,</strong></span> <span class='ocrx_word' id='word_1_151' title='bbox 418 3231 448 3291; x_wconf 92' lang='lat' dir='ltr'><strong>id</strong></span> <span class='ocrx_word' id='word_1_152' title='bbox 470 3238 516 3291; x_wconf 89' lang='lat' dir='ltr'><strong>est</strong></span> <span class='ocrx_word' id='word_1_153' title='bbox 538 3232 625 3290; x_wconf 93' lang='lat' dir='ltr'><strong>cuius</strong></span> <span class='ocrx_word' id='word_1_154' title='bbox 647 3230 692 3289; x_wconf 85' lang='lat' dir='ltr'><strong>vel</strong></span> <span class='ocrx_word' id='word_1_155' title='bbox 715 3247 858 3310; x_wconf 92' lang='lat' dir='ltr'><strong>quorum,</strong></span> <span class='ocrx_word' id='word_1_156' title='bbox 887 3233 984 3290; x_wconf 87' lang='lat' dir='ltr'><strong>omnia</strong></span> <span class='ocrx_word' id='word_1_157' title='bbox 1013 3231 1128 3290; x_wconf 84' lang='lat' dir='ltr'><strong>infinita</strong></span> <span class='ocrx_word' id='word_1_158' title='bbox 1149 3232 1314 3310; x_wconf 81' lang='lat' dir='ltr'><strong>possessiva</strong></span> <span class='ocrx_word' id='word_1_159' title='bbox 1336 3231 1556 3308; x_wconf 81' lang='lat' dir='ltr'><strong>significantur.</strong></span> 
     </span>
     <span class='ocr_line' id='line_1_22' title="bbox 264 3315 1556 3394; baseline 0 -16"><span class='ocrx_word' id='word_1_160' title='bbox 264 3318 389 3378; x_wconf 89' lang='lat' dir='ltr'><strong>dicimus</strong></span> <span class='ocrx_word' id='word_1_161' title='bbox 416 3319 496 3376; x_wconf 91' lang='lat' dir='ltr'><strong>euim</strong></span> <span class='ocrx_word' id='word_1_162' title='bbox 525 3318 611 3375; x_wconf 89' lang='lat' dir='ltr'><strong>cuius</strong></span> <span class='ocrx_word' id='word_1_163' title='bbox 637 3315 684 3375; x_wconf 84' lang='lat' dir='ltr'><strong>vel</strong></span> <span class='ocrx_word' id='word_1_164' title='bbox 711 3333 837 3394; x_wconf 86' lang='lat' dir='ltr'><strong>quorum</strong></span> <span class='ocrx_word' id='word_1_165' title='bbox 865 3334 968 3376; x_wconf 87' lang='lat' dir='ltr'><strong>servus</strong></span> <span class='ocrx_word' id='word_1_166' title='bbox 996 3317 1057 3375; x_wconf 89' lang='lat' dir='ltr'><strong>sive</strong></span> <span class='ocrx_word' id='word_1_167' title='bbox 1087 3315 1192 3376; x_wconf 90' lang='lat' dir='ltr'><strong>ancilla</strong></span> <span class='ocrx_word' id='word_1_168' title='bbox 1220 3317 1280 3376; x_wconf 90' lang='lat' dir='ltr'><strong>sive</strong></span> <span class='ocrx_word' id='word_1_169' title='bbox 1303 3315 1460 3394; x_wconf 89' lang='lat' dir='ltr'><strong>templum,</strong></span> <span class='ocrx_word' id='word_1_170' title='bbox 1490 3318 1556 3387; x_wconf 89' lang='lat' dir='ltr'><strong>sed,</strong></span> 
     </span>
     <span class='ocr_line' id='line_1_23' title="bbox 264 3400 1557 3484; baseline -0.002 -21"><span class='ocrx_word' id='word_1_171' title='bbox 264 3402 342 3484; x_wconf 84' lang='lat' dir='ltr'><strong>quod</strong></span> <span class='ocrx_word' id='word_1_172' title='bbox 369 3401 522 3463; x_wconf 87' lang='lat' dir='ltr'><strong>latendum</strong></span> <span class='ocrx_word' id='word_1_173' title='bbox 551 3407 610 3468; x_wconf 91' lang='lat' dir='ltr'><strong>est,</strong></span> <span class='ocrx_word' id='word_1_174' title='bbox 641 3419 708 3460; x_wconf 93' lang='lat' dir='ltr'><strong>cum</strong></span> <span class='ocrx_word' id='word_1_175' title='bbox 736 3401 869 3460; x_wconf 88' lang='lat' dir='ltr'><strong>molestia</strong></span> <span class='ocrx_word' id='word_1_176' title='bbox 897 3400 1112 3461; x_wconf 87' lang='lat' dir='ltr'><strong>discernendae</strong></span> <span class='ocrx_word' id='word_1_177' title='bbox 1140 3400 1342 3478; x_wconf 87' lang='lat' dir='ltr'><strong>ambiguitatis</strong></span> <span class='ocrx_word' id='word_1_178' title='bbox 1370 3402 1401 3460; x_wconf 93' lang='lat' dir='ltr'><strong>in</strong></span> <span class='ocrx_word' id='word_1_179' title='bbox 1424 3402 1557 3477; x_wconf 83' lang='lat' dir='ltr'><strong>genitivo</strong></span> 
     </span>
     <span class='ocr_line' id='line_1_24' title="bbox 264 3485 1598 3565; baseline 0 -17"><span class='ocrx_word' id='word_1_180' title='bbox 264 3488 424 3565; x_wconf 81' lang='lat' dir='ltr'><strong>singulari,</strong></span> <span class='ocrx_word' id='word_1_181' title='bbox 456 3485 573 3565; x_wconf 88' lang='lat' dir='ltr'><strong>quando</strong></span> <span class='ocrx_word' id='word_1_182' title='bbox 600 3487 685 3545; x_wconf 90' lang='lat' dir='ltr'><strong>cuius</strong></span> <span class='ocrx_word' id='word_1_183' title='bbox 714 3485 855 3555; x_wconf 92' lang='lat' dir='ltr'><strong>dicimus,</strong></span> <span class='ocrx_word' id='word_1_184' title='bbox 884 3492 915 3545; x_wconf 89' lang='lat' dir='ltr'><strong>et</strong></span> <span class='ocrx_word' id='word_1_185' title='bbox 941 3488 973 3546; x_wconf 91' lang='lat' dir='ltr'><strong>iu</strong></span> <span class='ocrx_word' id='word_1_186' title='bbox 999 3486 1121 3565; x_wconf 87' lang='lat' dir='ltr'><strong>plurali,</strong></span> <span class='ocrx_word' id='word_1_187' title='bbox 1150 3486 1268 3565; x_wconf 87' lang='lat' dir='ltr'><strong>quaudo</strong></span> <span class='ocrx_word' id='word_1_188' title='bbox 1290 3504 1426 3565; x_wconf 89' lang='lat' dir='ltr'><strong>quorum.</strong></span> <span class='ocrx_word' id='word_1_189' title='bbox 1471 3489 1598 3548; x_wconf 73' lang='lat' dir='ltr'><strong>cuius-2⁰</strong></span> 
     </span>
    </p>
   </div>
   <div class='ocr_carea' id='block_1_8' title="bbox 265 3570 1447 3706">
    <p class='ocr_par' dir='ltr' id='par_1_8' title="bbox 265 3570 1447 3706">
     <span class='ocr_line' id='line_1_25' title="bbox 265 3570 1447 3650; baseline -0.003 -17"><span class='ocrx_word' id='word_1_190' title='bbox 265 3575 344 3633; x_wconf 87' lang='lat' dir='ltr'><strong>enim</strong></span> <span class='ocrx_word' id='word_1_191' title='bbox 368 3579 398 3631; x_wconf 83' lang='lat' dir='ltr'><strong>et</strong></span> <span class='ocrx_word' id='word_1_192' title='bbox 420 3589 547 3650; x_wconf 91' lang='lat' dir='ltr'><strong>quorum</strong></span> <span class='ocrx_word' id='word_1_193' title='bbox 570 3570 688 3649; x_wconf 90' lang='lat' dir='ltr'><strong>quaudo</strong></span> <span class='ocrx_word' id='word_1_194' title='bbox 711 3573 877 3648; x_wconf 85' lang='lat' dir='ltr'><strong>possessiva</strong></span> <span class='ocrx_word' id='word_1_195' title='bbox 900 3579 982 3638; x_wconf 92' lang='lat' dir='ltr'><strong>suut,</strong></span> <span class='ocrx_word' id='word_1_196' title='bbox 1011 3589 1066 3650; x_wconf 92' lang='lat' dir='ltr'><strong>per</strong></span> <span class='ocrx_word' id='word_1_197' title='bbox 1088 3589 1174 3631; x_wconf 88' lang='lat' dir='ltr'><strong>casus</strong></span> <span class='ocrx_word' id='word_1_198' title='bbox 1196 3590 1254 3631; x_wconf 93' lang='lat' dir='ltr'><strong>uon</strong></span> <span class='ocrx_word' id='word_1_199' title='bbox 1277 3571 1447 3630; x_wconf 84' lang='lat' dir='ltr'><strong>llectuntur.</strong></span> 
     </span>
     <span class='ocr_line' id='line_1_26' title="bbox 677 3667 1138 3706; baseline 0.004 -2"><span class='ocrx_word' id='word_1_200' title='bbox 677 3667 694 3704; x_wconf 71' lang='lat' dir='ltr'><strong>a</strong></span> <span class='ocrx_word' id='word_1_201' title='bbox 899 3667 916 3704; x_wconf 78' lang='grc'><strong>3</strong></span> <span class='ocrx_word' id='word_1_202' title='bbox 1121 3668 1138 3706; x_wconf 77' lang='lat' dir='ltr'><strong>a</strong></span> 
     </span>
    </p>
   </div>
   <div class='ocr_carea' id='block_1_9' title="bbox 814 3856 1010 3917">
    <p class='ocr_par' dir='ltr' id='par_1_9' title="bbox 814 3856 1010 3917">
     <span class='ocr_line' id='line_1_27' title="bbox 814 3856 1010 3917; baseline 0.005 -1"><span class='ocrx_word' id='word_1_203' title='bbox 814 3856 863 3916; x_wconf 84' lang='lat' dir='ltr'><strong>DE</strong></span> <span class='ocrx_word' id='word_1_204' title='bbox 885 3856 1010 3917; x_wconf 82' lang='lat' dir='ltr'>VERBO</span> 
     </span>
    </p>
   </div>
   <div class='ocr_carea' id='block_1_10' title="bbox 266 3938 1599 4345">
    <p class='ocr_par' dir='ltr' id='par_1_10' title="bbox 266 3938 1599 4345">
     <span class='ocr_line' id='line_1_28' title="bbox 291 3938 1530 3991; baseline 0.001 -13"><span class='ocrx_word' id='word_1_205' title='bbox 291 3951 313 3991; x_wconf 87' lang='lat' dir='ltr'><strong>p.</strong></span> <span class='ocrx_word' id='word_1_206' title='bbox 329 3941 366 3979; x_wconf 81' lang='lat' dir='ltr'><strong>tl&#39;l</strong></span> <span class='ocrx_word' id='word_1_207' title='bbox 381 3938 410 3978; x_wconf 84' lang='grc' dir='ltr'><strong>Μ.</strong></span> <span class='ocrx_word' id='word_1_208' title='bbox 1421 3952 1441 3991; x_wconf 92' lang='lat' dir='ltr'><strong>p.</strong></span> <span class='ocrx_word' id='word_1_209' title='bbox 1456 3940 1530 3981; x_wconf 71' lang='lat' dir='ltr'><strong>alw.</strong></span> 
     </span>
     <span class='ocr_line' id='line_1_29' title="bbox 349 4010 1556 4090; baseline 0.002 -21"><span class='ocrx_word' id='word_1_210' title='bbox 349 4010 435 4069; x_wconf 85' lang='lat' dir='ltr'><strong>lllodo</strong></span> <span class='ocrx_word' id='word_1_211' title='bbox 457 4010 600 4069; x_wconf 77' lang='lat' dir='ltr'><strong>infinitivo</strong></span> <span class='ocrx_word' id='word_1_212' title='bbox 623 4010 755 4069; x_wconf 89' lang='lat' dir='ltr'><strong>numeris</strong></span> <span class='ocrx_word' id='word_1_213' title='bbox 778 4015 807 4068; x_wconf 88' lang='grc'><strong>31</strong></span> <span class='ocrx_word' id='word_1_214' title='bbox 829 4011 966 4088; x_wconf 88' lang='lat' dir='ltr'><strong>personis</strong></span> <span class='ocrx_word' id='word_1_215' title='bbox 988 4029 1067 4079; x_wconf 84' lang='lat' dir='ltr'><strong>esse,</strong></span> <span class='ocrx_word' id='word_1_216' title='bbox 1091 4011 1152 4070; x_wconf 94' lang='lat' dir='ltr'><strong>solo</strong></span> <span class='ocrx_word' id='word_1_217' title='bbox 1175 4017 1308 4089; x_wconf 88' lang='lat' dir='ltr'><strong>tempore</strong></span> <span class='ocrx_word' id='word_1_218' title='bbox 1331 4012 1414 4071; x_wconf 87' lang='lat' dir='ltr'><strong>linito</strong></span> <span class='ocrx_word' id='word_1_219' title='bbox 1436 4020 1556 4090; x_wconf 90' lang='lat' dir='ltr'><strong>praete·</strong></span> 
     </span>
     <span class='ocr_line' id='line_1_30' title="bbox 267 4095 1556 4175; baseline 0.003 -22"><span class='ocrx_word' id='word_1_220' title='bbox 267 4097 325 4155; x_wconf 93' lang='lat' dir='ltr'><strong>rito</strong></span> <span class='ocrx_word' id='word_1_221' title='bbox 352 4096 459 4162; x_wconf 86' lang='lat' dir='ltr'><strong>luisse,</strong></span> <span class='ocrx_word' id='word_1_222' title='bbox 489 4095 590 4153; x_wconf 90' lang='lat' dir='ltr'><strong>luturo</strong></span> <span class='ocrx_word' id='word_1_223' title='bbox 617 4095 690 4154; x_wconf 83' lang='lat' dir='ltr'><strong>lore.</strong></span> <span class='ocrx_word' id='word_1_224' title='bbox 736 4097 766 4154; x_wconf 92' lang='lat' dir='ltr'><strong>in</strong></span> <span class='ocrx_word' id='word_1_225' title='bbox 794 4102 898 4173; x_wconf 89' lang='lat' dir='ltr'><strong>quarta</strong></span> <span class='ocrx_word' id='word_1_226' title='bbox 925 4097 1025 4174; x_wconf 87' lang='lat' dir='ltr'><strong>specie</strong></span> <span class='ocrx_word' id='word_1_227' title='bbox 1054 4095 1154 4155; x_wconf 82' lang='lat' dir='ltr'><strong>delicit</strong></span> <span class='ocrx_word' id='word_1_228' title='bbox 1181 4102 1211 4154; x_wconf 89' lang='lat' dir='ltr'><strong>et</strong></span> <span class='ocrx_word' id='word_1_229' title='bbox 1233 4099 1263 4155; x_wconf 92' lang='lat' dir='ltr'><strong>iu</strong></span> <span class='ocrx_word' id='word_1_230' title='bbox 1286 4097 1444 4174; x_wconf 90' lang='lat' dir='ltr'><strong>participio</strong></span> <span class='ocrx_word' id='word_1_231' title='bbox 1466 4116 1556 4175; x_wconf 86' lang='lat' dir='ltr'><strong>prae·</strong></span> 
     </span>
     <span class='ocr_line' id='line_1_31' title="bbox 266 4179 1599 4259; baseline -0.001 -20"><span class='ocrx_word' id='word_1_232' title='bbox 266 4181 358 4239; x_wconf 88' lang='lat' dir='ltr'><strong>sentis</strong></span> <span class='ocrx_word' id='word_1_233' title='bbox 389 4181 542 4257; x_wconf 78' lang='lat' dir='ltr'><strong>temporis,</strong></span> <span class='ocrx_word' id='word_1_234' title='bbox 588 4180 639 4238; x_wconf 86' lang='lat' dir='ltr'><strong>sed</strong></span> <span class='ocrx_word' id='word_1_235' title='bbox 669 4180 745 4239; x_wconf 91' lang='lat' dir='ltr'><strong>docti</strong></span> <span class='ocrx_word' id='word_1_236' title='bbox 774 4179 895 4258; x_wconf 88' lang='lat' dir='ltr'><strong>quidam</strong></span> <span class='ocrx_word' id='word_1_237' title='bbox 923 4183 1065 4259; x_wconf 86' lang='lat' dir='ltr'><strong>temporis</strong></span> <span class='ocrx_word' id='word_1_238' title='bbox 1092 4181 1281 4250; x_wconf 88' lang='lat' dir='ltr'><strong>recentioris,</strong></span> <span class='ocrx_word' id='word_1_239' title='bbox 1312 4200 1378 4240; x_wconf 89' lang='lat' dir='ltr'><strong>rum</strong></span> <span class='ocrx_word' id='word_1_240' title='bbox 1407 4180 1599 4243; x_wconf 77' lang='lat' dir='ltr'><strong>haberentas</strong></span> 
     </span>
     <span class='ocr_line' id='line_1_32' title="bbox 266 4265 1557 4345; baseline 0 -19"><span class='ocrx_word' id='word_1_241' title='bbox 266 4267 472 4326; x_wconf 87' lang='lat' dir='ltr'><strong>necessitatem</strong></span> <span class='ocrx_word' id='word_1_242' title='bbox 495 4281 598 4340; x_wconf 82' lang='lat' dir='ltr'><strong>magna</strong></span> <span class='ocrx_word' id='word_1_243' title='bbox 622 4272 652 4324; x_wconf 88' lang='grc'><strong>31</strong></span> <span class='ocrx_word' id='word_1_244' title='bbox 674 4265 773 4324; x_wconf 86' lang='lat' dir='ltr'><strong>diviua</strong></span> <span class='ocrx_word' id='word_1_245' title='bbox 789 4265 933 4343; x_wconf 86' lang='lat' dir='ltr'><strong>quaedam</strong></span> <span class='ocrx_word' id='word_1_246' title='bbox 957 4266 1174 4345; x_wconf 87' lang='lat' dir='ltr'><strong>interpretandi</strong></span> <span class='ocrx_word' id='word_1_247' title='bbox 1197 4266 1431 4344; x_wconf 85' lang='lat' dir='ltr'><strong>explicandiquo,</strong></span> <span class='ocrx_word' id='word_1_248' title='bbox 1455 4273 1485 4325; x_wconf 91' lang='lat' dir='ltr'><strong>et</strong></span> <span class='ocrx_word' id='word_1_249' title='bbox 1509 4287 1557 4326; x_wconf 85' lang='lat' dir='ltr'><strong>es·</strong></span> 
     </span>
    </p>
   </div>
   <div class='ocr_carea' id='block_1_11' title="bbox 351 4453 1557 4612">
    <p class='ocr_par' dir='ltr' id='par_1_11' title="bbox 351 4453 1557 4612">
     <span class='ocr_line' id='line_1_33' title="bbox 351 4453 719 4512; baseline 0 -2"><span class='ocrx_word' id='word_1_250' title='bbox 351 4456 378 4510; x_wconf 89' lang='lat' dir='ltr'><em>B</em></span> <span class='ocrx_word' id='word_1_251' title='bbox 401 4457 493 4512; x_wconf 80' lang='lat' dir='ltr'><strong>codex</strong></span> <span class='ocrx_word' id='word_1_252' title='bbox 515 4453 719 4510; x_wconf 79' lang='lat' dir='ltr'><strong>Bruxeliensis</strong></span> 
     </span>
     <span class='ocr_line' id='line_1_34' title="bbox 357 4539 1557 4612; baseline 0.003 -16"><span class='ocrx_word' id='word_1_253' title='bbox 357 4539 571 4596; x_wconf 68' lang='lat' dir='ltr'><strong>Veratianae</strong></span> <span class='ocrx_word' id='word_1_254' title='bbox 592 4556 630 4593; x_wconf 84' lang='lat' dir='ltr'><strong>cac</strong></span> <span class='ocrx_word' id='word_1_255' title='bbox 652 4544 749 4597; x_wconf 78' lang='lat' dir='ltr'><strong>codice</strong></span> <span class='ocrx_word' id='word_1_256' title='bbox 772 4541 911 4598; x_wconf 85' lang='lat' dir='ltr'><strong>Vaticano</strong></span> <span class='ocrx_word' id='word_1_257' title='bbox 934 4541 1120 4597; x_wconf 73' lang='lat' dir='ltr'><strong>bibliothecae</strong></span> <span class='ocrx_word' id='word_1_258' title='bbox 1135 4542 1289 4597; x_wconf 80' lang='lat' dir='ltr'><strong>Palatinae</strong></span> <span class='ocrx_word' id='word_1_259' title='bbox 1311 4539 1392 4596; x_wconf 76' lang='lat'>1746</span> <span class='ocrx_word' id='word_1_260' title='bbox 1409 4557 1557 4612; x_wconf 77' lang='lat' dir='ltr'><strong>expressa</strong></span> 
     </span>
    </p>
   </div>
   <div class='ocr_carea' id='block_1_12' title="bbox 266 4740 1559 4883">
    <p class='ocr_par' dir='ltr' id='par_1_12' title="bbox 266 4740 1559 4883">
     <span class='ocr_line' id='line_1_35' title="bbox 335 4740 1559 4810; baseline 0.002 -18"><span class='ocrx_word' id='word_1_261' title='bbox 335 4740 473 4808; x_wconf 68' lang='lat' dir='ltr'><strong>oseripta]</strong></span> <span class='ocrx_word' id='word_1_262' title='bbox 495 4741 652 4807; x_wconf 84' lang='lat' dir='ltr'><strong>praescripta</strong></span> <span class='ocrx_word' id='word_1_263' title='bbox 675 4742 698 4787; x_wconf 91' lang='lat' dir='ltr'><em>V</em></span> <span class='ocrx_word' id='word_1_264' title='bbox 785 4740 816 4792; x_wconf 85' lang='lat'><strong>13</strong></span> <span class='ocrx_word' id='word_1_265' title='bbox 835 4742 956 4807; x_wconf 87' lang='lat' dir='ltr'><strong>ponderis</strong></span> <span class='ocrx_word' id='word_1_266' title='bbox 980 4740 1105 4790; x_wconf 82' lang='lat' dir='ltr'><strong>Weberas</strong></span> <span class='ocrx_word' id='word_1_267' title='bbox 1126 4741 1232 4807; x_wconf 88' lang='lat' dir='ltr'><strong>pudoris</strong></span> <span class='ocrx_word' id='word_1_268' title='bbox 1252 4742 1313 4790; x_wconf 88' lang='lat' dir='ltr'><strong>BV</strong></span> <span class='ocrx_word' id='word_1_269' title='bbox 1382 4740 1416 4791; x_wconf 78' lang='lat'><strong>26</strong></span> <span class='ocrx_word' id='word_1_270' title='bbox 1434 4756 1559 4810; x_wconf 78' lang='lat' dir='ltr'><strong>magnam</strong></span> 
     </span>
     <span class='ocr_line' id='line_1_36' title="bbox 266 4809 796 4883; baseline -0.002 -24"><span class='ocrx_word' id='word_1_271' title='bbox 266 4819 290 4883; x_wconf 83' lang='lat' dir='ltr'><strong>et</strong></span> <span class='ocrx_word' id='word_1_272' title='bbox 303 4811 390 4861; x_wconf 82' lang='lat' dir='ltr'><strong>diuina</strong></span> <span class='ocrx_word' id='word_1_273' title='bbox 408 4811 589 4877; x_wconf 86' lang='lat' dir='ltr'><strong>interpretandi</strong></span> <span class='ocrx_word' id='word_1_274' title='bbox 607 4809 752 4874; x_wconf 84' lang='lat' dir='ltr'><strong>explicandi</strong></span> <span class='ocrx_word' id='word_1_275' title='bbox 772 4810 796 4858; x_wconf 89' lang='lat' dir='ltr'><em>B</em></span> 
     </span>
    </p>
   </div>
   <div class='ocr_carea' id='block_1_13' title="bbox 0 0 1681 5498">
    <p class='ocr_par' dir='ltr' id='par_1_13' title="bbox 0 0 1681 5498">
     <span class='ocr_line' id='line_1_37' title="bbox 0 0 1681 5498; baseline 0 0"><span class='ocrx_word' id='word_1_276' title='bbox 0 0 1681 5498; x_wconf 95' lang='lat' dir='ltr'><strong> </strong></span> 
     </span>
    </p>
   </div>
  </div>
 </body>
</html>
