3346 5498
124 353 188 418 334
669 350 870 413 consensit

123 538 236 604 codice
258 539 381 602 nomini
409 536 613 622 grammatici
641 533 756 598 addita
784 544 876 614 sunt,
905 541 1004 613 quinti
1027 542 1159 599 consulis
1187 542 1319 613 quinque
1346 542 1418 599 civi·

124 653 233 720 talum,
262 660 345 724 quac
373 639 431 702 vix
459 637 556 702 aliam
579 635 738 719 originem
759 635 899 715 habent,
928 657 1025 720 quam
1048 636 1135 722 quod
1156 637 1192 698 in
1213 635 1419 720 explicandis

123 741 241 808 litteris
270 744 322 806 VO
347 761 430 826 quae
458 738 660 825 praecedunt
686 735 766 801 lusit
792 735 944 801 librarius
973 747 1005 801 et
1032 747 1122 802 recta
1148 738 1419 825 interpretatione

33 835 38 847 ⁸
123 842 310 929 anteposita
331 840 414 904 duas
437 840 577 905 subiecit
599 860 781 924 perversas.

207 943 419 1029 Antiquiores
441 941 684 1027 grammaticos,
708 960 845 1026 quorum
869 940 1064 1005 auctoritate
1086 962 1165 1004 6666
1188 948 1248 1022 661,
1264 962 1340 1005 raro
1362 961 1419 1004 no-

122 1044 262 1110 minavit
291 1043 498 1110 Consentius.
542 1043 734 1129 plerumque
767 1043 854 1105 euim
887 1063 942 1106 eos
976 1063 1113 1127 quorum
1150 1041 1332 1125 doctrinam
1363 1041 1420 1107 vel

123 1146 275 1234 probavit
307 1145 361 1210 vel
394 1145 590 1231 inpugnavit
622 1141 819 1227 generaliter
852 1142 1051 1227 significavit
1077 1142 1235 1229 quosdam
1265 1142 1319 1208 vcl
1351 1166 1421 1209 non

124 1247 232 1313 nullos
254 1246 307 1312 vel
330 1245 501 1333 plerosque
525 1245 662 1310 dicendo
686 1243 739 1308 vel
761 1253 889 1309 veteres
911 1254 1140 1331 praeceptores
1163 1267 1195 1331 p.
1217 1244 1319 1326 2056,
1344 1245 1419 1310 doc·

124 1353 223 1416 tiores
245 1348 420 1431 magistros
442 1370 474 1433 p.
489 1347 589 1428 20613
612 1347 646 1410 in
667 1344 751 1410 libro
775 1345 816 1409 de
838 1346 1052 1411 barbarismis
1068 1357 1101 1410 et
1116 1344 1339 1433 metaplasmis
1362 1367 1420 1410 eos

123 1451 179 1538 qui
202 1461 278 1515 ante
300 1472 373 1514 eum
396 1451 437 1513 de
459 1447 576 1512 iisdem
597 1448 695 1512 rebus
713 1447 914 1534 scripserunt
929 1449 1104 1534 scriptores
1120 1448 1173 1512 vel
1187 1456 1419 1534 praeceptores

127 1552 213 1617 dixit
236 1573 267 1637 p.
294 1550 343 1614 12.
370 1550 417 1614 16.
444 1551 493 1613 17.
516 1549 568 1612 22.
592 1549 643 1613 34.
672 1549 865 1614 nominatim
888 1558 998 1613 autem
1021 1547 1200 1635 appellavit
1213 1549 1284 1630 hos,
1300 1549 1421 1613 Varro-

126 1675 200 1717 nem
223 1674 254 1738 p.
274 1651 375 1730 2032,
399 1649 544 1714 Probum
567 1673 598 1735 p.
621 1648 720 1727 2051,
751 1649 884 1713 Celsum
912 1650 1048 1736 62061
1073 1660 1105 1714 61
1133 1650 1174 1714 (16
1195 1650 1288 1715 barb.
1313 1673 1344 1736 p.
1371 1651 1421 1731 10,

126 1752 356 1818 Palaemonem
384 1775 414 1836 p.
439 1751 539 1831 2061,
568 1751 709 1815 Pansam
736 1773 769 1835 p.
798 1750 897 1832 2066,
926 1752 1090 1837 Asperum
1121 1751 1162 1815 (16
1188 1752 1282 1816 barb.
1312 1774 1343 1838 p.
1367 1752 1419 1816 35.

128 1878 203 1920 nam
226 1853 332 1918 Servii
354 1852 452 1916 Marii
474 1873 593 1915 nomen
616 1853 650 1914 in
673 1851 831 1937 exemplis
860 1853 1066 1937 propriorum
1088 1853 1254 1918 nominum
1277 1853 1422 1938 positum

127 1980 159 2043 p.
183 1956 276 2034 2019,
299 1959 365 2018 Ser.
389 1958 512 2017 Servius
534 1959 667 2033 Marius,
691 1975 886 2039 quamquam
909 1953 952 2017 ad
974 1953 1116 2018 Marium
1139 1954 1290 2019 Servium
1311 1953 1421 2019 Hono-

128 2069 236 2123 ratum
259 2056 416 2142 pertinet,
441 2065 549 2118 tamen
565 2077 629 2119 non
645 2054 687 2119 ab
710 2055 782 2140 ipso
804 2056 1017 2138 grammatico
1033 2056 1229 2141 profectum,
1245 2054 1312 2136 sed,
1336 2056 1424 2120 sicut

128 2155 254 2245 reliqua
286 2179 369 2243 quae
402 2155 670 2241 praenominibus
704 2155 871 2241 adscripta
904 2167 996 2238 sunt,
1030 2166 1145 2242 postea
1172 2157 1319 2221 additum
1348 2179 1422 2221 6666

128 2271 219 2346 6616.
265 2258 324 2323 sed
352 2280 393 2321 ex
420 2257 674 2322 iis'nominibus
703 2278 786 2342 quae
810 2256 880 2319 dixi
897 2257 1062 2323 ¹Varronis
1086 2258 1269 2322 doctrinam
1291 2280 1357 2323 non
1380 2281 1423 2323 ex

130 2362 233 2447 ipsius
257 2359 367 2439 libris,
392 2357 450 2422 sed
472 2381 514 2422 ex
529 2359 645 2422 eodem
669 2358 775 2438 fonte,
799 2381 862 2444 quo
878 2359 1055 2423 Diomedes
1078 2381 1110 2443 p.
1126 2359 1237 2440 302,5
1258 2382 1338 2424 6666
1361 2368 1422 2439 661,

129 2462 258 2548 petivit.
302 2460 403 2525 Probi
430 2481 549 2525 nomen
576 2459 620 2523 ad
651 2452 901 2526 commentarios
931 2461 971 2526 de
998 2460 1116 2541 verbo,
1146 2460 1264 2545 quibus
1288 2470 1321 2525 61
1342 2461 1422 2527 Dio·

130 2562 258 2627 medem
274 2572 306 2628 61
321 2561 402 2626 61166
417 2550 648 2645 grammaticos
664 2584 740 2625 usos
757 2584 829 2625 esse
841 2561 912 2625 dixi
926 2559 991 2627 vol.
1008 2560 1058 2625 IV
1072 2561 1176 2647 praef.
1193 2583 1224 2647 p.
1240 2561 1346 2626 XXII
1362 2585 1422 2648 sq,

130 2672 265 2749 spectat.
312 2661 445 2726 Celsum
480 2661 568 2726 haud
601 2662 700 2727 dubie
736 2662 817 2727 dicit
850 2663 1044 2726 Arruntium
1075 2662 1205 2728 Celsum
1238 2664 1369 2749 saepius
1404 2687 1424 2728 a

131 2764 281 2829 Charisio
305 2765 339 2826 in
361 2764 525 2849 excerptis
548 2760 625 2826 Iulii
644 2763 782 2828 Romani
806 2773 838 2827 et
861 2764 1079 2845 aPrisciano,
1103 2762 1203 2828 semel
1226 2765 1424 2830 aDiomede

131 2888 163 2951 p.
187 2865 259 2945 321,
286 2867 322 2928 11
348 2864 438 2949 (nam
460 2865 506 2929 ibi
530 2887 657 2950 quoqne
680 2864 768 2929 Celsi
794 2886 911 2927 nomen
933 2887 992 2950 pro
1017 2867 1176 2931 Arruntio
1200 2866 1357 2948 Claudio,
1386 2878 1424 2932 61

130 2968 165 3031 16
187 2966 357 3032 codicibus
380 2976 445 3047 cst,
469 2964 600 3030 videtur
615 2965 856 3033 restituendum
878 2966 964 3048 esse)
986 2969 1139 3049 citatum,
1161 2969 1240 3032 artis
1262 2989 1423 3052 gramma-

131 3069 230 3148 ticae,
253 3067 287 3130 ni
309 3065 421 3147 fallor,
446 3068 639 3152 scriptorem
647 3117 655 3149 ,
680 3068 720 3132 dc
743 3091 806 3153 quo
829 3067 917 3132 dixit
932 3067 1135 3133 Ribbeckins
1159 3068 1252 3154 proll.
1272 3070 1307 3132 in
1322 3071 1423 3156 Verg.

133 3191 164 3254 p.
188 3168 241 3232 25.
280 3167 508 3232 Palaemonem
531 3190 629 3253 66666
651 3192 671 3232 6
694 3168 859 3250 Charisio,
884 3168 983 3233 semel
1006 3192 1025 3233 6
1047 3170 1208 3236 Diomede
1229 3193 1261 3256 p.
1285 3172 1359 3253 415,
1385 3172 1423 3236 16

131 3279 418 3334 commemoratum
446 3270 575 3356 utrique
603 3273 773 3335 materiam
807 3269 972 3335 scribendi
1000 3271 1191 3357 praebuisse
1219 3270 1290 3335 dixi
1317 3271 1424 3338 vol.l
1474 3316 1478 3322 ·

131 3373 235 3457 praef.
259 3394 290 3456 p.
307 3372 438 3451 XLIX,
461 3372 548 3456 quod
571 3383 724 3438 accurata
746 3372 966 3457 disputatione
987 3383 1178 3457 persecutus
1201 3384 1251 3437 661
1265 3372 1423 3438 Alfredus

131 3471 418 3539 Schottmuellerus
448 3472 490 3537 de
516 3472 601 3536 Plini
631 3473 704 3538 libr.
728 3496 866 3558 gramm.
889 3496 918 3536 6.
944 3473 1024 3538 1858
1047 3495 1079 3557 p.
1102 3473 1121 3537 8
1145 3475 1254 3560 sqq.*)
1278 3484 1424 3542 ceterum

216 3642 240 3708 *)
265 3645 460 3696 Palaemonem
484 3662 500 3695 a
520 3645 646 3696 charisio
672 3648 786 3696 citatum
805 3650 903 3710 quarto
922 3646 981 3696 fero
999 3644 1111 3695 saeculo
1129 3647 1158 3695 in
1178 3646 1271 3697 Gallia
1289 3663 1424 3712 gramma·

133 3730 219 3778 ticam
243 3733 271 3778 61
294 3729 460 3779 rhetoricam
483 3733 569 3778 artem
592 3729 745 3793 professum
770 3745 830 3780 csse
849 3730 1037 3781 demonstrare
1055 3730 1160 3781 studuit
1178 3730 1424 3783 Schottmncllerns

132 3813 150 3862 l.
165 3830 187 3865 c.
208 3811 279 3877 630
297 3814 455 3864 testimonio
473 3828 539 3864 usus
558 3811 663 3863 Sidonii
683 3812 848 3877 Apollinaris
867 3818 947 3880 epist.
967 3817 990 3865 V
1010 3818 1051 3877 10,
1071 3822 1113 3864 166
1130 3832 1191 3866 vero
1208 3814 1356 3877 16661666,
1374 3824 1425 3867 tarn

132 3897 281 3962 spectabilis
298 3899 375 3947 dictio
394 3906 445 3957 erl,
463 3899 544 3946 atilli
561 3898 651 3946 divisio
669 3898 841 3956 Palaemonis,
859 3901 973 3963 66661166
993 3900 1127 3961 Gallionis,
1147 3901 1425 3967 (6666661ἱαῦ66ὴί-

133 3983 183 4042 dii,
207 3983 331 4046 Aproecii
352 3983 499 4045 disciplina,
520 3982 646 4042 fortitudo
669 3981 773 4044 Alcimi,
794 3983 918 4048 Adelphii
934 3985 1091 4047 teneritudo,
1110 3988 1181 4048 siper
1200 3986 1298 4050 Magni,
1317 3988 1425 4038 dulcedo

137 4066 249 4115 Victorii
269 4080 319 4113 666
340 4068 412 4115 ruodo
431 4082 480 4117 666
497 4068 644 4130 superiora,
668 4067 716 4115 scd
732 4068 776 4114 vix
793 4069 996 4132 aequiparabilia
1012 4069 1165 4119 enitantur.
1201 4086 1264 4119 nam
1282 4071 1348 4134 qnia
1367 4086 1424 4121 ma·

133 4149 207 4198 xima
233 4164 298 4213 pars
326 4165 418 4198 eorum
446 4164 512 4213 quos
535 4148 664 4199 Sidonius
687 4151 838 4202 nominavit
861 4154 932 4203 inter
954 4154 1125 4219 professores
1148 4154 1365 4219 Burdigalenses
1389 4156 1424 4205 ab

133 4232 255 4283 Ausonio
279 4232 481 4298 celebraretur,
505 4235 540 4284 ab
564 4233 606 4283 his
629 4250 683 4284 non
708 4235 891 4299 separandum
915 4253 975 4288 csse
994 4237 1196 4289 Palaemonem.
1232 4237 1280 4288 sed
1298 4239 1425 4302 quamvis

134 4316 219 4368 facile
238 4317 420 4368 concedamus
439 4318 575 4369 rhetorem
594 4335 610 4368 6
623 4318 735 4369 Sidonio
747 4319 888 4371 laudatum
902 4323 1096 4387 grammaticae
1115 4338 1222 4387 quoque
1241 4323 1294 4375 arti
1312 4339 1425 4389 operam

136 4402 261 4465 dedisse,
289 4407 382 4453 tamen
409 4419 463 4453 non
490 4404 614 4468 seqnitur
636 4410 757 4455 aetatem
780 4405 856 4455 illius
881 4407 916 4456 ad
939 4412 1062 4472 tempora
1086 4423 1177 4458 eorum
1196 4423 1308 4473 quorum
1327 4413 1426 4474 666166

134 4487 239 4552 scripta
261 4491 326 4536 sunt
348 4489 460 4538 nomina
483 4487 681 4540 detrudendum
704 4505 774 4543 csse.
809 4506 872 4541 nam
894 4506 927 4540 ne
951 4492 1040 4543 dicam
1064 4492 1233 4556 Gallionem,
1260 4509 1339 4557 quem
1363 4510 1426 4544 cnm

134 4573 305 4623 Palaemone
329 4571 458 4622 Sidonius
483 4576 625 4639 conponit,
649 4590 703 4623 non
722 4575 859 4626 diversum
879 4590 939 4625 csse
959 4578 1071 4627 616616
1090 4576 1229 4641 Gallione,
1253 4577 1426 4630 nobilissimo

135 4657 256 4719 rhetore,
280 4658 410 4722 qnoniam
433 4657 503 4707 illud
526 4659 614 4723 ipsum
637 4661 773 4710 incertum
797 4665 851 4722 cst,
875 4661 997 4723 potuisse
1017 4662 1202 4725 antiquiorum
1221 4662 1358 4714 rhetorum
1378 4680 1425 4715 no·

135 4742 209 4792 mina
232 4758 293 4793 curn
315 4742 516 4793 recentioribus
536 4747 665 4810 coniungi
684 4745 729 4795 vel
753 4762 787 4794 ea
805 4744 938 4809 probant,
959 4761 1029 4809 quae
1049 4746 1122 4810 apud
1142 4746 1286 4797 Sidonium
1304 4763 1425 4812 sequnn-

135 4829 192 4889 tur,
213 4842 275 4877 sane
294 4844 324 4878 ne
344 4829 431 4878 uidcor
453 4827 499 4878 libi
520 4828 565 4877 661
588 4831 634 4878 lcoc
659 4833 733 4894 66661
748 4829 910 4892 hyperbolico
928 4831 1054 4881 rhetorum
1072 4835 1189 4897 66161666
1207 4833 1334 4883 blanditus
1352 4835 1426 4898 qnip-
