3346 5498
188 352 253 417 470
739 349 923 416 EVTYCiiiS

215 475 237 516 p.
252 463 295 502 rra.
310 463 335 502 rs
348 459 371 501 t.
1283 470 1304 513 p.
1316 459 1375 502 erar.
1391 460 1416 501 n
1430 451 1452 502 a.

190 561 204 599 s
227 542 334 603 habeat
362 548 429 601 ante
458 558 507 610 co;
536 539 614 618 quod
643 559 659 600 a
686 543 805 601 nomine
834 559 901 601 esea
930 539 1089 600 deductum
1117 547 1176 599 tam
1198 542 1477 601 nominis'servavit

190 647 368 723 scripturam
396 645 427 702 in
459 641 566 711 verbo,
600 661 687 722 quam
721 642 853 720 reguiam
882 661 898 703 a
926 644 1045 703 nomiae
1079 643 1280 702 derivatorum
1307 641 1477 704 verborum.

191 753 330 806 notantur
352 746 458 805 tertiae
481 746 567 804 vinco
589 746 683 804 vincis
705 752 735 805 et
757 743 793 804 ab
816 762 852 804 eo
865 745 1050 822 composita,
1074 745 1216 804 convinco
1237 746 1404 814 convincis,
1427 744 1477 805 de-

191 848 277 907 rinco
300 846 447 915 devincis;
475 862 565 924 pareo
592 864 724 925 quoque,
754 845 832 926 quod
860 845 954 906 soium
984 853 1089 905 rante
1111 864 1147 905 co
1168 844 1281 905 habens
1304 854 1351 906 est
1372 848 1479 906 tertiae

192 949 418 1025 coniugationis.
464 966 478 1007 s
501 966 571 1008 vero
592 947 801 1016 antecedente,
825 947 972 1026 siquidem
995 950 1056 1008 sint
1077 947 1256 1016 inchoativa,
1279 951 1387 1008 tertiae
1410 952 1504 1008 sunit

192 1051 255 1108 sine
279 1047 383 1119 dubio,
408 1068 463 1108 ceu
484 1049 669 1128 praedictum
685 1055 745 1117 est,
768 1050 1000 1126 coniugationis,
1024 1057 1057 1110 ut
1072 1049 1213 1109 horresco
1228 1056 1348 1128 tepesco
1363 1049 1481 1110 caiesco

192 1149 348 1210 erubesco.
374 1144 377 1224 i
401 1169 476 1231 quae
499 1170 558 1211 non
580 1150 675 1212 soiurn
698 1149 829 1211 acerbis
852 1150 998 1211 secundae
1021 1152 1252 1229 coniugationis,
1276 1150 1441 1210 sedetiam
1465 1169 1480 1210 a

192 1253 260 1312 labo
282 1252 379 1320 labas,
408 1252 485 1331 quod
509 1259 555 1312 est
576 1255 689 1332 primae
712 1254 944 1330 coniugationis‚
968 1252 1085 1313 iahasco
1108 1260 1153 1321 et,
1189 1253 1259 1313 iicet
1281 1270 1364 1321 raro,
1389 1271 1404 1312 a
1428 1271 1481 1312 no-

192 1354 324 1414 minibus
353 1356 441 1414 otiam
470 1354 602 1414 derivata
631 1357 835 1423 inveniuntur,
866 1364 897 1414 ut
920 1373 1095 1434 vesperasco
1124 1357 1281 1415 incanesco
1302 1355 1406 1432 glisco.
1452 1364 1483 1414 et

193 1458 218 1516 si
242 1475 300 1516 non
328 1458 388 1516 sint
416 1456 583 1517 inchoativa
600 1454 642 1552 r[³
666 1465 732 1517 ante
756 1475 790 1516 eo
812 1454 984 1536 habentia]‚
1015 1459 1040 1516 si
1067 1464 1166 1517 tamen
1189 1474 1247 1516 non
1270 1475 1285 1515 a
1308 1455 1482 1516 nominibus
1497 1472 1518 1508 m

194 1558 382 1626 deriventur,
413 1559 517 1617 tertiae
546 1565 615 1618 sunt
643 1558 796 1626 similiter,
825 1565 859 1618 ut
886 1576 975 1637 pasco
1002 1560 1101 1638 pascis
1128 1560 1210 1636 pavi,
1239 1575 1343 1618 cresco
1369 1560 1483 1617 crescis

194 1661 289 1728 crevi,
321 1677 477 1737 compesco
505 1662 670 1739 compescis
697 1661 880 1738 compescui,
911 1661 992 1720 dise-o
1015 1660 1105 1720 discis
1128 1659 1235 1727 didici,
1264 1660 1407 1720 adsuesco
1430 1659 1482 1720 ad-

194 1764 292 1826 suevi,
316 1779 404 1839 poseo
420 1764 556 1840 poposci,
580 1765 701 1839 quiesco
723 1764 835 1841 quievi,
859 1761 936 1820 unde
953 1781 1059 1822 nomen
1081 1762 1245 1821 derivatum
1267 1763 1352 1841 quies
1371 1763 1483 1841 quietis

194 1866 330 1943 inquieto
353 1864 502 1941 inquietas
518 1862 642 1922 verbum
666 1866 779 1942 primae
803 1865 1019 1940 coniugationis
1042 1865 1127 1931 iacit,
1153 1862 1371 1923 rationabiliter
1393 1863 1483 1942 sylia-

195 1964 242 2025 bis
264 1967 386 2042 genitivi
410 1967 541 2025 nominis
563 1965 754 2043 respondens.
785 1965 936 2044 praedicta
959 1974 1058 2025 antem
1080 1965 1169 2025 verba
1192 1984 1250 2025 non
1274 1983 1338 2024 esse
1360 1964 1484 2025 inchoa·
1500 1980 1522 2017 ¹5

196 2069 255 2127 tiva
278 2069 473 2146 praeteritum
496 2068 660 2146 perfectam
683 2075 800 2146 tempus
822 2067 961 2127 ostendit.
1007 2069 1107 2126 inesco
1130 2086 1200 2125 roro
1224 2069 1348 2135 inescas,
1372 2075 1406 2126 ut
1428 2086 1484 2126 nec

195 2169 394 2228 inchoativum
417 2188 471 2228 nec
494 2170 691 2246 primitivum,
722 2169 772 2228 sed
802 2188 817 2228 a
846 2170 965 2229 nornine
992 2187 1058 2228 esea
1081 2168 1255 2233 deductam.
1280 2172 1344 2228 inre
1367 2171 1484 2247 primae.

196 2272 414 2348 coniugationis
437 2278 491 2330 est.
537 2272 567 2329 in
590 2288 641 2329 cor
664 2270 838 2339 desinentia,
862 2273 1074 2349 cuiuscumque
1097 2273 1156 2330 sint
1178 2273 1297 2348 generis
1321 2271 1365 2330 vei
1389 2273 1485 2348 signi·

196 2373 355 2440 [trationis
385 2373 440 2432 nisi
465 2390 497 2431 as
524 2372 568 2430 vei
598 2391 630 2430 es
657 2372 703 2431 rei
732 2375 757 2432 is
779 2380 846 2432 ante
874 2391 925 2432 cor
948 2375 1130 2442 inveniatur,
1153 2376 1267 2451 primae
1290 2381 1358 2432 sunt
1380 2375 1486 2433 coniu-

195 2475 322 2551 gationis
350 2491 534 2553 quacumque
563 2473 656 2534 vocali
686 2492 739 2532 seu
761 2483 940 2534 consonante
964 2475 1170 2542 antecedente,
1194 2485 1226 2535 ut
1249 2492 1356 2553 precor
1379 2493 1485 2554 preca·
1499 2491 1523 2530 sa

197 2579 252 2644 ris,
281 2578 416 2654 suspicor
445 2577 619 2654 suspicaris,
649 2575 784 2635 ludificor
807 2575 982 2644 ludificaris,
1014 2579 1095 2635 iocor
1118 2579 1239 2643 iocaris,
1265 2595 1382 2636 mereor
1404 2596 1485 2637 mer·

196 2680 287 2746 caris,
316 2696 440 2755 graeeor
468 2679 634 2755 graecaris,
664 2676 803 2736 Horatius
834 2679 864 2737 in
892 2695 1061 2737 sermonum
1090 2678 1166 2739 iihro
1193 2678 1218 2736 ii
1254 2678 1326 2737 ‘vei
1355 2681 1385 2737 si
1417 2679 1486 2739 iio·

197 2798 298 2840 mana
322 2781 459 2856 iatiget
480 2779 622 2839 militia
652 2780 844 2838 adsuetum
873 2783 1072 2856 graecari'.
1118 2779 1245 2840 bacchor
1274 2799 1390 2859 quoqne
1415 2779 1486 2841 hac-

196 2882 311 2950 eharis‚
335 2890 368 2941 ut
390 2881 532 2958 Virgilius
554 2881 701 2941 Aeneidos
723 2880 802 2940 libro
824 2879 878 2940 iiii

351 2981 555 3044 bacchatur
577 2983 700 3063 quaiis
723 2985 916 3044 commotis
939 2986 1064 3044 excita
1087 2986 1206 3044 sacris
1224 2983 1235 3062 ³i
1500 3003 1525 3042 ss

348 3085 467 3165 thpaS,
1082 3161 1084 3164 Α

197 3197 227 3247 et
250 3187 417 3248 stomachor
440 3188 648 3256 stomacharis,
672 3196 705 3247 ut
725 3187 884 3249 Terentius
905 3190 936 3248 in
959 3187 1102 3248 Eunucho

349 3289 384 3349 id
407 3289 580 3367 equidem
604 3290 808 3350 adveniens
826 3308 963 3350 meeum
985 3288 1244 3349 stomachabar
1267 3291 1385 3360 modo,

198 3393 267 3454 iicet
290 3394 321 3452 in
344 3391 416 3452 ebor
439 3394 601 3470 aspiratum
624 3393 772 3461 desinunt,
796 3401 827 3452 ut
850 3413 865 3452 a
889 3391 1058 3451 nominibus
1081 3390 1190 3451 baceha
1214 3393 1383 3452 stomachus
1405 3393 1487 3454 deri·

199 3503 277 3563 rata,
308 3502 404 3555 tamen
434 3493 503 3552 huic
532 3495 651 3572 regniac
680 3502 749 3553 sunt
776 3496 908 3572 inputata
937 3500 967 3552 et
995 3494 1029 3552 ad
1058 3496 1185 3572 primam
1214 3496 1277 3553 iure
1306 3498 1524 3574 perveniuntm

198 3597 447 3674 coniugationem.
493 3615 525 3656 as
554 3603 652 3655 autom
680 3595 724 3654 vei
754 3614 786 3654 es
813 3596 858 3655 rei
883 3598 908 3654 is
930 3603 996 3656 ante
1020 3615 1073 3654 cor
1096 3597 1229 3665 im'erata,
1253 3599 1368 3657 etiamsi
1393 3618 1408 3658 a
1432 3617 1486 3658 no·

198 3699 329 3758 minibus
352 3698 550 3765 deducantur,
581 3700 644 3755 sirm
675 3696 765 3755 dultia
794 3698 899 3756 tertiae
923 3706 1005 3766 sunt,
1031 3705 1062 3757 ut
1084 3696 1195 3756 dietum
1218 3706 1277 3767 est,
1301 3700 1485 3777 coniugatio·

199 3801 260 3868 nis,
289 3806 322 3859 ut
350 3818 454 3858 nascor
481 3801 594 3858 irascor
628 3817 730 3857 vescor
765 3798 892 3857 rrieiscor
919 3800 1075 3857 nanciscor
1108 3801 1242 3877 paciscor
1276 3802 1487 3862 comminiscor

199 3900 349 3978 adipiscor
371 3899 528 3960 obliviscor
552 3901 753 3978 expergiscor.
778 3897 781 3978 j
1473 3880 1480 3887 ⁵

198 4069 500 4079 Ἄ-..-

191 4194 196 4203 “
270 4187 1190 4252 lquodarrominesquedquiaanominel'qniaanonrineBt
1243 4189 1354 4239 aeseaP
1407 4193 1487 4242 ‘lde-

200 4259 402 4309 rinotiuorumP
453 4258 631 4309 beorreseol’
681 4259 758 4308 ised
770 4262 844 4308 etiam
857 4260 1125 4324 (supermanerhis
1137 4262 1232 4325 primae
1244 4262 1433 4326 coniugationis
1447 4269 1487 4322 nt)

200 4330 256 4378 iabo
274 4327 345 4377 iabas
364 4327 431 4391 quod
450 4337 488 4378 est
504 4330 600 4391 primae
616 4328 717 4377 inbosco
731 4329 754 4377 B
767 4330 812 4378 sed
826 4331 900 4379 etiam
920 4331 1004 4380 aiabo
1018 4347 1046 4380 aa
1059 4331 1127 4392 qaod
1139 4340 1177 4378 est
1190 4331 1287 4394 primae
1306 4333 1405 4380 tabesco
1424 4341 1435 4381 t

199 4398 360 4447 iiiuueniseo
376 4399 400 4447 P
467 4399 525 4446 etsi
546 4414 594 4447 non
613 4401 663 4447 siat
680 4401 819 4463 (caper-scr.
836 4417 851 4449 a
871 4400 965 4463 uerbis)
987 4411 1070 4449 tarnen
1092 4400 1235 4449 inchoaiina
1255 4406 1397 4464 (saperem,
1414 4403 1509 4458 santii

201 4487 213 4518 s
232 4477 289 4517 ante
309 4483 338 4517 co
357 4468 475 4517 habentia
492 4469 513 4515 si
534 4484 583 4517 raon
602 4484 616 4516 a
635 4470 778 4519 nominibus
795 4471 942 4519 deriuantnr
955 4470 979 4518 B
995 4479 1018 4518 et
1036 4473 1057 4518 si
1076 4485 1124 4519 noa
1143 4481 1201 4519 sunt
1219 4478 1299 4532 (corr,
1317 4471 1381 4533 siat)
1401 4482 1488 4522 tamen

201 4539 344 4588 inchoatiua
362 4556 374 4588 s
393 4546 451 4587 ante
472 4552 501 4585 eo
521 4536 637 4587 babentia
656 4542 677 4587 si
698 4555 745 4588 noa
772 4556 787 4588 a
808 4542 891 4589 uerbis
910 4541 960 4588 sint
978 4539 1023 4588 sed
1041 4556 1055 4587 a
1075 4541 1216 4590 horninibus
1235 4542 1377 4590 diriuentnr
1391 4543 1416 4590 Ρ

202 4609 351 4659 ibinaesco
371 4622 431 4656 nero
451 4608 607 4657 inaeseasl’
674 4612 708 4659 22
726 4612 750 4658 in
771 4626 845 4663 serm,
866 4611 929 4658 iibro
949 4606 980 4672 ii]
999 4610 1024 4666 2,
1047 4609 1076 4657 itt
1147 4612 1215 4659 neiat
1235 4612 1298 4660 siP
1367 4613 1401 4662 ‘24
1421 4614 1488 4665 Aen.

201 4679 263 4727 iibro
285 4676 339 4744 iiii]
358 4695 381 4732 v.
402 4677 452 4728 401
541 4679 572 4726 27
592 4689 629 4727 est
645 4680 788 4730 stomachor
803 4681 827 4728 P
840 4690 878 4728 est
896 4687 920 4727 et
938 4678 1081 4727 stomachor
1101 4681 1124 4728 B
1212 4681 1236 4728 in
1256 4696 1321 4728 euna
1340 4681 1488 4745 (super-scr.

202 4748 282 4809 idem)
301 4748 418 4810 equidem
437 4748 503 4796 Bia
526 4748 640 4797 eunrrebo
659 4750 716 4797 inde
736 4751 838 4812 quidem
856 4749 896 4811 ts:
918 4749 982 4798 Eun.
1004 4750 1024 4797 ii
1045 4750 1069 4807 3,
1088 4749 1121 4797 32
1192 4752 1225 4799 *28
1245 4751 1451 4802 stomachabatur
1466 4755 1491 4803 P

269 4816 302 4869 30
321 4819 470 4882 perueniunt
490 4817 537 4879 ΡΙ
552 4820 676 4882 pertinent
692 4820 732 4869 Bt
801 4819 833 4868 34
852 4819 1038 4883 adaepiseorB
