3346 5498
487 369 686 432 nicanum
709 368 882 430 rnnrsrul
905 368 1051 429 uu-x
1351 363 1413 427 οοο
1454 334 1456 338 ’

1218 488 1239 528 p.
1253 477 1310 515 arri.
1327 474 1388 514 aar.

129 557 192 638 ἐγω
215 567 314 619 autem
335 565 366 617 et
386 552 448 630 ἐξω
463 560 543 618 circa
558 558 768 637 aspirationem
784 564 866 617 certa
889 559 1004 618 ratione
1027 557 1221 626 dissentiunt,
1244 557 1322 635 quia,
1346 573 1413 615 cum

129 662 174 723 las
196 668 276 721 esset
303 662 421 740 utrique
445 662 655 740 aspirationem
678 659 758 729 dari,
787 667 820 719 ut
840 654 926 720 ἕλκω
948 653 1048 736 ἕλξω,
1071 658 1146 718 hane
1168 657 1215 739 τᾷ
1236 654 1299 736 ἔχω
1322 659 1414 735 assig-

130 765 195 824 nari
224 765 386 824 necessitas
412 762 462 823 illa
490 781 549 823 nou
571 781 656 841 passa
686 768 746 831 est,
775 763 844 841 quia
865 763 931 822 lieri
953 779 1012 821 uon
1035 769 1132 840 potest
1158 768 1192 820 ut
1220 758 1276 820 ulla
1306 759 1416 820 vocalis

129 867 298 946 praeposita
325 884 345 944 η
370 865 488 926 litterae
521 866 731 944 aspirationem
760 862 877 924 habeat.
922 862 1049 942 denique
1079 882 1117 941 υ,
1151 865 1220 942 quia
1253 879 1414 940 numquam

93 966 193 1033 'asine
216 968 397 1047 aspiratione
419 969 539 1047 incipit,
563 985 722 1046 numquam
745 986 765 1046 χ
787 967 904 1027 litterae
926 966 1131 1045 praeponitur,
1155 983 1192 1024 ne
1215 964 1340 1026 alterius
1362 983 1413 1024 ua·

130 1078 196 1131 tura
217 1069 358 1138 violetur,
382 1078 433 1130 aut
454 1067 517 1130 τοῦ
537 1087 571 1148 ν,
594 1071 618 1129 si
642 1071 767 1148 incipiat
788 1071 853 1129 sine
875 1069 1066 1147 aspiratione,
1090 1074 1140 1127 aut
1161 1064 1223 1126 τού
1244 1085 1275 1145 χ,
1298 1068 1413 1145 siquam

130 1170 258 1232 vocalem
286 1190 354 1231 cum
382 1173 561 1251 aspiratione
588 1172 743 1232 sustineat.
788 1171 921 1231 loturum
943 1186 1014 1247 ergo
1035 1163 1109 1247 ἔξω,
1132 1167 1277 1229 subducta
1300 1169 1413 1247 aspira·

129 1276 209 1334 tione
232 1275 408 1334 necessitate
431 1292 450 1352 χ
471 1273 603 1343 litterae,
627 1275 768 1352 spiritum
782 1272 1033 1333 vehementiorem
1048 1277 1099 1331 aut
1114 1272 1228 1349 recepit
1244 1278 1294 1330 aut
1309 1271 1413 1330 tenuit

129 1377 159 1436 in
181 1394 240 1436 nou
268 1375 357 1437 nullis
383 1394 454 1435 vero
480 1374 580 1436 vorbis
608 1377 639 1434 in
661 1394 698 1454 μι
720 1373 899 1435 exeuntibus
921 1375 955 1434 tit
975 1375 1090 1453 primae
1113 1371 1242 1451 syllabae
1265 1390 1324 1432 non
1347 1389 1414 1451 per·

93 1494 116 1532 ιο
129 1479 268 1547 mutatio,
292 1477 343 1538 sed
366 1477 498 1546 amissio,
527 1484 559 1538 ut
581 1475 697 1557 τίθημι
717 1471 834 1557 θύσω,
857 1471 978 1555 δίδωμι
1000 1469 1110 1552 δύσω,
1132 1473 1269 1554 κίχρημι
1290 1468 1412 1553 χρήσω.

213 1597 255 1658 lle
277 1598 427 1676 praesenti
449 1604 583 1676 tempore
606 1599 733 1677 passivo.
770 1616 856 1658 omne
879 1614 1022 1676 praesens
1045 1603 1163 1674 tempus
1185 1592 1262 1672 apud
1286 1592 1415 1653 Graecos

129 1701 160 1760 in
183 1717 209 1758 ω
232 1698 371 1759 desinens
393 1699 472 1759 modi
496 1699 647 1761 indicativi
669 1701 790 1777 generis
811 1699 899 1760 activi
915 1697 1001 1758 verbi
1021 1697 1238 1776 perispomeui,
1261 1698 1287 1756 si
1309 1712 1414 1754 secun·

129 1800 184 1861 dae
206 1802 422 1879 coniugatiouis
449 1803 502 1869 sit,
526 1800 648 1861 adhibet
669 1804 721 1863 lini
742 1820 796 1863 suo
817 1821 876 1882 μαι
899 1799 1042 1880 syllabam
1063 1807 1093 1858 et
1115 1798 1186 1858 iacit
1207 1797 1244 1857 de
1266 1816 1298 1857 se
1320 1799 1414 1877 passi·

129 1921 214 1972 vum,
237 1901 305 1979 βοῶ
327 1900 473 1982 βοῶμαι,
496 1902 580 1982 τιμῶ
601 1901 759 1983 τιμῶμαιε
782 1905 809 1964 si
831 1922 901 1963 vero
922 1904 962 1963 sit
983 1904 1098 1981 primae
1120 1900 1165 1960 vel
1187 1901 1311 1969 tertiae,
1335 1916 1362 1958 ω
1383 1900 1415 1959 in

93 2016 172 2065 1⁵ov
205 2012 316 2065 mutato
349 2012 379 2065 et
412 2013 532 2084 accepta
565 2004 704 2065 similiter
730 2024 790 2084 μαι
816 2006 966 2085 passivum
995 2010 1091 2072 creat,
1124 2000 1214 2081 φιλῶ
1240 1999 1415 2081 φιλοῦμαι,

68 2126 71 2132 ·
130 2104 245 2186 χρυσῶ
272 2103 471 2187 χρυσούμαι.
515 2108 764 2185 permutationem
792 2114 890 2168 autem
918 2123 944 2164 ω
972 2107 1002 2166 in
1032 2122 1074 2165 ον
1096 2104 1133 2164 de
1155 2103 1345 2164 circumflexo
1367 2121 1414 2164 ac·

130 2216 219 2269 centu
247 2211 329 2269 nasci
357 2207 469 2269 iudicio
496 2214 541 2268 est
568 2208 701 2269 loturum
727 2208 845 2286 liuguae
873 2208 1006 2277 doricae,
1023 2206 1101 2286 quod
1125 2206 1200 2267 hauc
1222 2207 1415 2285 permutatio·

130 2328 212 2380 uem,
236 2329 302 2371 eum
325 2311 356 2370 in
377 2310 503 2371 alterum
526 2327 619 2388 genus
641 2311 764 2380 transit,
793 2309 852 2371 sibi
874 2309 1018 2378 vindicat,
1047 2305 1177 2387 ποιησῶ
1198 2304 1415 2387 ποιησοῦμαι,

130 2407 214 2484 λεξῶ
236 2408 403 2492 λεξούμαι.
448 2419 477 2472 at
497 2413 529 2471 in
552 2410 703 2489 barytonis
725 2410 864 2472 omnibus
886 2429 912 2470 ω
935 2413 965 2471 iu
988 2430 1006 2471 o
1034 2417 1147 2471 mutato
1169 2417 1199 2470 et
1220 2408 1334 2471 adiecta
1357 2428 1416 2489 μαι

91 2526 117 2565 ²⁰
130 2515 279 2594 passivum
305 2515 465 2592 liguratur,
496 2509 581 2590 λέγω
610 2511 763 2594 λέγομαι,
792 2507 904 2575 τύπτω
926 2506 1107 2593 τύπτομαι,
1134 2504 1299 2591 ἡνιοχεύω
1321 2501 1416 2591 rivio·

129 2609 276 2695 γεύομαι.
301 2617 342 2675 ita
364 2635 435 2694 ergo
457 2614 589 2676 breviter
610 2616 790 2695 definitaque
813 2615 970 2675 dicendum
992 2622 1052 2674 ost:
1076 2632 1162 2674 omne
1185 2630 1328 2692 praesens
1350 2630 1416 2691 pas·

48 2714 54 2726 '
130 2719 225 2778 sivum
248 2717 337 2779 habet
359 2719 388 2779 iu
412 2718 594 2798 paenultima
609 2725 661 2780 aut
675 2737 701 2778 ω
716 2725 767 2779 aut
789 2719 831 2776 ού
853 2724 903 2777 aut
925 2736 960 2795 ο,
982 2714 1126 2794 τιμῶμαι
1148 2711 1312 2794 φιλοῦμαι
1333 2708 1415 2791 γρύ-

131 2838 253 2899 φομαι;
276 2838 351 2900 quae
374 2820 461 2882 aliter
484 2819 656 2888 habuerint,
680 2839 716 2880 ex
739 2819 797 2879 illis
820 2818 919 2880 verbis
941 2824 1019 2884 sunt,
1042 2834 1169 2895 quorum
1191 2816 1287 2894 prima
1309 2815 1417 2893 positio

131 2922 315 3001 inpressit,
339 2940 414 3002 quae
430 2940 548 3002 semper
568 2923 678 3002 passivi
701 2921 910 3000 paenultimam
934 2918 1052 2978 brevem
1077 2918 1204 2986 iaciunt,
1228 2923 1261 2976 ut
1282 2914 1418 2995 τύθεμαι

92 3035 118 3074 2⁵
130 3018 264 3102 ἵσταμαι
294 3019 437 3103 ύίύομαι.
483 3025 554 3083 item
583 3041 619 3082 ex
653 3021 783 3082 secunda
812 3021 855 3081 vel
883 3022 971 3080 tertia
998 3019 1206 3095 coniugatione
1237 3017 1341 3078 eadem
1372 3025 1418 3077 est

130 3124 258 3186 secunda
281 3142 407 3204 persona
430 3126 554 3204 passivi,
577 3141 653 3203 quae
676 3125 765 3184 activi
788 3125 891 3191 tertia,
914 3118 993 3201 νικᾷ
1008 3115 1146 3198 ἐκεῖνος,
1170 3118 1249 3200 νικᾷ
1263 3115 1319 3197 σύ,
1342 3132 1418 3181 στε-

131 3232 238 3304 φανοῖ
262 3220 407 3304 ἐκεῖνος,
437 3231 602 3306 στεφανοῖ
621 3220 675 3285 σύ.
719 3227 792 3285 item
815 3241 958 3304 praeseus
980 3222 1058 3302 quod
1081 3224 1113 3282 iu
1135 3241 1194 3301 μαι
1216 3219 1341 3292 desinit,
1365 3240 1418 3282 seu

131 3330 358 3407 perispomenon
384 3345 437 3387 seu
466 3327 627 3407 barytouon
651 3334 681 3387 et
703 3327 915 3405 cuiuscumque
939 3321 943 3404 Ι
968 3324 1186 3401 coniugationis
1213 3325 1267 3392 sit,
1297 3333 1418 3403 praeter

130 3430 179 3490 illa
208 3447 333 3508 quorum
364 3431 458 3507 prima
486 3431 595 3508 positio
623 3431 654 3488 iu
681 3448 718 3508 μι
745 3430 820 3496 exit,
850 3426 1010 3488 secundam
1038 3442 1196 3504 personam
1225 3443 1283 3485 una
1306 3423 1418 3505 syllaba

93 3540 119 3581 ³0
132 3531 276 3589 minorem
299 3531 428 3610 profert,
451 3527 617 3610 λαλούμαι
639 3527 740 3610 λαλῇ,
763 3527 906 3608 τιμῶμαι
927 3524 1022 3607 τιμᾷ,
1045 3524 1275 3605 στεφανούμαι
1297 3538 1417 3605 στεφα-

132 3637 198 3710 νοῖ,
222 3624 360 3710 λέγομαι
383 3624 476 3712 λέγη,
498 3626 730 3712 θεραπεύομαι
751 3625 937 3711 θεραπεύῃ.

217 3748 258 3810 lle
282 3757 415 3829 ternpore
437 3751 761 3831 minusquamperlecto
783 3750 909 3829 passivo.
947 3747 1302 3828 minusquamperleotum
1325 3747 1418 3826 passi·

132 3870 198 3912 rum
221 3851 299 3930 apud
314 3851 442 3912 Graecos
465 3851 580 3913 duobus
602 3853 735 3914 nascitur
757 3851 863 3912 modis.
893 3858 945 3911 aut
967 3851 1047 3910 onim
1069 3867 1156 3909 omne
1178 3867 1322 3929 praesens
1343 3857 1418 3910 tem·

131 3972 186 4031 pus
208 3955 358 4033 passivum
382 3961 491 4014 munta
515 3956 545 4015 in
568 3956 626 4015 line
649 3973 684 4014 αι
706 3953 889 4033 diphthongo
913 3954 1008 4031 inqu
1031 3969 1096 4011 cum
1113 3951 1282 4012 adiectione
1305 3958 1418 4030 tempo·

92 4057 175 4115 oris
196 4057 361 4116 crescentis
388 4056 419 4115 in
446 4058 543 4135 capite
570 4057 642 4116 lacit
668 4074 704 4115 ex
732 4073 764 4115 se
792 4054 1161 4133 minusquamperleotum,
1189 4044 1312 4132 ἄγομαι
1337 4044 1419 4132 ἦγό-

131 4176 214 4236 μην,
247 4150 412 4236 τρέφομαι
451 4153 656 4237 ἐτρεφόμην;
701 4165 751 4217 aut
789 4156 1145 4235 minusquamperiectom
1185 4155 1313 4214 activum
1351 4160 1418 4215 aute

131 4258 266 4319 ultimam
298 4259 426 4319 litteram
460 4277 542 4320 suam
575 4260 682 4320 inserit
713 4278 758 4339 μη
790 4265 821 4318 et
857 4258 928 4318 iacit
955 4276 991 4317 ex
1020 4275 1051 4315 se
1084 4256 1245 4334 passivum,
1280 4250 1419 4316 dacoleno

134 4353 336 4440 ἐποιούμην,
369 4357 520 4438 ἔγραφον
549 4354 756 4440 ἐγραφόμην.
800 4359 878 4438 apud
907 4358 1035 4419 Graecos
1064 4356 1419 4437 rninusquamperieetum

131 4463 279 4541 passivum
302 4463 448 4522 minorem
470 4461 579 4542 syllaba
602 4464 634 4523 in
656 4461 756 4523 vorbis
778 4460 916 4522 omnibus
943 4462 1058 4540 protert
1080 4458 1238 4521 secundam
1262 4474 1420 4537 personam

198 4716 215 4765 t
233 4715 361 4779 litteraep
380 4714 462 4765 littera
480 4730 510 4764 ea
524 4717 548 4765 P
613 4715 630 4765 6
646 4716 745 4777 siquam
763 4715 872 4764 coniecit
888 4713 1037 4779 Opoopoeae
1053 4713 1127 4773 siqua
1145 4711 1170 4760 Ρ
1235 4711 1251 4760 8
1269 4710 1360 4774 recipit
1376 4720 1420 4760 ant

132 4783 212 4831 terruit
225 4785 249 4833 Ρ
264 4785 355 4849 recipit
370 4792 415 4833 aut
432 4784 513 4832 renuit
525 4785 633 4835 οοπίττίι
645 4782 793 4848 Opsopoeos
805 4783 894 4847 recipit
906 4793 950 4833 aut
967 4791 1054 4832 tenuat
1065 4782 1197 4833 Pantanus
1256 4781 1286 4830 l'l
1298 4779 1420 4829 indicium

133 4852 207 4898 estP
275 4852 542 4917 lbatinpautinP
607 4852 641 4903 38
654 4853 736 4902 minos
750 4850 899 4918 perlectoP
964 4853 997 4904 39
1009 4851 1106 4916 syllaba
1120 4850 1229 4900 aeuum
1240 4848 1362 4914 syllabam
1374 4849 1409 4914 P,
