3346 5498
238 364 279 429 72
796 360 970 425 ctnnoun

263 489 285 530 p.
299 477 400 517 lata—30
413 474 436 514 Ρ.

239 556 362 634 cipiunt,
388 554 464 634 quod
489 572 505 612 a
528 551 619 613 verbo
642 552 728 610 venit
774 552 920 610 tunicatus
942 557 1076 610 comatus
1099 559 1127 609 et
1149 548 1293 627 galeatus,
1325 550 1393 627 quia
1416 549 1528 625 signill-

121 667 179 726 388,
198 665 226 712 13
238 656 403 717 rationibus
425 662 541 724 carent,
565 653 703 730 ambigua
732 654 887 730 participia
910 661 988 713 sunt.
1015 685 1049 695 —
1075 652 1123 713 Ex
1147 651 1284 729 quibus
1306 658 1392 711 sunt
1414 652 1528 711 etiam

237 757 318 819 illa:
356 761 411 818 ista
435 741 534 818 'dubia
562 764 632 816 sunt
659 763 689 814 et
715 753 772 814 alia
800 773 875 834 quae
902 760 1041 815 secuntur
1071 753 1126 814 sub
1155 751 1346 832 sequentibus
1374 750 1526 831 exemplis.

239 879 306 920 narn
337 868 365 919 et
393 877 518 938 pransus
546 864 575 916 et
601 863 723 916 cenatus
745 855 823 936 quod
847 855 968 923 dicitur,
991 854 1139 932 prandeor
1162 864 1191 915 et
1213 874 1304 915 cenor
1326 873 1386 914 non
1408 853 1525 914 dicitur.

238 968 307 1020 sunt
329 961 484 1039 participia
498 977 574 1038 quae
590 978 607 1018 a
622 956 719 1017 verbis
741 955 925 1018 neutralibus
947 957 1069 1016 veniunt
1090 965 1120 1017 et
1143 964 1240 1026 tamen
1262 952 1432 1039 praellteriti
1454 964 1553 1017 tem-⁵

239 1063 319 1142 poris
342 1081 396 1123 nec
420 1080 478 1122 non
502 1070 532 1121 ot
553 1061 659 1130 futuri,
684 1057 761 1139 quod
787 1055 870 1142 [non]
894 1059 924 1118 in
940 1057 995 1118 dus
1009 1057 1150 1137 syllabam
1166 1061 1239 1128 exit,
1263 1078 1367 1120 sonum
1382 1060 1530 1119 sustinere

238 1166 443 1243 reperiuntur,
476 1169 507 1221 ut
533 1160 609 1241 apud
638 1160 809 1221 Sallustium
837 1165 1008 1220 ‘cenatos
1036 1179 1119 1220 esse
1152 1161 1189 1220 in
1220 1163 1384 1221 castris’.
1429 1163 1469 1222 ita
1500 1168 1530 1222 ot

239 1265 315 1344 apud
339 1263 514 1344 Vergilium,
539 1266 761 1323 ‘monstrum
791 1257 1017 1322 horrendum
1039 1263 1198 1339 ingens’.
1243 1281 1321 1323 nuno
1343 1262 1416 1324 haec
1439 1264 1529 1343 parli-

239 1367 314 1444 cipia
349 1384 424 1444 quae
447 1385 463 1425 a
491 1365 589 1426 verbis
612 1361 616 1448 Ι
641 1362 824 1425 neutralibus
852 1365 973 1424 veniunt
1000 1364 1152 1442 praeteriti
1180 1362 1224 1424 vel
1252 1366 1342 1426 luturi
1375 1374 1529 1426 auctorum

238 1467 402 1546 probantur
431 1467 585 1547 exemplis.
617 1500 652 1510 -
682 1469 790 1528 Amans
818 1466 937 1544 sapiens
966 1474 995 1525 et
1016 1471 1114 1525 cetera
1137 1465 1256 1544 quaudo
1278 1475 1477 1547 conparantur
1501 1475 1531 1528 et
1544 1479 1568 1515 1⁰

239 1567 379 1628 adverbia
401 1569 513 1630 iaciunt
535 1577 564 1629 et
585 1569 721 1648 genetivo
736 1569 818 1628 casui
834 1568 1063 1645 coniunguntur,
1088 1566 1185 1648 [quia]
1209 1569 1327 1629 nomina
1350 1576 1427 1639 sunt,
1451 1569 1531 1632 unde

240 1669 395 1730 Sallustius
424 1670 557 1731 ‘alieni
593 1677 790 1750 appetonS,
827 1669 884 1729 sui
911 1670 1121 1749 prolusus'‚
1155 1670 1341 1747 ‘fugitans
1374 1670 1530 1741 litium’,

239 1773 379 1851 quonlarn
405 1774 561 1853 participia
590 1756 872 1851 nec'oonparantur
900 1789 956 1831 nec
983 1770 1120 1832 adverbia
1154 1773 1266 1833 iaciunt
1293 1781 1322 1833 et
1356 1774 1531 1843 accusativo,

195 1889 226 1935 15
240 1892 298 1933 non
327 1876 463 1953 genetivo
490 1875 661 1952 iunguntur,
694 1907 728 1917 —
760 1875 802 1932 Vt
822 1891 995 1951 pransus,
1019 1881 1184 1934 cenatus:
1208 1881 1327 1952 rogatus
1350 1882 1379 1935 et
1401 1882 1531 1946 cenatus,

241 1976 266 2034 si
294 1974 331 2034 ad
358 1975 510 2037 bominum
539 1975 679 2037 vocabula
707 1984 921 2054 contorqueas,
952 1977 1071 2036 nomina
1099 1985 1182 2044 sunt;
1212 1977 1238 2036 si
1261 1995 1329 2047 vero
1353 1976 1390 2037 ad
1413 1986 1531 2057 tempus
1545 1984 1569 2024 ¹⁵

154 2129 158 2145 .
196 2078 369 2157 lapropriis
397 2090 465 2139 sunt
492 2077 665 2138 nominibus
692 2077 822 2146 adiecta,
852 2077 1014 2157 participia.
1044 2111 1086 2120 —
1114 2069 1208 2138 Nam⁴
1227 2096 1341 2139 noceo
1374 2077 1531 2148 dicitnr,

240 2180 401 2239 innoceo
424 2198 493 2239 non
512 2179 670 2257 dicitur:
695 2198 788 2240 noceo
805 2198 915 2239 nocens
931 2177 1103 2256 simpliciter
1119 2178 1260 2249 dicimus,
1283 2181 1410 2240 innoc-eo
1433 2180 1533 2240 lacere

194 2296 299 2342 annon
327 2288 435 2359 potest.
462 2315 505 2326 —
533 2282 628 2341 Sunt
655 2280 783 2342 multa:
818 2299 922 2359 passus
954 2282 1141 2360 participium
1175 2281 1293 2360 quando
1322 2281 1454 2351 declino,
1484 2281 1532 2342 bio

239 2400 345 2461 passus
372 2381 459 2442 huius
487 2385 567 2462 passi
597 2384 682 2450 lacit;
712 2383 761 2443 hic
787 2400 890 2461 passus
919 2381 1008 2442 buius
1036 2401 1139 2461 passus
1166 2401 1285 2444 nomen.
1332 2379 1476 2463 silmilitor
1504 2392 1568 2459 et,

241 2485 321 2545 risus
351 2482 459 2544 cultus:
492 2502 561 2545 nam
589 2483 639 2544 illc
665 2486 821 2561 genetivus
848 2485 879 2542 in
906 2484 930 2552 i,
959 2482 1009 2543 ille
1037 2485 1068 2545 in
1097 2502 1140 2545 us.
1186 2504 1254 2545 nam
1276 2486 1301 2545 si
1323 2487 1443 2545 nomina
1464 2493 1571 2546 sunt²⁰

139 2603 143 2610 ’
194 2601 225 2648 ‘21
239 2605 299 2646 non
322 2584 433 2647 habent
455 2596 603 2665 tempora,
632 2587 657 2646 si
680 2586 832 2664 participia
854 2592 938 2654 sunt,
962 2585 1073 2646 babent
1093 2594 1237 2666 tempora.
1265 2621 1299 2630 -
1324 2587 1532 2667 Participia

242 2687 368 2748 eadem
392 2696 427 2748 et
450 2688 612 2755 nomina,
637 2693 676 2746 ut
696 2705 826 2766 passus
849 2688 951 2747 visus
980 2687 1096 2764 (borum
1117 2689 1339 2768 participiorum
1355 2687 1533 2751 vocabulum

212 2832 216 2842 .
242 2789 300 2850 tale
322 2796 381 2858 est,
406 2789 484 2868 «prod
508 2808 563 2850 nec
585 2790 738 2869 participia
761 2807 817 2849 uec
839 2789 973 2857 nomina,
998 2789 1049 2849 sed
1073 2797 1143 2851 sunt
1164 2792 1283 2851 nomina
1305 2792 1471 2871 participiis
1493 2793 1531 2852 si·

195 2890 332 2971 camilia)
357 2889 493 2952 cultus:
535 2887 720 2970 [coeptusz
749 2890 919 2970 praeteriti;
948 2909 1091 2970 praesens
1118 2910 1247 2972 coepens
1275 2912 1335 2954 non
1363 2894 1442 2953 lacit.
1483 2912 1532 2954 ur·

240 2993 377 3072 guendns
403 2995 563 3073 praeterito
588 3011 649 3053 non
680 2993 750 3052 lacit
777 3011 873 3053 ursus.
920 2993 1091 3071 arguendus
1122 3011 1253 3072 urguens
1289 2989 1381 3076 lacit]
1427 2999 1571 3073 passus²⁵

241 3113 349 3157 nomen
379 3103 436 3164 est,
466 3094 584 3174 quando
612 3094 736 3173 gradum
765 3095 924 3172 significat:
952 3096 1157 3175 participium,
1193 3096 1311 3173 quando
1340 3095 1449 3175 aliquid
1479 3116 1535 3158 nos

242 3216 399 3277 perpessos
422 3197 619 3265 demonstrat:
645 3205 674 3256 et
694 3195 812 3276 rpuando
829 3214 937 3256 nomen
961 3205 1013 3267 est,
1030 3205 1152 3276 quartae
1175 3197 1393 3267 declinationis
1417 3198 1535 3276 quando

242 3301 438 3380 participium,
463 3298 621 3360 secundae.
662 3300 753 3368 visus,
778 3298 895 3376 quando
918 3295 955 3358 ab
978 3298 1035 3358 alio
1059 3317 1114 3360 nos
1137 3299 1229 3360 videri
1252 3299 1442 3367 ostendimus,
1466 3319 1534 3380 par·

197 3403 375 3483 anticipium
399 3409 456 3468 est3
482 3401 599 3482 quando
621 3403 714 3462 visum
736 3402 848 3479 ipsurn,
873 3419 982 3461 nomen
1006 3409 1058 3461 est.
1082 3435 1125 3444 —
1148 3403 1191 3460 Vt
1214 3409 1270 3462 est
1297 3410 1450 3482 coeptus
1473 3422 1533 3464 ur-

241 3504 424 3581 guendus:
449 3502 498 3563 alii
521 3504 639 3580 quidem
656 3501 758 3563 volunt
779 3502 952 3580 urguendus
967 3520 1055 3563 ursus
1075 3504 1191 3572 lacere,
1213 3502 1292 3563 unde
1314 3511 1344 3563 et
1366 3506 1429 3564 ursi
1451 3503 1533 3572 dicti,
1547 3508 1572 3546 ³0

244 3607 248 3684 l
274 3605 351 3681 quod
376 3625 408 3665 so
431 3615 555 3682 urgeant
578 3604 742 3674 currendo,
767 3614 796 3666 et
819 3621 911 3682 urgeo
934 3606 1007 3664 ursi.
1044 3623 1093 3664 ars
1115 3604 1235 3682 quidem
1258 3602 1331 3665 haec
1353 3604 1458 3674 habet,
1481 3605 1534 3666 sed

243 3705 390 3784 euphonia
420 3724 508 3766 sonos
535 3708 610 3767 istos
638 3704 758 3768 sustulit
787 3706 824 3765 de
852 3705 1068 3766 cousuetudine
1097 3715 1126 3767 et
1148 3706 1326 3768 defectivum
1350 3708 1536 3786 participium

196 3808 321 3870 abiecit.
347 3807 513 3867 —Fieri
546 3827 655 3887 posse
683 3825 752 3867 non
781 3805 876 3867 nulli
905 3816 1052 3885 negant:
1082 3826 1143 3868 non
1172 3817 1217 3869 est
1244 3808 1426 3870 eredendum
1455 3808 1535 3888 quod

243 3905 350 3968 laisum
375 3917 425 3968 est
459 3915 593 3968 amanter
616 3910 696 3968 venit
717 3908 754 3969 ab
777 3927 813 3967 eo
836 3908 914 3985 quod
938 3917 982 3969 est
1005 3927 1115 3969 amans.
1155 3910 1242 3970 modo
1266 3928 1325 3970 non
1348 3912 1536 3989 participium

243 4017 301 4084 ost,
326 4009 377 4069 sed
401 4029 524 4078 nornen,
554 4011 583 4070 in
608 4017 719 4070 tanturn
744 4016 775 4069 ut
798 4011 884 4070 etiam
908 4012 1149 4089 conparationem
1173 4011 1326 4090 recil'piat:
1356 4010 1426 4072 lacit
1454 4013 1573 4073 onim³⁵

311 4213 372 4263 coa.
393 4213 470 4264 Bere.
491 4212 538 4265 xu
555 4211 660 4262 7-8*.
732 4214 748 4262 4
763 4213 824 4262 dicit
841 4213 967 4278 prandeor
1038 4214 1130 4265 ‹tictrur
1146 4215 1192 4265 sed
1212 4216 1346 4283 participia
1364 4232 1430 4280 qnae
1444 4216 1535 4265 aduer-

243 4284 293 4332 biio
363 4283 502 4348 lispllabo
570 4284 784 4350 irepperiuntur
853 4294 915 4347 aput
986 4292 1090 4332 renatus
1160 4286 1259 4351 8aput
1329 4290 1465 4336 orrendum

246 4353 275 4404 17
300 4349 418 4418 dicimus]
443 4353 559 4402 ‹lieomus
629 4357 663 4402 22
687 4353 800 4402 erudiet
824 4355 927 4403 nomino
997 4368 1074 4419 posue
1097 4370 1165 4409 corr.
1188 4360 1222 4408 at.
1247 4372 1313 4407 aaran.
1338 4371 1431 4422 passus
1501 4357 1536 4406 27

319 4431 331 4458 ll

244 4484 330 4538 quante
345 4473 480 4524 declinatio
551 4473 585 4524 28
604 4474 716 4523 serundo
766 4474 868 4525 abalio
886 4489 953 4526 corr.
974 4475 1005 4522 ab
1022 4475 1072 4523 alto
1141 4479 1176 4528 ⁰29
1194 4492 1271 4540 quom
1290 4477 1363 4526 uisus
1382 4479 1465 4542 ipsum

243 4546 277 4594 30
296 4561 370 4595 ursus
387 4561 433 4599 om.
505 4544 539 4595 32
557 4544 660 4594 eulouia
678 4544 749 4592 sonis
767 4548 846 4602 (corr.
865 4546 933 4608 soni)
952 4545 1013 4592 istos
1031 4544 1089 4593 tulit
1176 4546 1209 4598 33
1229 4545 1289 4595 lecit
1307 4562 1384 4612 posse
1403 4562 1452 4597 uon
1473 4549 1533 4598 nulli

245 4625 337 4680 negant
357 4614 411 4665 lleri
430 4630 506 4678 possa
527 4628 576 4663 non
595 4623 634 4664 est
651 4615 806 4664 eredendum
877 4614 911 4666 34
929 4615 1024 4663 salsum

247 4723 289 4727 -—
306 4721 498 4728 Δ..,--------.

313 4771 419 4837 7apnd
443 4767 601 4835 Sallustium]
627 4767 741 4833 Iupurtlr,
764 4768 857 4828 abal
926 4767 1205 4836 8apnrlvergilium]
1226 4771 1296 4833 ,Aen
1318 4772 1360 4821 llll
1380 4770 1428 4822 181
1502 4773 1537 4823 12

244 4838 392 4907 Sallustius]
414 4842 486 4891 Catil.
503 4840 529 4903 b,
545 4841 561 4889 —l
633 4836 757 4905 fugitans]
784 4836 884 4890 Terbnt.
904 4838 1005 4889 Plrorm.
1028 4839 1068 4888 llll
1084 4840 1109 4902 3,
1131 4841 1162 4890 ts
