3346 5498
636 401 707 461 ans
736 400 777 460 lll
800 400 940 462 16--111
962 404 981 460 8
1392 394 1454 458 427

184 523 218 563 φ.
232 510 287 551 ivor.
301 511 327 549 oe
340 508 362 552 r.
1275 516 1296 556 p.
1309 505 1354 544 aas.
1367 505 1393 545 so
1406 504 1430 544 r„

171 589 266 666 gulari
288 606 412 648 numero
434 588 580 648 secundae
602 587 812 647 declinationis
834 583 900 656 est,'
924 589 953 647 in
975 585 1083 666 plurali
1106 587 1228 645 tertiae:
1256 601 1324 644 nam
1345 585 1454 660 geniti·

172 708 240 750 vum
261 689 366 749 horum
388 691 535 766 iugemm,
559 688 689 748 dativum
711 697 741 748 et
763 687 922 749 ablativum
944 687 992 748 bis
1014 694 1044 748 et
1066 686 1102 748 ab
1125 687 1173 747 his
1195 685 1351 763 iugeribus
1372 685 1454 745 iacit.

172 798 202 851 et
222 810 286 861 vas,
316 791 394 870 quod
423 792 528 850 tertiae
559 797 605 849 est
626 792 657 849 in
680 790 824 866 singulari
846 808 984 858 numero,
1009 792 1039 849 in
1061 787 1169 867 plurali
1191 785 1353 848 secundae:
1386 803 1456 845 nam

171 895 333 971 genitivum
347 892 453 952 borum
468 910 619 961 vasorum,
643 891 774 951 dativum
796 898 827 951 et
849 890 1009 952 ablativum
1031 891 1078 950 his
1100 898 1130 949 et
1151 888 1188 949 ab
1211 890 1259 948 his
1280 890 1359 948 vasis
1381 887 1454 947 dici·

145 1008 247 1055 ⁵mns.
284 1012 377 1074 panea
400 1001 469 1053 sunt
491 995 606 1071 primae
629 991 838 1053 declinationis
860 995 979 1054 nomina
1001 1010 1076 1072 quae
1100 998 1202 1051 contra
1224 990 1357 1068 regulam
1379 988 1454 1049 dati·

170 1114 239 1156 vum
261 1102 291 1155 et
321 1094 480 1155 ablativum
509 1096 626 1154 numeri
653 1093 777 1174 pluralis
804 1097 836 1155 in
858 1093 914 1154 bus
936 1093 1077 1173 syllabam
1099 1095 1220 1177 mittunt
1242 1090 1455 1152 discernendae

171 1197 373 1275 ambiguitatis
395 1215 484 1256 sexus
507 1214 610 1264 causa,
632 1194 680 1255 bis
702 1203 731 1257 et
753 1196 789 1257 ab
813 1196 860 1256 bis
881 1195 994 1256 deabus
1020 1195 1139 1257 filiabus
1165 1193 1302 1254 mulabus
1323 1190 1456 1272 equabus

171 1297 351 1369 libertabus,
375 1317 450 1377 quae
473 1317 489 1357 a
513 1299 588 1357 iuris
609 1299 716 1377 peritis
736 1305 877 1378 usurpata
901 1306 980 1358 sunt.

255 1401 334 1461 llaec
367 1406 436 1460 sunt
466 1418 541 1478 quae
574 1402 605 1460 in
632 1408 758 1480 unoque
785 1419 928 1483 numero!
943 1419 1001 1461 non
1029 1400 1188 1461 admittunt
1216 1396 1453 1466 declinationem,

132 1519 159 1558 ro
172 1521 298 1583 qnorum
321 1503 377 1562 alia
401 1501 591 1580 singulariter
613 1508 735 1571 tantum,
759 1501 816 1573 alia
837 1501 993 1581 pluraliter
1014 1502 1211 1563 declinantur.
1242 1500 1364 1560 deorum
1386 1517 1454 1579 pro·

171 1608 237 1685 pria
268 1606 403 1672 nomina,
438 1603 667 1672 elementorum,
699 1603 838 1674 heroum,
872 1605 1042 1674 fluminum,
1076 1606 1235 1672 montium,
1264 1601 1455 1680 singulariter

171 1707 322 1767 dumtaxat
344 1705 543 1775 declinantur;
566 1707 638 1765 item
661 1706 795 1775 urbium,
820 1708 877 1766 nisi
893 1723 968 1784 quae
983 1711 1088 1765 natura
1103 1703 1258 1785 pluraliter
1280 1703 1454 1770 efferuntur,

171 1816 205 1868 ut
231 1809 362 1870 Athenae
389 1806 508 1867 Thebae
538 1808 646 1868 Cumae
674 1808 813 1887 llycenae
848 1808 1004 1868 Graviscae
1039 1807 1223 1868 Crustumeri
1257 1805 1348 1866 Casae
1382 1804 1454 1883 Arpi

171 1909 286 1970 Puteoli
309 1907 408 1994 Ostia;
436 1911 507 1969 item
529 1909 690 1978 metallica,
714 1929 789 1989 quae
812 1911 911 1970 omnia
933 1908 1081 1970 secundae
1104 1914 1173 1969 sunt
1195 1906 1404 1967 declinationis
1425 1913 1456 1964 et

134 2027 159 2066 as
172 2014 291 2089 generis
311 2012 432 2079 neutri,
461 2018 495 2070 nt
523 2010 578 2070 boc
604 2029 709 2071 aurum
737 2019 893 2089 argentum
920 2012 1033 2071 ierrum
1054 2009 1208 2090 plumbum
1230 2017 1381 2086 stagnum,
1404 2025 1454 2068 ex·

172 2121 258 2193 cepto
280 2131 339 2173 uno
362 2131 426 2181 aes,
449 2112 527 2191 quod
550 2112 682 2173 eiusdem
704 2115 824 2195 generis
846 2120 906 2181 est,
935 2113 987 2173 sed
1009 2115 1091 2173 iuxta
1113 2112 1258 2174 rationem
1281 2102 1455 2188 monosylla-

172 2215 278 2276 borum
306 2216 386 2274 tertii
417 2214 532 2273 ordinis
560 2221 619 2282 cst,
649 2221 710 2274 tres
738 2222 837 2275 autem
867 2233 953 2275 casus
980 2216 1012 2274 in
1039 2213 1147 2292 plurali
1169 2231 1294 2274 numero
1317 2212 1454 2280 admisit

172 2318 383 2391 nominativum
406 2318 605 2375 accusativum
626 2324 655 2375 et
670 2319 850 2386 vocativum,
873 2316 929 2377 boc
951 2335 1002 2377 aes
1024 2324 1054 2377 et
1075 2316 1148 2377 baec
1170 2327 1255 2385 aara;
1278 2317 1350 2376 item
1373 2313 1456 2374 arida

172 2420 217 2480 vel
239 2418 363 2499 liquida,
387 2434 462 2496 quae
485 2417 521 2476 ad
537 2435 707 2478 mensuram
721 2418 873 2497 pondnsve
889 2419 1077 2488 referuntur,
1100 2425 1133 2478 nt
1156 2419 1289 2477 triticum
1312 2413 1455 2475 hordeum

119 2525 354 2601 [estrumentum
381 2520 427 2579 lar
454 2519 519 2578 lens
547 2520 626 2579 cicer
653 2520 767 2581 milium
796 2539 914 2590 ervum,
943 2520 1017 2580 baec
1044 2518 1127 2598 laba,
1157 2519 1253 2579 oleum
1276 2519 1377 2578 vinum
1398 2516 1456 2576 mel

172 2623 298 2683 mulsum
321 2623 471 2681 dclrntnm
493 2623 589 2681 muria
614 2619 738 2701 [dicitnr
759 2630 857 2683 tamen
879 2621 1056 2702 liquamen].
1100 2641 1137 2682 ex
1159 2622 1206 2681 bis
1227 2620 1318 2681 multa
1340 2625 1457 2679 veteres

172 2727 348 2786 auctoritate
375 2724 513 2783 licentiae
540 2723 701 2800 largientes
727 2724 883 2804 pluraliter
910 2724 1095 2793 extulerunt,
1119 2723 1192 2782 baec
1213 2723 1364 2781 frumenta
1385 2719 1454 2780 bor·

172 2827 227 2887 dea
249 2828 330 2887 tarra
352 2824 437 2885 mella
460 2824 586 2885 defruta.
617 2828 685 2886 vina
707 2829 798 2887 etiam
820 2845 892 2887 usus
914 2828 1044 2905 recepit:
1066 2843 1134 2885 nam
1157 2826 1224 2884 vina
1247 2823 1305 2882 Coa
1327 2820 1456 2881 dicimus

132 2982 138 2986 .
172 2936 203 2987 et
226 2924 240 3010 ΙΙ
262 2927 395 2987 Massica.
426 2924 554 3005 praeJter
581 2926 655 2987 baec
683 2927 738 2988 alia
767 2936 836 2989 sunt
862 2946 936 3007 quae
964 2929 996 2986 in
1023 2926 1130 3006 plurali
1157 2943 1282 2985 numero
1305 2923 1454 2990 deliciunt,

131 3031 293 3107 „generis
320 3028 440 3107 quidem
467 3028 622 3088 masculini
651 3028 738 3098 lraec,
771 3029 820 3089 bic
847 3030 945 3090 iumus
972 3030 1059 3088 limus
1090 3028 1179 3087 limus
1211 3025 1304 3107 pulvis
1335 3026 1456 3101 sanguis

171 3132 289 3210 genius,
313 3133 432 3208 generis
454 3131 589 3190 feminini
612 3130 685 3190 baec
706 3131 799 3191 fames
820 3131 870 3191 lux
892 3129 974 3190 labes
996 3149 1051 3210 pax
1074 3130 1138 3189 sitis
1160 3127 1244 3189 tabes
1265 3127 1381 3195 humus,
1404 3142 1454 3203 ge-

170 3235 252 3294 neris
279 3234 379 3293 neutri
407 3232 462 3292 lroc
491 3251 615 3293 caenum
642 3233 761 3292 iaenum
783 3235 830 3292 ius
856 3232 948 3291 letum
971 3232 1075 3309 vulgus
1096 3232 1219 3310 pelagus
1240 3231 1322 3290 virus
1343 3229 1455 3288 viscum

171 3355 292 3405 aevum,
316 3336 371 3394 boc
393 3353 511 3412 penum.
556 3337 587 3394 in
614 3334 720 3413 plurali
749 3352 872 3395 numero
900 3340 1013 3394 tantum
1043 3333 1228 3393 declinantur
1254 3331 1372 3391 nomina
1400 3348 1454 3390 nu·

171 3456 320 3499 merorum
349 3443 468 3515 praeter
496 3454 600 3504 rurum,
629 3436 707 3514 spraud
730 3436 835 3516 plurali
858 3435 958 3495 delicit
980 3454 1117 3503 numero,
1141 3441 1174 3495 ut
1195 3432 1253 3493 dno
1275 3439 1348 3492 tres
1392 3450 1454 3492 me·

240 3645 256 3693 5
275 3655 355 3706 psuca
373 3651 430 3690 sunt
446 3640 521 3690 Char.
540 3639 584 3702 54,
606 3640 639 3690 10
707 3640 724 3691 9
742 3639 805 3689 haec
817 3648 876 3689 suut
892 3654 957 3702 quae
974 3639 1000 3688 in
1018 3647 1124 3702 utroque
1142 3650 1246 3686 numero
1263 3634 1339 3686 ctar.
1354 3633 1398 3700 sl,
1411 3632 1454 3687 ³0.

170 3711 214 3775 93,
232 3712 259 3765 3,
279 3727 336 3764 eece.
355 3711 435 3761 Char.
453 3710 513 3773 548,
534 3712 545 3760 l
616 3711 651 3760 28
668 3710 770 3761 nomina
789 3724 948 3760 numerorum
964 3709 1040 3762 Oltoer.
1056 3707 1100 3769 37,
1118 3707 1144 3760 a,
1164 3722 1222 3757 ecc.
1241 3705 1317 3758 Char.
1333 3703 1440 3764 temti
1468 3776 1474 3785 .

241 3898 433 3965 'lanrbignitati
452 3913 529 3949 sexus
547 3899 572 3947 P
588 3900 761 3965 ambiguitatis
780 3899 821 3954 ‚i.
842 3913 920 3949 sexus
939 3912 957 3954 ς
1026 3896 1067 3946 his
1086 3905 1111 3946 et
1129 3896 1160 3946 ab
1180 3893 1221 3945 his
1238 3895 1336 3944 duabus
1354 3892 1455 3944 filiabus

171 3969 296 4020 natbsbus
315 3968 465 4018 dominabus
485 3968 601 4019 mulabus
623 3972 737 4034 equabus
753 3970 875 4021 asinabus
894 3967 1066 4032 libertabusg
1150 3964 1167 4016 8
1185 3964 1323 4015 libertabus
1341 3964 1456 4028 quesbus

171 4041 234 4089 iuris
253 4040 342 4105 peritis
357 4038 382 4086 P
405 4037 543 4087 libertabus
561 4041 667 4090 natabus
689 4041 809 4092 asinabus
825 4055 890 4102 quae
909 4053 924 4088 a
940 4039 1001 4104 uiris
1019 4037 1108 4103 peritis
1125 4051 1142 4093 ς
1229 4035 1260 4085 ll
1280 4034 1455 4084 elimautorum

171 4124 257 4159 corum
275 4109 408 4158 fluminum
426 4108 452 4156 F
536 4109 568 4159 la
585 4110 691 4161 athenae
711 4110 805 4159 latebre
823 4124 911 4173 cymae
927 4109 953 4158 P
1031 4109 1144 4157 micenae
1157 4105 1289 4156 attellanae
1306 4105 1454 4171 grauisceas

171 4179 321 4229 crustumari
341 4193 414 4228 cosae
432 4178 518 4244 arpiae
536 4181 661 4244 poteoiiae
676 4188 746 4230 ostes
759 4180 785 4229 F
796 4180 912 4243 mysiuse
926 4177 1069 4228 athellenae
1081 4177 1215 4243 graiussse
1230 4184 1373 4240 crustumas
1387 4175 1455 4223 rico·

171 4264 216 4299 sae
233 4250 302 4314 carpi
322 4249 418 4313 puteoli
436 4249 502 4297 ostia
520 4263 546 4305 ς.
566 4250 668 4299 Abellae
690 4249 758 4298 inter
774 4253 890 4314 mepta
910 4250 1028 4298 neaeman
1049 4247 1181 4297 dameam
1203 4259 1301 4308 seraper
1321 4245 1455 4308 plaralr'mu

170 4321 263 4384 tegitur
281 4319 379 4368 Charis.
397 4333 424 4380 p.
444 4317 523 4376 3b,8
593 4319 626 4370 16
639 4319 685 4368 sed
703 4335 749 4370 om.
765 4320 791 4368 P
856 4318 889 4368 21
909 4318 1001 4367 dicitur
1015 4326 1098 4367 tamen
1115 4314 1220 4365 licamen
1238 4317 1272 4374 P,
1286 4328 1333 4364 om,
1352 4313 1398 4367 ἲς

171 4391 207 4439 22
224 4389 326 4439 licentia
344 4388 518 4454 largienterP
584 4389 711 4439 frumenta
728 4403 775 4441 om.
791 4389 815 4437 F
817 4403 835 4445 ς
904 4387 1109 4438 centaretum
1127 4400 1190 4435 usus
1207 4384 1302 4449 recepit
1315 4381 1414 4446 decepit
1431 4378 1457 4428 P

172 4461 232 4508 nina
247 4458 310 4508 baec
332 4459 406 4508 ctiam
426 4473 486 4507 usus
505 4459 595 4524 recipit
613 4460 661 4516 rs
747 4474 804 4509 nam
825 4458 886 4509 uina
908 4455 972 4505 choa
993 4455 1102 4504 dicimus
1119 4463 1144 4505 et
1160 4455 1306 4507 massicus
1322 4464 1380 4499 nam
1397 4450 1454 4498 uina

172 4529 280 4578 dicimus
302 4529 425 4578 massaica
444 4529 469 4577 P
485 4544 543 4576 nam
562 4530 620 4578 uina
638 4529 791 4579 condicimus
809 4536 833 4576 et
851 4527 958 4577 mustias
979 4524 1063 4587 (corr,
1081 4525 1203 4575 mustacia
1218 4524 1246 4586 s)
1264 4523 1291 4572 F
1316 4534 1373 4569 nam
1395 4519 1455 4567 uina

172 4606 197 4647 et
217 4601 341 4648 mustacis
358 4608 383 4647 et
402 4600 510 4647 massica
529 4600 638 4649 dicimus
654 4615 672 4664 g
689 4614 748 4648 nam
763 4598 823 4646 uina
840 4595 904 4646 caia
922 4595 1030 4645 dicimus
1045 4602 1070 4643 et
1082 4594 1157 4642 mella
1169 4593 1253 4644 Attica
1272 4591 1457 4640 heumannus

241 4668 275 4719 26
293 4669 364 4718 labes
379 4670 424 4734 pix
440 4684 491 4734 pax
504 4685 523 4733 g
591 4669 624 4719 at
642 4665 754 4735 laeuum]
778 4666 877 4716 frenum
896 4665 922 4714 P
989 4661 1077 4732 letum]
1095 4663 1174 4713 lutum
1195 4676 1212 4718 ς
1282 4659 1316 4710 28
1333 4658 1381 4708 hoc
1395 4672 1458 4725 poc·

172 4753 233 4786 num
251 4740 277 4787 F
358 4740 461 4788 nomina
480 4742 577 4788 numeri
595 4738 621 4788 P
704 4739 738 4790 29
756 4737 825 4802 quod
841 4736 868 4785 in
886 4746 993 4799 utroque
1012 4734 1097 4785 delicit
1114 4747 1218 4783 numero
1235 4738 1262 4779 ut
1279 4730 1330 4779 duo
1350 4727 1456 4792 Pquod

171 4806 264 4872 plurali
290 4809 355 4858 reive
376 4809 470 4859 deiecit
487 4809 578 4860 numfo
601 4803 697 4858 tantum
717 4816 744 4858 ut
762 4808 813 4857 duo
832 4807 858 4857 F
878 4805 946 4870 quod
964 4804 1056 4871 plurali
1078 4818 1183 4853 numero
1205 4800 1290 4851 delicit
1307 4806 1404 4848 tantum
1430 4805 1458 4847 nt

171 4878 223 4927 uuo
239 4892 256 4933 ς

1187 4953 1255 5020 28*
