<?xml version="1.0" encoding="UTF-8"?>
<!DOCTYPE html PUBLIC "-//W3C//DTD XHTML 1.0 Transitional//EN"
    "http://www.w3.org/TR/xhtml1/DTD/xhtml1-transitional.dtd">
<html xmlns="http://www.w3.org/1999/xhtml" xml:lang="en" lang="en">
 <head>
  <title>
</title>
<meta http-equiv="Content-Type" content="text/html;charset=utf-8" />
  <meta name='ocr-system' content='tesseract 3.04.00' />
  <meta name='ocr-capabilities' content='ocr_page ocr_carea ocr_par ocr_line ocrx_word'/>
</head>
<body>
  <div class='ocr_page' id='page_1' title='image "./grammaticilatin03keilgoog_0233.png"; bbox 0 0 3346 5498; ppageno 0'>
   <div class='ocr_carea' id='block_1_1' title="bbox 233 333 996 421">
    <p class='ocr_par' dir='ltr' id='par_1_1' title="bbox 233 333 996 421">
     <span class='ocr_line' id='line_1_1' title="bbox 233 333 996 421; baseline -0.004 -23"><span class='ocrx_word' id='word_1_1' title='bbox 233 414 237 421; x_wconf 20' lang='grc' dir='ltr'>Ι</span> <span class='ocrx_word' id='word_1_2' title='bbox 276 333 340 398; x_wconf 82' lang='lat'><strong>220</strong></span> <span class='ocrx_word' id='word_1_3' title='bbox 844 334 996 396; x_wconf 87' lang='lat' dir='ltr'><strong>rourur</strong></span> 
     </span>
    </p>
   </div>
   <div class='ocr_carea' id='block_1_2' title="bbox 276 443 1647 614">
    <p class='ocr_par' dir='ltr' id='par_1_2' title="bbox 276 443 1647 614">
     <span class='ocr_line' id='line_1_2' title="bbox 302 443 463 497; baseline -0.019 -12"><span class='ocrx_word' id='word_1_4' title='bbox 302 456 324 497; x_wconf 82' lang='lat' dir='ltr'><strong>p.</strong></span> <span class='ocrx_word' id='word_1_5' title='bbox 338 446 428 485; x_wconf 79' lang='lat' dir='ltr'><strong>ara-ao</strong></span> <span class='ocrx_word' id='word_1_6' title='bbox 441 443 463 483; x_wconf 84' lang='grc' dir='ltr'><strong>ι.</strong></span> 
     </span>
     <span class='ocr_line' id='line_1_3' title="bbox 276 520 1647 614; baseline -0.004 -30"><span class='ocrx_word' id='word_1_7' title='bbox 276 525 433 604; x_wconf 89' lang='lat' dir='ltr'><strong>participio</strong></span> <span class='ocrx_word' id='word_1_8' title='bbox 460 522 573 593; x_wconf 86' lang='lat' dir='ltr'><strong>loturo,</strong></span> <span class='ocrx_word' id='word_1_9' title='bbox 608 541 695 583; x_wconf 91' lang='lat' dir='ltr'><strong>nemo</strong></span> <span class='ocrx_word' id='word_1_10' title='bbox 722 521 793 582; x_wconf 89' lang='lat' dir='ltr'><strong>dicit</strong></span> <span class='ocrx_word' id='word_1_11' title='bbox 820 520 1019 583; x_wconf 88' lang='lat' dir='ltr'><strong>calesciturus.</strong></span> <span class='ocrx_word' id='word_1_12' title='bbox 1070 538 1127 598; x_wconf 88' lang='lat' dir='ltr'><strong>qua</strong></span> <span class='ocrx_word' id='word_1_13' title='bbox 1155 523 1269 583; x_wconf 82' lang='lat' dir='ltr'><strong>ratione</strong></span> <span class='ocrx_word' id='word_1_14' title='bbox 1297 526 1380 582; x_wconf 85' lang='lat' dir='ltr'><strong>caret</strong></span> <span class='ocrx_word' id='word_1_15' title='bbox 1408 520 1565 600; x_wconf 87' lang='lat' dir='ltr'><strong>participio</strong></span> <span class='ocrx_word' id='word_1_16' title='bbox 1642 606 1647 614; x_wconf 26' lang='lat'><strong>·</strong></span> 
     </span>
    </p>
   </div>
   <div class='ocr_carea' id='block_1_3' title="bbox 158 620 1611 4170">
    <p class='ocr_par' dir='ltr' id='par_1_3' title="bbox 276 620 1595 1419">
     <span class='ocr_line' id='line_1_4' title="bbox 277 620 1565 704; baseline -0.003 -18"><span class='ocrx_word' id='word_1_17' title='bbox 277 626 370 686; x_wconf 89' lang='lat' dir='ltr'><strong>luturi</strong></span> <span class='ocrx_word' id='word_1_18' title='bbox 398 626 558 704; x_wconf 80' lang='lat' dir='ltr'><strong>temporis?</strong></span> <span class='ocrx_word' id='word_1_19' title='bbox 593 625 668 686; x_wconf 78' lang='lat' dir='ltr'><strong>liaeo</strong></span> <span class='ocrx_word' id='word_1_20' title='bbox 695 642 782 685; x_wconf 89' lang='lat' dir='ltr'><strong>causa</strong></span> <span class='ocrx_word' id='word_1_21' title='bbox 812 630 864 683; x_wconf 91' lang='lat' dir='ltr'><strong>est.</strong></span> <span class='ocrx_word' id='word_1_22' title='bbox 910 641 997 684; x_wconf 87' lang='lat' dir='ltr'><strong>omne</strong></span> <span class='ocrx_word' id='word_1_23' title='bbox 1025 624 1213 703; x_wconf 77' lang='lat' dir='ltr'><strong>participium</strong></span> <span class='ocrx_word' id='word_1_24' title='bbox 1242 623 1332 683; x_wconf 89' lang='lat' dir='ltr'><strong>lutari</strong></span> <span class='ocrx_word' id='word_1_25' title='bbox 1361 622 1502 702; x_wconf 87' lang='lat' dir='ltr'><strong>temporis</strong></span> <span class='ocrx_word' id='word_1_26' title='bbox 1528 620 1565 682; x_wconf 91' lang='lat' dir='ltr'><strong>ab</strong></span> 
     </span>
     <span class='ocr_line' id='line_1_5' title="bbox 277 721 1566 805; baseline -0.005 -15"><span class='ocrx_word' id='word_1_27' title='bbox 277 729 370 790; x_wconf 83' lang='lat' dir='ltr'><strong>activa</strong></span> <span class='ocrx_word' id='word_1_28' title='bbox 393 727 605 805; x_wconf 84' lang='lat' dir='ltr'><strong>significatione</strong></span> <span class='ocrx_word' id='word_1_29' title='bbox 628 728 772 805; x_wconf 82' lang='lat' dir='ltr'><strong>originem</strong></span> <span class='ocrx_word' id='word_1_30' title='bbox 795 724 876 785; x_wconf 89' lang='lat' dir='ltr'><strong>ducit</strong></span> <span class='ocrx_word' id='word_1_31' title='bbox 897 743 912 785; x_wconf 92' lang='lat' dir='ltr'><strong>a</strong></span> <span class='ocrx_word' id='word_1_32' title='bbox 935 725 1097 804; x_wconf 86' lang='lat' dir='ltr'><strong>praeterito</strong></span> <span class='ocrx_word' id='word_1_33' title='bbox 1119 726 1243 803; x_wconf 86' lang='lat' dir='ltr'><strong>passivo.</strong></span> <span class='ocrx_word' id='word_1_34' title='bbox 1274 731 1342 803; x_wconf 91' lang='lat' dir='ltr'><strong>puta</strong></span> <span class='ocrx_word' id='word_1_35' title='bbox 1363 723 1472 794; x_wconf 88' lang='lat' dir='ltr'><strong>lectus,</strong></span> <span class='ocrx_word' id='word_1_36' title='bbox 1495 721 1566 785; x_wconf 90' lang='lat' dir='ltr'><strong>tolle</strong></span> 
     </span>
     <span class='ocr_line' id='line_1_6' title="bbox 276 825 1566 906; baseline -0.003 -16"><span class='ocrx_word' id='word_1_37' title='bbox 276 829 345 891; x_wconf 88' lang='lat' dir='ltr'><strong>inde</strong></span> <span class='ocrx_word' id='word_1_38' title='bbox 360 849 383 899; x_wconf 89' lang='lat' dir='ltr'><strong>s,</strong></span> <span class='ocrx_word' id='word_1_39' title='bbox 407 829 558 900; x_wconf 86' lang='lat' dir='ltr'><strong>adderes,</strong></span> <span class='ocrx_word' id='word_1_40' title='bbox 582 829 653 890; x_wconf 90' lang='lat' dir='ltr'><strong>lacit</strong></span> <span class='ocrx_word' id='word_1_41' title='bbox 667 828 813 888; x_wconf 89' lang='lat' dir='ltr'><strong>lecturus:</strong></span> <span class='ocrx_word' id='word_1_42' title='bbox 836 828 973 906; x_wconf 92' lang='lat' dir='ltr'><strong>scriptus,</strong></span> <span class='ocrx_word' id='word_1_43' title='bbox 990 825 1059 886; x_wconf 88' lang='lat' dir='ltr'><strong>tolle</strong></span> <span class='ocrx_word' id='word_1_44' title='bbox 1081 825 1151 887; x_wconf 84' lang='lat' dir='ltr'><strong>inde</strong></span> <span class='ocrx_word' id='word_1_45' title='bbox 1167 845 1190 897; x_wconf 90' lang='lat' dir='ltr'><strong>s,</strong></span> <span class='ocrx_word' id='word_1_46' title='bbox 1214 825 1289 887; x_wconf 89' lang='lat' dir='ltr'><strong>adde</strong></span> <span class='ocrx_word' id='word_1_47' title='bbox 1304 844 1364 896; x_wconf 92' lang='lat' dir='ltr'><strong>rus,</strong></span> <span class='ocrx_word' id='word_1_48' title='bbox 1388 826 1458 886; x_wconf 86' lang='lat' dir='ltr'><strong>lacit</strong></span> <span class='ocrx_word' id='word_1_49' title='bbox 1472 825 1566 905; x_wconf 86' lang='lat' dir='ltr'><strong>scrip·</strong></span> 
     </span>
     <span class='ocr_line' id='line_1_7' title="bbox 277 914 1595 1006; baseline -0.003 -14"><span class='ocrx_word' id='word_1_50' title='bbox 277 939 375 993; x_wconf 83' lang='lat' dir='ltr'><strong>turus:</strong></span> <span class='ocrx_word' id='word_1_51' title='bbox 405 933 538 1000; x_wconf 88' lang='lat' dir='ltr'><strong>auditus,</strong></span> <span class='ocrx_word' id='word_1_52' title='bbox 562 929 632 991; x_wconf 93' lang='lat' dir='ltr'><strong>tolle</strong></span> <span class='ocrx_word' id='word_1_53' title='bbox 653 929 722 991; x_wconf 90' lang='lat' dir='ltr'><strong>inde</strong></span> <span class='ocrx_word' id='word_1_54' title='bbox 744 948 766 1006; x_wconf 86' lang='lat' dir='ltr'><strong>s,</strong></span> <span class='ocrx_word' id='word_1_55' title='bbox 790 928 866 992; x_wconf 90' lang='lat' dir='ltr'><strong>adde</strong></span> <span class='ocrx_word' id='word_1_56' title='bbox 888 948 952 998; x_wconf 93' lang='lat' dir='ltr'><strong>rus,</strong></span> <span class='ocrx_word' id='word_1_57' title='bbox 979 914 1050 990; x_wconf 88' lang='lat' dir='ltr'><strong>lacit</strong></span> <span class='ocrx_word' id='word_1_58' title='bbox 1071 928 1234 990; x_wconf 78' lang='lat' dir='ltr'><strong>auditurus.</strong></span> <span class='ocrx_word' id='word_1_59' title='bbox 1280 945 1350 1006; x_wconf 85' lang='lat' dir='ltr'><strong>ergo</strong></span> <span class='ocrx_word' id='word_1_60' title='bbox 1372 927 1454 989; x_wconf 88' lang='lat' dir='ltr'><strong>rides</strong></span> <span class='ocrx_word' id='word_1_61' title='bbox 1475 928 1595 1006; x_wconf 78' lang='lat' dir='ltr'><strong>parti-⁵</strong></span> 
     </span>
     <span class='ocr_line' id='line_1_8' title="bbox 277 1016 1569 1114; baseline -0.003 -20"><span class='ocrx_word' id='word_1_62' title='bbox 277 1035 351 1114; x_wconf 88' lang='lat' dir='ltr'><strong>cipia</strong></span> <span class='ocrx_word' id='word_1_63' title='bbox 376 1034 469 1095; x_wconf 88' lang='lat' dir='ltr'><strong>loturi</strong></span> <span class='ocrx_word' id='word_1_64' title='bbox 489 1033 634 1111; x_wconf 89' lang='lat' dir='ltr'><strong>temporis</strong></span> <span class='ocrx_word' id='word_1_65' title='bbox 657 1032 857 1111; x_wconf 88' lang='lat' dir='ltr'><strong>apraeteritis</strong></span> <span class='ocrx_word' id='word_1_66' title='bbox 878 1031 1018 1110; x_wconf 85' lang='lat' dir='ltr'><strong>perlectis</strong></span> <span class='ocrx_word' id='word_1_67' title='bbox 1040 1031 1149 1090; x_wconf 86' lang='lat' dir='ltr'><strong>venire.</strong></span> <span class='ocrx_word' id='word_1_68' title='bbox 1194 1049 1261 1091; x_wconf 90' lang='lat' dir='ltr'><strong>oum</strong></span> <span class='ocrx_word' id='word_1_69' title='bbox 1284 1038 1382 1091; x_wconf 89' lang='lat' dir='ltr'><strong>autem</strong></span> <span class='ocrx_word' id='word_1_70' title='bbox 1405 1016 1569 1090; x_wconf 81' lang='lat' dir='ltr'><strong>dixerimus</strong></span> 
     </span>
     <span class='ocr_line' id='line_1_9' title="bbox 276 1130 1567 1215; baseline -0.004 -18"><span class='ocrx_word' id='word_1_71' title='bbox 276 1137 472 1215; x_wconf 87' lang='lat' dir='ltr'><strong>praeteritum</strong></span> <span class='ocrx_word' id='word_1_72' title='bbox 495 1134 662 1215; x_wconf 87' lang='lat' dir='ltr'><strong>perlectum</strong></span> <span class='ocrx_word' id='word_1_73' title='bbox 685 1152 744 1194; x_wconf 92' lang='lat' dir='ltr'><strong>non</strong></span> <span class='ocrx_word' id='word_1_74' title='bbox 767 1133 894 1193; x_wconf 88' lang='lat' dir='ltr'><strong>inveniri</strong></span> <span class='ocrx_word' id='word_1_75' title='bbox 916 1134 946 1193; x_wconf 92' lang='lat' dir='ltr'><strong>in</strong></span> <span class='ocrx_word' id='word_1_76' title='bbox 969 1133 1025 1193; x_wconf 89' lang='lat' dir='ltr'><strong>isto</strong></span> <span class='ocrx_word' id='word_1_77' title='bbox 1046 1131 1152 1202; x_wconf 86' lang='lat' dir='ltr'><strong>verbo,</strong></span> <span class='ocrx_word' id='word_1_78' title='bbox 1175 1133 1309 1212; x_wconf 88' lang='lat' dir='ltr'><strong>sequitur</strong></span> <span class='ocrx_word' id='word_1_79' title='bbox 1337 1130 1464 1193; x_wconf 92' lang='lat' dir='ltr'><strong>utillud</strong></span> <span class='ocrx_word' id='word_1_80' title='bbox 1487 1131 1567 1211; x_wconf 86' lang='lat' dir='ltr'><strong>quod</strong></span> 
     </span>
     <span class='ocr_line' id='line_1_10' title="bbox 277 1231 1571 1314; baseline -0.003 -16"><span class='ocrx_word' id='word_1_81' title='bbox 277 1237 346 1298; x_wconf 90' lang='lat' dir='ltr'><strong>inde</strong></span> <span class='ocrx_word' id='word_1_82' title='bbox 374 1238 506 1297; x_wconf 89' lang='lat' dir='ltr'><strong>nascitur</strong></span> <span class='ocrx_word' id='word_1_83' title='bbox 534 1254 592 1296; x_wconf 93' lang='lat' dir='ltr'><strong>non</strong></span> <span class='ocrx_word' id='word_1_84' title='bbox 620 1236 795 1296; x_wconf 89' lang='lat' dir='ltr'><strong>inveniatur.</strong></span> <span class='ocrx_word' id='word_1_85' title='bbox 840 1234 913 1295; x_wconf 86' lang='lat' dir='ltr'><strong>haec</strong></span> <span class='ocrx_word' id='word_1_86' title='bbox 941 1253 1027 1295; x_wconf 90' lang='lat' dir='ltr'><strong>causa</strong></span> <span class='ocrx_word' id='word_1_87' title='bbox 1058 1233 1127 1294; x_wconf 88' lang='lat' dir='ltr'><strong>lacit</strong></span> <span class='ocrx_word' id='word_1_88' title='bbox 1153 1241 1185 1294; x_wconf 94' lang='lat' dir='ltr'><strong>ut</strong></span> <span class='ocrx_word' id='word_1_89' title='bbox 1211 1252 1270 1294; x_wconf 91' lang='lat' dir='ltr'><strong>noo</strong></span> <span class='ocrx_word' id='word_1_90' title='bbox 1296 1231 1300 1314; x_wconf 84' lang='grc' dir='ltr'>Ι</span> <span class='ocrx_word' id='word_1_91' title='bbox 1324 1234 1416 1312; x_wconf 90' lang='lat' dir='ltr'><strong>possit</strong></span> <span class='ocrx_word' id='word_1_92' title='bbox 1442 1233 1571 1294; x_wconf 85' lang='lat' dir='ltr'><strong>inveniri</strong></span> 
     </span>
     <span class='ocr_line' id='line_1_11' title="bbox 277 1333 1393 1419; baseline -0.005 -18"><span class='ocrx_word' id='word_1_93' title='bbox 277 1340 335 1401; x_wconf 90' lang='lat' dir='ltr'><strong>hoo</strong></span> <span class='ocrx_word' id='word_1_94' title='bbox 357 1340 546 1419; x_wconf 89' lang='lat' dir='ltr'><strong>participium</strong></span> <span class='ocrx_word' id='word_1_95' title='bbox 570 1337 661 1398; x_wconf 91' lang='lat' dir='ltr'><strong>iuturi</strong></span> <span class='ocrx_word' id='word_1_96' title='bbox 683 1337 835 1415; x_wconf 89' lang='lat' dir='ltr'><strong>temporis.</strong></span> <span class='ocrx_word' id='word_1_97' title='bbox 880 1338 936 1397; x_wconf 89' lang='lat' dir='ltr'><strong>ista</strong></span> <span class='ocrx_word' id='word_1_98' title='bbox 960 1343 1005 1397; x_wconf 91' lang='lat' dir='ltr'><strong>est</strong></span> <span class='ocrx_word' id='word_1_99' title='bbox 1026 1334 1128 1414; x_wconf 79' lang='lat' dir='ltr'><strong>regula</strong></span> <span class='ocrx_word' id='word_1_100' title='bbox 1151 1333 1393 1396; x_wconf 84' lang='lat' dir='ltr'><strong>inclroatirorum.</strong></span> 
     </span>
    </p>

    <p class='ocr_par' dir='ltr' id='par_1_4' title="bbox 158 1422 1610 1518">
     <span class='ocr_line' id='line_1_12' title="bbox 158 1422 1610 1518; baseline -0.003 -15"><span class='ocrx_word' id='word_1_101' title='bbox 158 1457 217 1517; x_wconf 76' lang='lat'><strong>413,</strong></span> <span class='ocrx_word' id='word_1_102' title='bbox 233 1455 264 1505; x_wconf 87' lang='grc' dir='ltr'><strong>ιι)</strong></span> <span class='ocrx_word' id='word_1_103' title='bbox 360 1441 495 1501; x_wconf 78' lang='lat' dir='ltr'><strong>Perfecta</strong></span> <span class='ocrx_word' id='word_1_104' title='bbox 511 1439 612 1518; x_wconf 85' lang='lat' dir='ltr'><strong>regula</strong></span> <span class='ocrx_word' id='word_1_105' title='bbox 630 1445 682 1509; x_wconf 90' lang='lat' dir='ltr'><strong>est,</strong></span> <span class='ocrx_word' id='word_1_106' title='bbox 706 1438 755 1500; x_wconf 79' lang='lat' dir='ltr'><strong>uiri</strong></span> <span class='ocrx_word' id='word_1_107' title='bbox 772 1438 878 1518; x_wconf 89' lang='lat' dir='ltr'><strong>plenus</strong></span> <span class='ocrx_word' id='word_1_108' title='bbox 893 1446 940 1499; x_wconf 90' lang='lat' dir='ltr'><strong>est</strong></span> <span class='ocrx_word' id='word_1_109' title='bbox 961 1422 1075 1507; x_wconf 91' lang='lat' dir='ltr'><strong>sensus,</strong></span> <span class='ocrx_word' id='word_1_110' title='bbox 1093 1444 1124 1497; x_wconf 93' lang='lat' dir='ltr'><strong>ut</strong></span> <span class='ocrx_word' id='word_1_111' title='bbox 1139 1438 1164 1499; x_wconf 90' lang='lat' dir='ltr'><strong>si</strong></span> <span class='ocrx_word' id='word_1_112' title='bbox 1179 1436 1260 1496; x_wconf 92' lang='lat' dir='ltr'><strong>dicas</strong></span> <span class='ocrx_word' id='word_1_113' title='bbox 1275 1435 1342 1515; x_wconf 81' lang='lat' dir='ltr'><strong>lego</strong></span> <span class='ocrx_word' id='word_1_114' title='bbox 1363 1436 1462 1498; x_wconf 83' lang='lat' dir='ltr'><strong>scribo</strong></span> <span class='ocrx_word' id='word_1_115' title='bbox 1477 1455 1568 1498; x_wconf 89' lang='lat' dir='ltr'><strong>curro</strong></span> <span class='ocrx_word' id='word_1_116' title='bbox 1584 1452 1610 1492; x_wconf 80' lang='grc' dir='ltr'><strong>ιε</strong></span> 
     </span>
    </p>

    <p class='ocr_par' dir='ltr' id='par_1_5' title="bbox 158 1523 1611 4170">
     <span class='ocr_line' id='line_1_13' title="bbox 158 1523 1569 1622; baseline -0.004 -18"><span class='ocrx_word' id='word_1_117' title='bbox 158 1526 217 1586; x_wconf 75' lang='lat'><strong>⁵⁰⁰‘</strong></span> <span class='ocrx_word' id='word_1_118' title='bbox 233 1525 265 1573; x_wconf 81' lang='lat'><strong>14</strong></span> <span class='ocrx_word' id='word_1_119' title='bbox 276 1542 460 1622; x_wconf 87' lang='lat' dir='ltr'><strong>simpliciter.</strong></span> <span class='ocrx_word' id='word_1_120' title='bbox 487 1523 699 1621; x_wconf 82' lang='lat' dir='ltr'><strong>frequentativa</strong></span> <span class='ocrx_word' id='word_1_121' title='bbox 716 1548 768 1616; x_wconf 83' lang='lat' dir='ltr'><strong>cst,</strong></span> <span class='ocrx_word' id='word_1_122' title='bbox 786 1539 837 1600; x_wconf 87' lang='lat' dir='ltr'><strong>ubi</strong></span> <span class='ocrx_word' id='word_1_123' title='bbox 852 1559 940 1619; x_wconf 81' lang='lat' dir='ltr'>saepe</span> <span class='ocrx_word' id='word_1_124' title='bbox 957 1559 1011 1601; x_wconf 93' lang='lat' dir='ltr'><strong>nos</strong></span> <span class='ocrx_word' id='word_1_125' title='bbox 1026 1538 1135 1620; x_wconf 88' lang='lat' dir='ltr'><strong>aliquid</strong></span> <span class='ocrx_word' id='word_1_126' title='bbox 1152 1539 1249 1600; x_wconf 88' lang='lat' dir='ltr'><strong>lacere</strong></span> <span class='ocrx_word' id='word_1_127' title='bbox 1264 1538 1457 1610; x_wconf 77' lang='lat' dir='ltr'><strong>ostendimus,</strong></span> <span class='ocrx_word' id='word_1_128' title='bbox 1476 1546 1508 1599; x_wconf 85' lang='lat' dir='ltr'><strong>ut</strong></span> <span class='ocrx_word' id='word_1_129' title='bbox 1523 1547 1569 1600; x_wconf 88' lang='lat' dir='ltr'><strong>est</strong></span> 
     </span>
     <span class='ocr_line' id='line_1_14' title="bbox 277 1641 1567 1722; baseline -0.002 -17"><span class='ocrx_word' id='word_1_130' title='bbox 277 1644 386 1714; x_wconf 87' lang='lat' dir='ltr'><strong>lectito,</strong></span> <span class='ocrx_word' id='word_1_131' title='bbox 409 1643 438 1704; x_wconf 90' lang='lat' dir='ltr'><strong>id</strong></span> <span class='ocrx_word' id='word_1_132' title='bbox 455 1652 500 1704; x_wconf 94' lang='grc' dir='ltr'><strong>εει</strong></span> <span class='ocrx_word' id='word_1_133' title='bbox 514 1661 603 1722; x_wconf 89' lang='lat' dir='ltr'><strong>saepe</strong></span> <span class='ocrx_word' id='word_1_134' title='bbox 619 1641 694 1721; x_wconf 78' lang='lat' dir='ltr'><strong>lego,</strong></span> <span class='ocrx_word' id='word_1_135' title='bbox 718 1643 860 1720; x_wconf 89' lang='lat' dir='ltr'><strong>scriptito,</strong></span> <span class='ocrx_word' id='word_1_136' title='bbox 877 1642 905 1702; x_wconf 94' lang='lat' dir='ltr'><strong>id</strong></span> <span class='ocrx_word' id='word_1_137' title='bbox 922 1649 967 1703; x_wconf 90' lang='lat' dir='ltr'><strong>est</strong></span> <span class='ocrx_word' id='word_1_138' title='bbox 981 1660 1070 1721; x_wconf 88' lang='lat' dir='ltr'><strong>saepe</strong></span> <span class='ocrx_word' id='word_1_139' title='bbox 1085 1641 1192 1710; x_wconf 87' lang='lat' dir='ltr'><strong>scribo,</strong></span> <span class='ocrx_word' id='word_1_140' title='bbox 1216 1643 1335 1712; x_wconf 78' lang='lat' dir='ltr'><strong>causito,</strong></span> <span class='ocrx_word' id='word_1_141' title='bbox 1352 1659 1440 1721; x_wconf 80' lang='lat' dir='ltr'>saepe</span> <span class='ocrx_word' id='word_1_142' title='bbox 1467 1659 1567 1703; x_wconf 88' lang='lat' dir='ltr'><strong>curro.</strong></span> 
     </span>
     <span class='ocr_line' id='line_1_15' title="bbox 276 1743 1567 1826; baseline -0.003 -18"><span class='ocrx_word' id='word_1_143' title='bbox 276 1746 489 1826; x_wconf 79' lang='lat' dir='ltr'><strong>frequentativa</strong></span> <span class='ocrx_word' id='word_1_144' title='bbox 505 1744 594 1806; x_wconf 88' lang='lat' dir='ltr'><strong>rerba</strong></span> <span class='ocrx_word' id='word_1_145' title='bbox 611 1752 679 1805; x_wconf 92' lang='lat' dir='ltr'><strong>sunt</strong></span> <span class='ocrx_word' id='word_1_146' title='bbox 693 1747 759 1805; x_wconf 91' lang='lat' dir='ltr'><strong>ista.</strong></span> <span class='ocrx_word' id='word_1_147' title='bbox 791 1745 821 1804; x_wconf 90' lang='lat' dir='ltr'><strong>in</strong></span> <span class='ocrx_word' id='word_1_148' title='bbox 837 1744 884 1804; x_wconf 88' lang='lat' dir='ltr'><strong>lris</strong></span> <span class='ocrx_word' id='word_1_149' title='bbox 899 1744 1121 1821; x_wconf 76' lang='lat' dir='ltr'><strong>frequentatiris</strong></span> <span class='ocrx_word' id='word_1_150' title='bbox 1137 1743 1211 1803; x_wconf 82' lang='lat' dir='ltr'><strong>dixit</strong></span> <span class='ocrx_word' id='word_1_151' title='bbox 1225 1762 1313 1803; x_wconf 87' lang='lat' dir='ltr'><strong>unam</strong></span> <span class='ocrx_word' id='word_1_152' title='bbox 1329 1762 1393 1804; x_wconf 89' lang='lat' dir='ltr'><strong>rem</strong></span> <span class='ocrx_word' id='word_1_153' title='bbox 1415 1743 1567 1824; x_wconf 88' lang='lat' dir='ltr'><strong>optimam,</strong></span> 
     </span>
     <span class='ocr_line' id='line_1_16' title="bbox 278 1844 1567 1925; baseline -0.002 -17"><span class='ocrx_word' id='word_1_154' title='bbox 278 1847 410 1909; x_wconf 93' lang='lat' dir='ltr'><strong>sednon</strong></span> <span class='ocrx_word' id='word_1_155' title='bbox 435 1849 558 1912; x_wconf 83' lang='lat' dir='ltr'><strong>firmam.</strong></span> <span class='ocrx_word' id='word_1_156' title='bbox 582 1849 692 1908; x_wconf 88' lang='lat' dir='ltr'><strong>scimus</strong></span> <span class='ocrx_word' id='word_1_157' title='bbox 714 1849 853 1925; x_wconf 85' lang='lat' dir='ltr'><strong>quonlam</strong></span> <span class='ocrx_word' id='word_1_158' title='bbox 877 1847 956 1906; x_wconf 87' lang='lat' dir='ltr'><strong>norit</strong></span> <span class='ocrx_word' id='word_1_159' title='bbox 979 1856 1008 1906; x_wconf 89' lang='lat' dir='ltr'><strong>et</strong></span> <span class='ocrx_word' id='word_1_160' title='bbox 1029 1844 1181 1915; x_wconf 80' lang='lat' dir='ltr'><strong>intellexit,</strong></span> <span class='ocrx_word' id='word_1_161' title='bbox 1206 1845 1257 1906; x_wconf 91' lang='lat' dir='ltr'><strong>sed</strong></span> <span class='ocrx_word' id='word_1_162' title='bbox 1281 1846 1394 1918; x_wconf 88' lang='lat' dir='ltr'><strong>nonita</strong></span> <span class='ocrx_word' id='word_1_163' title='bbox 1412 1847 1567 1924; x_wconf 85' lang='lat' dir='ltr'><strong>expressit,</strong></span> 
     </span>
     <span class='ocr_line' id='line_1_17' title="bbox 277 1948 1607 2028; baseline 0.001 -20"><span class='ocrx_word' id='word_1_164' title='bbox 277 1950 416 2028; x_wconf 84' lang='lat' dir='ltr'><strong>quemad</strong></span> <span class='ocrx_word' id='word_1_165' title='bbox 440 1949 559 2010; x_wconf 91' lang='lat' dir='ltr'><strong>modum</strong></span> <span class='ocrx_word' id='word_1_166' title='bbox 582 1949 691 2010; x_wconf 88' lang='lat' dir='ltr'><strong>debuit.</strong></span> <span class='ocrx_word' id='word_1_167' title='bbox 723 1951 764 2010; x_wconf 90' lang='lat' dir='ltr'><strong>ait</strong></span> <span class='ocrx_word' id='word_1_168' title='bbox 785 1950 835 2017; x_wconf 88' lang='lat' dir='ltr'><strong>sic,</strong></span> <span class='ocrx_word' id='word_1_169' title='bbox 860 1968 962 2010; x_wconf 92' lang='lat' dir='ltr'><strong>omnes</strong></span> <span class='ocrx_word' id='word_1_170' title='bbox 983 1949 1094 2009; x_wconf 90' lang='lat' dir='ltr'><strong>lormas</strong></span> <span class='ocrx_word' id='word_1_171' title='bbox 1114 1949 1346 2026; x_wconf 77' lang='lat' dir='ltr'><strong>frequentatiras</strong></span> <span class='ocrx_word' id='word_1_172' title='bbox 1367 1948 1480 2028; x_wconf 88' lang='lat' dir='ltr'><strong>primae</strong></span> <span class='ocrx_word' id='word_1_173' title='bbox 1503 1959 1607 2009; x_wconf 79' lang='lat' dir='ltr'><strong>esse1⁵</strong></span> 
     </span>
     <span class='ocr_line' id='line_1_18' title="bbox 281 2049 1594 2130; baseline -0.002 -19"><span class='ocrx_word' id='word_1_174' title='bbox 281 2052 506 2129; x_wconf 83' lang='lat' dir='ltr'><strong>coniugationls,</strong></span> <span class='ocrx_word' id='word_1_175' title='bbox 531 2060 563 2112; x_wconf 89' lang='grc' dir='ltr'><strong>ιιι</strong></span> <span class='ocrx_word' id='word_1_176' title='bbox 586 2062 631 2111; x_wconf 87' lang='grc' dir='ltr'><strong>εει</strong></span> <span class='ocrx_word' id='word_1_177' title='bbox 652 2051 752 2113; x_wconf 87' lang='lat' dir='ltr'><strong>lectito</strong></span> <span class='ocrx_word' id='word_1_178' title='bbox 767 2049 889 2120; x_wconf 88' lang='lat' dir='ltr'><strong>lectitas,</strong></span> <span class='ocrx_word' id='word_1_179' title='bbox 914 2051 1048 2128; x_wconf 90' lang='lat' dir='ltr'><strong>scriptito</strong></span> <span class='ocrx_word' id='word_1_180' title='bbox 1064 2052 1219 2130; x_wconf 85' lang='lat' dir='ltr'><strong>scriptitas.</strong></span> <span class='ocrx_word' id='word_1_181' title='bbox 1252 2068 1351 2110; x_wconf 88' lang='lat' dir='ltr'><strong>rernm</strong></span> <span class='ocrx_word' id='word_1_182' title='bbox 1368 2057 1414 2110; x_wconf 87' lang='lat' dir='ltr'><strong>est</strong></span> <span class='ocrx_word' id='word_1_183' title='bbox 1429 2051 1567 2127; x_wconf 89' lang='lat' dir='ltr'><strong>quoniam</strong></span> <span class='ocrx_word' id='word_1_184' title='bbox 1589 2102 1594 2108; x_wconf 91' lang='lat'>.</span> 
     </span>
     <span class='ocr_line' id='line_1_19' title="bbox 276 2150 1567 2232; baseline -0.001 -18"><span class='ocrx_word' id='word_1_185' title='bbox 276 2155 372 2214; x_wconf 88' lang='lat' dir='ltr'><strong>omnis</strong></span> <span class='ocrx_word' id='word_1_186' title='bbox 395 2153 488 2213; x_wconf 90' lang='lat' dir='ltr'><strong>iorma</strong></span> <span class='ocrx_word' id='word_1_187' title='bbox 511 2154 725 2232; x_wconf 86' lang='lat' dir='ltr'><strong>lrcquentatira</strong></span> <span class='ocrx_word' id='word_1_188' title='bbox 746 2153 860 2232; x_wconf 81' lang='lat' dir='ltr'><strong>primae</strong></span> <span class='ocrx_word' id='word_1_189' title='bbox 876 2154 1092 2231; x_wconf 82' lang='lat' dir='ltr'><strong>coniugationis</strong></span> <span class='ocrx_word' id='word_1_190' title='bbox 1108 2159 1164 2221; x_wconf 90' lang='lat' dir='ltr'><strong>est;</strong></span> <span class='ocrx_word' id='word_1_191' title='bbox 1189 2162 1219 2212; x_wconf 90' lang='lat' dir='ltr'><strong>et</strong></span> <span class='ocrx_word' id='word_1_192' title='bbox 1240 2152 1315 2212; x_wconf 91' lang='lat' dir='ltr'><strong>adde</strong></span> <span class='ocrx_word' id='word_1_193' title='bbox 1337 2150 1418 2222; x_wconf 91' lang='lat' dir='ltr'><strong>illud,</strong></span> <span class='ocrx_word' id='word_1_194' title='bbox 1443 2154 1468 2212; x_wconf 92' lang='lat' dir='ltr'><strong>si</strong></span> <span class='ocrx_word' id='word_1_195' title='bbox 1483 2154 1513 2213; x_wconf 91' lang='lat' dir='ltr'><strong>in</strong></span> <span class='ocrx_word' id='word_1_196' title='bbox 1537 2160 1567 2213; x_wconf 92' lang='lat' dir='ltr'><strong>to</strong></span> 
     </span>
     <span class='ocr_line' id='line_1_20' title="bbox 277 2252 1567 2334; baseline 0 -19"><span class='ocrx_word' id='word_1_197' title='bbox 277 2263 369 2326; x_wconf 85' lang='lat' dir='ltr'><strong>exeat,</strong></span> <span class='ocrx_word' id='word_1_198' title='bbox 393 2256 527 2334; x_wconf 86' lang='lat' dir='ltr'><strong>scriptito</strong></span> <span class='ocrx_word' id='word_1_199' title='bbox 543 2256 701 2334; x_wconf 86' lang='lat' dir='ltr'><strong>scriptitas,</strong></span> <span class='ocrx_word' id='word_1_200' title='bbox 719 2254 818 2316; x_wconf 89' lang='lat' dir='ltr'><strong>lectito</strong></span> <span class='ocrx_word' id='word_1_201' title='bbox 834 2252 957 2323; x_wconf 88' lang='lat' dir='ltr'><strong>lectitas,</strong></span> <span class='ocrx_word' id='word_1_202' title='bbox 973 2256 1083 2314; x_wconf 83' lang='lat' dir='ltr'><strong>crusito</strong></span> <span class='ocrx_word' id='word_1_203' title='bbox 1099 2256 1232 2315; x_wconf 87' lang='lat' dir='ltr'><strong>cursitas.</strong></span> <span class='ocrx_word' id='word_1_204' title='bbox 1263 2256 1288 2315; x_wconf 89' lang='lat' dir='ltr'><strong>si</strong></span> <span class='ocrx_word' id='word_1_205' title='bbox 1304 2255 1382 2315; x_wconf 81' lang='lat' dir='ltr'><strong>eninr</strong></span> <span class='ocrx_word' id='word_1_206' title='bbox 1398 2254 1567 2334; x_wconf 73' lang='lat' dir='ltr'><strong>frequenta·</strong></span> 
     </span>
     <span class='ocr_line' id='line_1_21' title="bbox 277 2356 1567 2434; baseline 0 -17"><span class='ocrx_word' id='word_1_207' title='bbox 277 2358 332 2418; x_wconf 91' lang='lat' dir='ltr'><strong>tira</strong></span> <span class='ocrx_word' id='word_1_208' title='bbox 349 2357 443 2417; x_wconf 86' lang='lat' dir='ltr'><strong>lorrna</strong></span> <span class='ocrx_word' id='word_1_209' title='bbox 459 2358 548 2417; x_wconf 87' lang='lat' dir='ltr'><strong>luerit</strong></span> <span class='ocrx_word' id='word_1_210' title='bbox 565 2367 594 2416; x_wconf 90' lang='lat' dir='ltr'><strong>et</strong></span> <span class='ocrx_word' id='word_1_211' title='bbox 607 2376 666 2417; x_wconf 93' lang='lat' dir='ltr'><strong>non</strong></span> <span class='ocrx_word' id='word_1_212' title='bbox 682 2358 712 2417; x_wconf 90' lang='lat' dir='ltr'><strong>in</strong></span> <span class='ocrx_word' id='word_1_213' title='bbox 729 2365 758 2416; x_wconf 93' lang='lat' dir='ltr'><strong>to</strong></span> <span class='ocrx_word' id='word_1_214' title='bbox 774 2358 887 2426; x_wconf 86' lang='lat' dir='ltr'><strong>exierit,</strong></span> <span class='ocrx_word' id='word_1_215' title='bbox 905 2356 957 2416; x_wconf 89' lang='lat' dir='ltr'><strong>sed</strong></span> <span class='ocrx_word' id='word_1_216' title='bbox 974 2356 1069 2425; x_wconf 89' lang='lat' dir='ltr'><strong>aliter,</strong></span> <span class='ocrx_word' id='word_1_217' title='bbox 1086 2357 1143 2416; x_wconf 90' lang='lat' dir='ltr'><strong>iam</strong></span> <span class='ocrx_word' id='word_1_218' title='bbox 1160 2356 1304 2418; x_wconf 89' lang='lat' dir='ltr'><strong>recedita</strong></span> <span class='ocrx_word' id='word_1_219' title='bbox 1321 2356 1431 2434; x_wconf 85' lang='lat' dir='ltr'><strong>regula.</strong></span> <span class='ocrx_word' id='word_1_220' title='bbox 1454 2356 1567 2418; x_wconf 82' lang='lat' dir='ltr'><strong>lacesso</strong></span> 
     </span>
     <span class='ocr_line' id='line_1_22' title="bbox 276 2457 1606 2537; baseline 0.002 -19"><span class='ocrx_word' id='word_1_221' title='bbox 276 2477 335 2519; x_wconf 94' lang='lat' dir='ltr'><strong>non</strong></span> <span class='ocrx_word' id='word_1_222' title='bbox 358 2458 428 2518; x_wconf 88' lang='lat' dir='ltr'><strong>lacit</strong></span> <span class='ocrx_word' id='word_1_223' title='bbox 449 2457 583 2528; x_wconf 84' lang='lat' dir='ltr'><strong>lacessas,</strong></span> <span class='ocrx_word' id='word_1_224' title='bbox 607 2459 657 2519; x_wconf 90' lang='lat' dir='ltr'><strong>scd</strong></span> <span class='ocrx_word' id='word_1_225' title='bbox 682 2457 821 2520; x_wconf 75' lang='lat' dir='ltr'><strong>lacessis</strong></span> <span class='ocrx_word' id='word_1_226' title='bbox 848 2477 919 2537; x_wconf 80' lang='lat' dir='ltr'><strong>ergo</strong></span> <span class='ocrx_word' id='word_1_227' title='bbox 933 2465 1031 2537; x_wconf 88' lang='lat' dir='ltr'><strong>potest</strong></span> <span class='ocrx_word' id='word_1_228' title='bbox 1045 2457 1290 2536; x_wconf 80' lang='lat' dir='ltr'><strong>frequentativum</strong></span> <span class='ocrx_word' id='word_1_229' title='bbox 1307 2466 1337 2519; x_wconf 93' lang='lat' dir='ltr'><strong>ct</strong></span> <span class='ocrx_word' id='word_1_230' title='bbox 1350 2460 1380 2518; x_wconf 91' lang='lat' dir='ltr'><strong>in</strong></span> <span class='ocrx_word' id='word_1_231' title='bbox 1397 2465 1427 2519; x_wconf 93' lang='lat' dir='ltr'><strong>to</strong></span> <span class='ocrx_word' id='word_1_232' title='bbox 1443 2466 1473 2520; x_wconf 90' lang='lat' dir='ltr'><strong>ct</strong></span> <span class='ocrx_word' id='word_1_233' title='bbox 1487 2461 1516 2520; x_wconf 93' lang='lat' dir='ltr'><strong>in</strong></span> <span class='ocrx_word' id='word_1_234' title='bbox 1533 2479 1567 2520; x_wconf 91' lang='lat' dir='ltr'><strong>so</strong></span> <span class='ocrx_word' id='word_1_235' title='bbox 1581 2474 1606 2513; x_wconf 79' lang='lat'><strong>2⁰</strong></span> 
     </span>
     <span class='ocr_line' id='line_1_23' title="bbox 277 2561 1567 2641; baseline 0.001 -20"><span class='ocrx_word' id='word_1_236' title='bbox 277 2561 368 2622; x_wconf 79' lang='lat' dir='ltr'><strong>exire.</strong></span> <span class='ocrx_word' id='word_1_237' title='bbox 391 2563 415 2620; x_wconf 88' lang='lat' dir='ltr'><strong>si</strong></span> <span class='ocrx_word' id='word_1_238' title='bbox 429 2570 528 2622; x_wconf 87' lang='lat' dir='ltr'><strong>autem</strong></span> <span class='ocrx_word' id='word_1_239' title='bbox 544 2562 791 2641; x_wconf 82' lang='lat' dir='ltr'><strong>frequentativum</strong></span> <span class='ocrx_word' id='word_1_240' title='bbox 808 2562 837 2621; x_wconf 91' lang='lat' dir='ltr'><strong>in</strong></span> <span class='ocrx_word' id='word_1_241' title='bbox 853 2568 883 2620; x_wconf 91' lang='lat' dir='ltr'><strong>to</strong></span> <span class='ocrx_word' id='word_1_242' title='bbox 899 2567 992 2630; x_wconf 86' lang='lat' dir='ltr'><strong>exeat,</strong></span> <span class='ocrx_word' id='word_1_243' title='bbox 1010 2578 1131 2621; x_wconf 89' lang='lat' dir='ltr'><strong>neeesse</strong></span> <span class='ocrx_word' id='word_1_244' title='bbox 1147 2570 1191 2622; x_wconf 92' lang='lat' dir='ltr'><strong>cst</strong></span> <span class='ocrx_word' id='word_1_245' title='bbox 1204 2563 1320 2641; x_wconf 89' lang='lat' dir='ltr'><strong>primae</strong></span> <span class='ocrx_word' id='word_1_246' title='bbox 1336 2562 1373 2621; x_wconf 89' lang='lat' dir='ltr'><strong>sit</strong></span> <span class='ocrx_word' id='word_1_247' title='bbox 1386 2562 1567 2640; x_wconf 83' lang='lat' dir='ltr'><strong>coniugatio·</strong></span> 
     </span>
     <span class='ocr_line' id='line_1_24' title="bbox 277 2662 1569 2744; baseline -0.001 -20"><span class='ocrx_word' id='word_1_248' title='bbox 277 2665 336 2733; x_wconf 85' lang='lat' dir='ltr'><strong>nis;</strong></span> <span class='ocrx_word' id='word_1_249' title='bbox 361 2665 386 2724; x_wconf 90' lang='lat' dir='ltr'><strong>sl</strong></span> <span class='ocrx_word' id='word_1_250' title='bbox 408 2665 437 2723; x_wconf 90' lang='lat' dir='ltr'><strong>in</strong></span> <span class='ocrx_word' id='word_1_251' title='bbox 454 2682 496 2733; x_wconf 91' lang='lat' dir='ltr'><strong>so,</strong></span> <span class='ocrx_word' id='word_1_252' title='bbox 514 2672 601 2743; x_wconf 89' lang='lat' dir='ltr'><strong>prout</strong></span> <span class='ocrx_word' id='word_1_253' title='bbox 616 2666 765 2725; x_wconf 84' lang='lat' dir='ltr'><strong>inventum</strong></span> <span class='ocrx_word' id='word_1_254' title='bbox 781 2664 878 2735; x_wconf 83' lang='lat' dir='ltr'><strong>luerit,</strong></span> <span class='ocrx_word' id='word_1_255' title='bbox 902 2662 1059 2743; x_wconf 87' lang='lat' dir='ltr'><strong>aliquando</strong></span> <span class='ocrx_word' id='word_1_256' title='bbox 1074 2662 1220 2723; x_wconf 87' lang='lat' dir='ltr'><strong>invenitur</strong></span> <span class='ocrx_word' id='word_1_257' title='bbox 1238 2664 1268 2722; x_wconf 93' lang='lat' dir='ltr'><strong>iu</strong></span> <span class='ocrx_word' id='word_1_258' title='bbox 1284 2664 1388 2742; x_wconf 88' lang='lat' dir='ltr'><strong>prima,</strong></span> <span class='ocrx_word' id='word_1_259' title='bbox 1412 2662 1569 2744; x_wconf 86' lang='lat' dir='ltr'><strong>aliquando</strong></span> 
     </span>
     <span class='ocr_line' id='line_1_25' title="bbox 276 2753 1568 2845; baseline 0.001 -20"><span class='ocrx_word' id='word_1_260' title='bbox 276 2767 305 2826; x_wconf 92' lang='lat' dir='ltr'><strong>in</strong></span> <span class='ocrx_word' id='word_1_261' title='bbox 329 2766 424 2826; x_wconf 85' lang='lat' dir='ltr'><strong>tertia.</strong></span> <span class='ocrx_word' id='word_1_262' title='bbox 470 2753 682 2845; x_wconf 78' lang='lat' dir='ltr'><strong>frequentativa</strong></span> <span class='ocrx_word' id='word_1_263' title='bbox 709 2774 805 2826; x_wconf 87' lang='lat' dir='ltr'><strong>autern</strong></span> <span class='ocrx_word' id='word_1_264' title='bbox 834 2766 889 2825; x_wconf 92' lang='lat' dir='ltr'><strong>ista</strong></span> <span class='ocrx_word' id='word_1_265' title='bbox 913 2762 984 2825; x_wconf 89' lang='lat' dir='ltr'><strong>nihil</strong></span> <span class='ocrx_word' id='word_1_266' title='bbox 1007 2764 1085 2825; x_wconf 89' lang='lat' dir='ltr'><strong>aliud</strong></span> <span class='ocrx_word' id='word_1_267' title='bbox 1108 2765 1275 2842; x_wconf 85' lang='lat' dir='ltr'><strong>significant</strong></span> <span class='ocrx_word' id='word_1_268' title='bbox 1303 2767 1358 2825; x_wconf 87' lang='lat' dir='ltr'><strong>nisi</strong></span> <span class='ocrx_word' id='word_1_269' title='bbox 1380 2765 1568 2842; x_wconf 75' lang='lat' dir='ltr'><strong>frequentem</strong></span> 
     </span>
     <span class='ocr_line' id='line_1_26' title="bbox 276 2865 1567 2947; baseline 0 -19"><span class='ocrx_word' id='word_1_270' title='bbox 276 2876 382 2929; x_wconf 88' lang='lat' dir='ltr'><strong>actrnn.</strong></span> <span class='ocrx_word' id='word_1_271' title='bbox 414 2867 487 2928; x_wconf 80' lang='lat' dir='ltr'><strong>liaeo</strong></span> <span class='ocrx_word' id='word_1_272' title='bbox 509 2876 605 2927; x_wconf 78' lang='lat' dir='ltr'><strong>aretem</strong></span> <span class='ocrx_word' id='word_1_273' title='bbox 628 2867 717 2929; x_wconf 90' lang='lat' dir='ltr'><strong>verba</strong></span> <span class='ocrx_word' id='word_1_274' title='bbox 741 2866 898 2947; x_wconf 87' lang='lat' dir='ltr'><strong>aliquando</strong></span> <span class='ocrx_word' id='word_1_275' title='bbox 920 2868 949 2926; x_wconf 94' lang='lat' dir='ltr'><strong>in</strong></span> <span class='ocrx_word' id='word_1_276' title='bbox 974 2885 1064 2928; x_wconf 87' lang='lat' dir='ltr'><strong>unmn</strong></span> <span class='ocrx_word' id='word_1_277' title='bbox 1082 2865 1205 2945; x_wconf 80' lang='lat' dir='ltr'><strong>gradum</strong></span> <span class='ocrx_word' id='word_1_278' title='bbox 1224 2874 1336 2928; x_wconf 87' lang='lat' dir='ltr'><strong>tanturn</strong></span> <span class='ocrx_word' id='word_1_279' title='bbox 1353 2867 1567 2943; x_wconf 85' lang='lat' dir='ltr'><strong>conscendunt,</strong></span> 
     </span>
     <span class='ocr_line' id='line_1_27' title="bbox 275 2965 1608 3048; baseline 0.001 -19"><span class='ocrx_word' id='word_1_280' title='bbox 275 2968 433 3048; x_wconf 86' lang='lat' dir='ltr'><strong>aliquando</strong></span> <span class='ocrx_word' id='word_1_281' title='bbox 461 2971 491 3029; x_wconf 92' lang='lat' dir='ltr'><strong>in</strong></span> <span class='ocrx_word' id='word_1_282' title='bbox 521 2969 609 3039; x_wconf 89' lang='lat' dir='ltr'><strong>duos;</strong></span> <span class='ocrx_word' id='word_1_283' title='bbox 638 2972 667 3029; x_wconf 95' lang='lat' dir='ltr'><strong>in</strong></span> <span class='ocrx_word' id='word_1_284' title='bbox 697 2987 803 3038; x_wconf 84' lang='lat' dir='ltr'><strong>ununr,</strong></span> <span class='ocrx_word' id='word_1_285' title='bbox 833 2975 864 3028; x_wconf 92' lang='lat' dir='ltr'><strong>ut</strong></span> <span class='ocrx_word' id='word_1_286' title='bbox 887 2965 891 3046; x_wconf 86' lang='grc' dir='ltr'>Ι</span> <span class='ocrx_word' id='word_1_287' title='bbox 916 2967 982 3047; x_wconf 82' lang='lat' dir='ltr'><strong>lego</strong></span> <span class='ocrx_word' id='word_1_288' title='bbox 1012 2968 1126 3038; x_wconf 89' lang='lat' dir='ltr'><strong>lectito,</strong></span> <span class='ocrx_word' id='word_1_289' title='bbox 1156 2970 1185 3029; x_wconf 94' lang='lat' dir='ltr'><strong>in</strong></span> <span class='ocrx_word' id='word_1_290' title='bbox 1209 2968 1291 3038; x_wconf 91' lang='lat' dir='ltr'><strong>duos,</strong></span> <span class='ocrx_word' id='word_1_291' title='bbox 1314 2976 1346 3029; x_wconf 91' lang='lat' dir='ltr'><strong>ut</strong></span> <span class='ocrx_word' id='word_1_292' title='bbox 1368 2988 1456 3029; x_wconf 89' lang='lat' dir='ltr'><strong>curro</strong></span> <span class='ocrx_word' id='word_1_293' title='bbox 1478 2984 1608 3030; x_wconf 65' lang='lat' dir='ltr'><strong>curseto</strong></span> 
     </span>
     <span class='ocr_line' id='line_1_28' title="bbox 276 3069 1568 3152; baseline 0.001 -20"><span class='ocrx_word' id='word_1_294' title='bbox 276 3073 403 3141; x_wconf 81' lang='lat' dir='ltr'><strong>cursito,</strong></span> <span class='ocrx_word' id='word_1_295' title='bbox 433 3070 531 3133; x_wconf 87' lang='lat' dir='ltr'><strong>scribo</strong></span> <span class='ocrx_word' id='word_1_296' title='bbox 559 3073 670 3152; x_wconf 89' lang='lat' dir='ltr'><strong>scripto</strong></span> <span class='ocrx_word' id='word_1_297' title='bbox 698 3070 842 3149; x_wconf 87' lang='lat' dir='ltr'><strong>scriptito.</strong></span> <span class='ocrx_word' id='word_1_298' title='bbox 889 3088 945 3148; x_wconf 87' lang='lat' dir='ltr'><strong>qua</strong></span> <span class='ocrx_word' id='word_1_299' title='bbox 972 3072 1086 3132; x_wconf 84' lang='lat' dir='ltr'><strong>ratione</strong></span> <span class='ocrx_word' id='word_1_300' title='bbox 1115 3070 1168 3132; x_wconf 88' lang='lat' dir='ltr'><strong>tibi</strong></span> <span class='ocrx_word' id='word_1_301' title='bbox 1195 3071 1255 3131; x_wconf 79' lang='lat' dir='ltr'><strong>elixi</strong></span> <span class='ocrx_word' id='word_1_302' title='bbox 1288 3069 1377 3149; x_wconf 92' lang='lat' dir='ltr'><strong>paulo</strong></span> <span class='ocrx_word' id='word_1_303' title='bbox 1410 3078 1477 3132; x_wconf 89' lang='lat' dir='ltr'><strong>ante</strong></span> <span class='ocrx_word' id='word_1_304' title='bbox 1500 3071 1568 3141; x_wconf 87' lang='grc' dir='ltr'>Ιιοε,</span> 
     </span>
     <span class='ocr_line' id='line_1_29' title="bbox 276 3173 1567 3253; baseline 0.001 -20"><span class='ocrx_word' id='word_1_305' title='bbox 276 3176 413 3253; x_wconf 90' lang='lat' dir='ltr'><strong>quoniam</strong></span> <span class='ocrx_word' id='word_1_306' title='bbox 436 3175 461 3233; x_wconf 90' lang='lat' dir='ltr'><strong>si</strong></span> <span class='ocrx_word' id='word_1_307' title='bbox 484 3174 512 3233; x_wconf 93' lang='lat' dir='ltr'><strong>in</strong></span> <span class='ocrx_word' id='word_1_308' title='bbox 537 3183 567 3234; x_wconf 88' lang='lat' dir='ltr'><strong>to</strong></span> <span class='ocrx_word' id='word_1_309' title='bbox 590 3176 695 3235; x_wconf 79' lang='lat' dir='ltr'><strong>exierit</strong></span> <span class='ocrx_word' id='word_1_310' title='bbox 717 3173 962 3252; x_wconf 79' lang='lat' dir='ltr'><strong>frequentativum</strong></span> <span class='ocrx_word' id='word_1_311' title='bbox 979 3173 1112 3242; x_wconf 87' lang='lat' dir='ltr'><strong>verbum,</strong></span> <span class='ocrx_word' id='word_1_312' title='bbox 1137 3175 1251 3253; x_wconf 89' lang='lat' dir='ltr'><strong>primae</strong></span> <span class='ocrx_word' id='word_1_313' title='bbox 1274 3182 1318 3234; x_wconf 86' lang='lat' dir='ltr'><strong>est</strong></span> <span class='ocrx_word' id='word_1_314' title='bbox 1335 3175 1567 3252; x_wconf 86' lang='lat' dir='ltr'><strong>coniugationis;</strong></span> 
     </span>
     <span class='ocr_line' id='line_1_30' title="bbox 276 3269 1570 3356; baseline 0.001 -21"><span class='ocrx_word' id='word_1_315' title='bbox 276 3278 302 3335; x_wconf 92' lang='lat' dir='ltr'><strong>sl</strong></span> <span class='ocrx_word' id='word_1_316' title='bbox 318 3276 347 3336; x_wconf 91' lang='lat' dir='ltr'><strong>in</strong></span> <span class='ocrx_word' id='word_1_317' title='bbox 364 3296 407 3345; x_wconf 92' lang='lat' dir='ltr'><strong>so,</strong></span> <span class='ocrx_word' id='word_1_318' title='bbox 424 3295 484 3336; x_wconf 94' lang='lat' dir='ltr'><strong>non</strong></span> <span class='ocrx_word' id='word_1_319' title='bbox 501 3269 561 3335; x_wconf 84' lang='lat' dir='ltr'><strong>dixi</strong></span> <span class='ocrx_word' id='word_1_320' title='bbox 578 3277 691 3344; x_wconf 89' lang='lat' dir='ltr'><strong>tertiae,</strong></span> <span class='ocrx_word' id='word_1_321' title='bbox 715 3274 767 3334; x_wconf 91' lang='lat' dir='ltr'><strong>sed</strong></span> <span class='ocrx_word' id='word_1_322' title='bbox 783 3284 872 3354; x_wconf 90' lang='lat' dir='ltr'><strong>prout</strong></span> <span class='ocrx_word' id='word_1_323' title='bbox 888 3295 920 3335; x_wconf 90' lang='lat' dir='ltr'><strong>so</strong></span> <span class='ocrx_word' id='word_1_324' title='bbox 935 3294 1021 3335; x_wconf 87' lang='lat' dir='ltr'><strong>casus</strong></span> <span class='ocrx_word' id='word_1_325' title='bbox 1036 3274 1194 3336; x_wconf 82' lang='lat' dir='ltr'><strong>obtulerit?</strong></span> <span class='ocrx_word' id='word_1_326' title='bbox 1217 3294 1274 3355; x_wconf 89' lang='lat' dir='ltr'><strong>qua</strong></span> <span class='ocrx_word' id='word_1_327' title='bbox 1286 3277 1421 3336; x_wconf 82' lang='lat' dir='ltr'><strong>ratione?</strong></span> <span class='ocrx_word' id='word_1_328' title='bbox 1444 3283 1570 3356; x_wconf 89' lang='lat' dir='ltr'><strong>propter</strong></span> 
     </span>
     <span class='ocr_line' id='line_1_31' title="bbox 278 3375 1570 3458; baseline 0.002 -22"><span class='ocrx_word' id='word_1_329' title='bbox 278 3376 334 3437; x_wconf 82' lang='lat' dir='ltr'><strong>troc</strong></span> <span class='ocrx_word' id='word_1_330' title='bbox 357 3376 489 3446; x_wconf 87' lang='lat' dir='ltr'><strong>verbum,</strong></span> <span class='ocrx_word' id='word_1_331' title='bbox 514 3386 581 3456; x_wconf 91' lang='lat' dir='ltr'><strong>puta</strong></span> <span class='ocrx_word' id='word_1_332' title='bbox 607 3376 687 3458; x_wconf 80' lang='lat' dir='ltr'><strong>[lego</strong></span> <span class='ocrx_word' id='word_1_333' title='bbox 711 3376 809 3437; x_wconf 83' lang='lat' dir='ltr'><strong>lectito</strong></span> <span class='ocrx_word' id='word_1_334' title='bbox 833 3376 935 3457; x_wconf 90' lang='lat' dir='ltr'><strong>curro]</strong></span> <span class='ocrx_word' id='word_1_335' title='bbox 954 3396 1040 3438; x_wconf 85' lang='lat' dir='ltr'><strong>errrso</strong></span> <span class='ocrx_word' id='word_1_336' title='bbox 1063 3375 1221 3458; x_wconf 86' lang='lat' dir='ltr'><strong>[cursito];</strong></span> <span class='ocrx_word' id='word_1_337' title='bbox 1247 3397 1317 3438; x_wconf 86' lang='lat' dir='ltr'><strong>ecce</strong></span> <span class='ocrx_word' id='word_1_338' title='bbox 1340 3397 1426 3439; x_wconf 92' lang='lat' dir='ltr'><strong>curso</strong></span> <span class='ocrx_word' id='word_1_339' title='bbox 1450 3381 1492 3439; x_wconf 88' lang='lat' dir='ltr'><strong>sic</strong></span> <span class='ocrx_word' id='word_1_340' title='bbox 1515 3386 1570 3448; x_wconf 88' lang='grc' dir='ltr'>εει,</span> 
     </span>
     <span class='ocr_line' id='line_1_32' title="bbox 277 3478 1610 3565; baseline 0.002 -26"><span class='ocrx_word' id='word_1_341' title='bbox 277 3498 335 3558; x_wconf 87' lang='lat' dir='ltr'><strong>quo</strong></span> <span class='ocrx_word' id='word_1_342' title='bbox 358 3478 446 3539; x_wconf 92' lang='lat' dir='ltr'><strong>modo</strong></span> <span class='ocrx_word' id='word_1_343' title='bbox 469 3478 590 3547; x_wconf 82' lang='lat' dir='ltr'><strong>lacesso,</strong></span> <span class='ocrx_word' id='word_1_344' title='bbox 615 3488 644 3539; x_wconf 92' lang='lat' dir='ltr'><strong>et</strong></span> <span class='ocrx_word' id='word_1_345' title='bbox 667 3486 763 3565; x_wconf 88' lang='lat' dir='ltr'><strong>tamen</strong></span> <span class='ocrx_word' id='word_1_346' title='bbox 788 3498 875 3539; x_wconf 92' lang='lat' dir='ltr'><strong>curso</strong></span> <span class='ocrx_word' id='word_1_347' title='bbox 898 3498 999 3539; x_wconf 89' lang='lat' dir='ltr'><strong>eursas</strong></span> <span class='ocrx_word' id='word_1_348' title='bbox 1021 3480 1099 3540; x_wconf 87' lang='lat' dir='ltr'><strong>iacit.</strong></span> <span class='ocrx_word' id='word_1_349' title='bbox 1138 3497 1210 3558; x_wconf 81' lang='lat' dir='ltr'><strong>ergo</strong></span> <span class='ocrx_word' id='word_1_350' title='bbox 1233 3480 1281 3540; x_wconf 88' lang='lat' dir='ltr'><strong>illa</strong></span> <span class='ocrx_word' id='word_1_351' title='bbox 1305 3498 1380 3559; x_wconf 80' lang='lat' dir='ltr'><strong>quae</strong></span> <span class='ocrx_word' id='word_1_352' title='bbox 1404 3481 1433 3538; x_wconf 93' lang='lat' dir='ltr'><strong>ln</strong></span> <span class='ocrx_word' id='word_1_353' title='bbox 1458 3488 1486 3539; x_wconf 92' lang='grc' dir='ltr'><strong>ιο</strong></span> <span class='ocrx_word' id='word_1_354' title='bbox 1509 3481 1610 3542; x_wconf 73' lang='lat' dir='ltr'><strong>exito</strong></span> 
     </span>
     <span class='ocr_line' id='line_1_33' title="bbox 276 3581 1569 3661; baseline 0.002 -21"><span class='ocrx_word' id='word_1_355' title='bbox 276 3581 480 3642; x_wconf 80' lang='lat' dir='ltr'><strong>indifferenter</strong></span> <span class='ocrx_word' id='word_1_356' title='bbox 503 3583 616 3660; x_wconf 86' lang='lat' dir='ltr'><strong>primae</strong></span> <span class='ocrx_word' id='word_1_357' title='bbox 639 3591 683 3641; x_wconf 89' lang='grc' dir='ltr'><strong>εει</strong></span> <span class='ocrx_word' id='word_1_358' title='bbox 705 3582 933 3658; x_wconf 85' lang='lat' dir='ltr'><strong>corrtngationis,</strong></span> <span class='ocrx_word' id='word_1_359' title='bbox 959 3583 1013 3641; x_wconf 88' lang='lat' dir='ltr'><strong>ista</strong></span> <span class='ocrx_word' id='word_1_360' title='bbox 1038 3600 1113 3660; x_wconf 91' lang='lat' dir='ltr'><strong>quae</strong></span> <span class='ocrx_word' id='word_1_361' title='bbox 1141 3583 1171 3641; x_wconf 91' lang='lat' dir='ltr'><strong>in</strong></span> <span class='ocrx_word' id='word_1_362' title='bbox 1200 3600 1232 3641; x_wconf 92' lang='lat' dir='ltr'><strong>so</strong></span> <span class='ocrx_word' id='word_1_363' title='bbox 1260 3581 1417 3660; x_wconf 88' lang='lat' dir='ltr'><strong>aliquando</strong></span> <span class='ocrx_word' id='word_1_364' title='bbox 1444 3584 1569 3661; x_wconf 89' lang='lat' dir='ltr'><strong>prinrac,</strong></span> 
     </span>
     <span class='ocr_line' id='line_1_34' title="bbox 277 3681 1570 3763; baseline 0.002 -21"><span class='ocrx_word' id='word_1_365' title='bbox 277 3681 435 3759; x_wconf 87' lang='lat' dir='ltr'><strong>aliquando</strong></span> <span class='ocrx_word' id='word_1_366' title='bbox 464 3685 577 3742; x_wconf 89' lang='lat' dir='ltr'><strong>tertiae.</strong></span> <span class='ocrx_word' id='word_1_367' title='bbox 628 3681 700 3741; x_wconf 92' lang='lat' dir='ltr'><strong>illud</strong></span> <span class='ocrx_word' id='word_1_368' title='bbox 730 3685 816 3742; x_wconf 89' lang='lat' dir='ltr'><strong>etiam</strong></span> <span class='ocrx_word' id='word_1_369' title='bbox 844 3684 920 3742; x_wconf 87' lang='lat' dir='ltr'><strong>scire</strong></span> <span class='ocrx_word' id='word_1_370' title='bbox 949 3682 1107 3753; x_wconf 89' lang='lat' dir='ltr'><strong>debemus,</strong></span> <span class='ocrx_word' id='word_1_371' title='bbox 1142 3685 1267 3743; x_wconf 85' lang='lat' dir='ltr'><strong>inveniri</strong></span> <span class='ocrx_word' id='word_1_372' title='bbox 1296 3683 1372 3763; x_wconf 90' lang='lat' dir='ltr'><strong>apud</strong></span> <span class='ocrx_word' id='word_1_373' title='bbox 1400 3701 1454 3743; x_wconf 92' lang='lat' dir='ltr'><strong>nos</strong></span> <span class='ocrx_word' id='word_1_374' title='bbox 1481 3683 1570 3744; x_wconf 86' lang='lat' dir='ltr'><strong>rerba</strong></span> 
     </span>
     <span class='ocr_line' id='line_1_35' title="bbox 278 3783 1570 3863; baseline 0.001 -19"><span class='ocrx_word' id='word_1_375' title='bbox 278 3783 374 3863; x_wconf 85' lang='lat' dir='ltr'><strong>aliqua</strong></span> <span class='ocrx_word' id='word_1_376' title='bbox 402 3783 590 3863; x_wconf 87' lang='lat' dir='ltr'><strong>principalia,</strong></span> <span class='ocrx_word' id='word_1_377' title='bbox 622 3802 695 3862; x_wconf 87' lang='lat' dir='ltr'><strong>qrrae</strong></span> <span class='ocrx_word' id='word_1_378' title='bbox 725 3793 849 3863; x_wconf 76' lang='lat' dir='ltr'><strong>possunt</strong></span> <span class='ocrx_word' id='word_1_379' title='bbox 876 3787 973 3845; x_wconf 88' lang='lat' dir='ltr'><strong>lacere</strong></span> <span class='ocrx_word' id='word_1_380' title='bbox 996 3785 1177 3846; x_wconf 86' lang='lat' dir='ltr'><strong>diminutiva.</strong></span> <span class='ocrx_word' id='word_1_381' title='bbox 1228 3787 1363 3846; x_wconf 87' lang='lat' dir='ltr'><strong>norimus</strong></span> <span class='ocrx_word' id='word_1_382' title='bbox 1389 3787 1419 3845; x_wconf 87' lang='lat' dir='ltr'><strong>ln</strong></span> <span class='ocrx_word' id='word_1_383' title='bbox 1449 3787 1570 3845; x_wconf 89' lang='lat' dir='ltr'><strong>nornine</strong></span> 
     </span>
     <span class='ocr_line' id='line_1_36' title="bbox 277 3885 1569 3967; baseline 0.003 -22"><span class='ocrx_word' id='word_1_384' title='bbox 277 3886 334 3946; x_wconf 90' lang='lat' dir='ltr'><strong>hoc</strong></span> <span class='ocrx_word' id='word_1_385' title='bbox 357 3903 420 3944; x_wconf 89' lang='lat' dir='ltr'><strong>esse</strong></span> <span class='ocrx_word' id='word_1_386' title='bbox 443 3885 553 3946; x_wconf 88' lang='lat' dir='ltr'><strong>dictum</strong></span> <span class='ocrx_word' id='word_1_387' title='bbox 578 3885 661 3965; x_wconf 89' lang='lat' dir='ltr'><strong>[sunt</strong></span> <span class='ocrx_word' id='word_1_388' title='bbox 682 3885 778 3965; x_wconf 86' lang='lat' dir='ltr'><strong>aliqua</strong></span> <span class='ocrx_word' id='word_1_389' title='bbox 803 3887 922 3946; x_wconf 89' lang='lat' dir='ltr'><strong>nomina</strong></span> <span class='ocrx_word' id='word_1_390' title='bbox 945 3906 1018 3947; x_wconf 93' lang='lat' dir='ltr'><strong>sono</strong></span> <span class='ocrx_word' id='word_1_391' title='bbox 1041 3887 1222 3956; x_wconf 87' lang='lat' dir='ltr'><strong>diminutiva,</strong></span> <span class='ocrx_word' id='word_1_392' title='bbox 1246 3887 1396 3948; x_wconf 88' lang='lat' dir='ltr'><strong>intellectu</strong></span> <span class='ocrx_word' id='word_1_393' title='bbox 1419 3888 1569 3967; x_wconf 87' lang='lat' dir='ltr'><strong>priucipa-</strong></span> 
     </span>
     <span class='ocr_line' id='line_1_37' title="bbox 278 3986 1611 4067; baseline 0.002 -20"><span class='ocrx_word' id='word_1_394' title='bbox 278 3986 343 4067; x_wconf 90' lang='lat' dir='ltr'><strong>lia],</strong></span> <span class='ocrx_word' id='word_1_395' title='bbox 367 3995 398 4047; x_wconf 93' lang='lat' dir='ltr'><strong>ut</strong></span> <span class='ocrx_word' id='word_1_396' title='bbox 421 4005 507 4047; x_wconf 91' lang='lat' dir='ltr'><strong>mons</strong></span> <span class='ocrx_word' id='word_1_397' title='bbox 529 3987 715 4047; x_wconf 88' lang='lat' dir='ltr'><strong>monticulus.</strong></span> <span class='ocrx_word' id='word_1_398' title='bbox 762 3987 817 4047; x_wconf 91' lang='lat' dir='ltr'><strong>hoc</strong></span> <span class='ocrx_word' id='word_1_399' title='bbox 841 3989 929 4048; x_wconf 89' lang='lat' dir='ltr'><strong>etiarn</strong></span> <span class='ocrx_word' id='word_1_400' title='bbox 951 3990 980 4049; x_wconf 92' lang='lat' dir='ltr'><strong>in</strong></span> <span class='ocrx_word' id='word_1_401' title='bbox 1004 3988 1102 4049; x_wconf 86' lang='lat' dir='ltr'><strong>verbis</strong></span> <span class='ocrx_word' id='word_1_402' title='bbox 1125 4006 1283 4066; x_wconf 90' lang='lat' dir='ltr'><strong>possumus</strong></span> <span class='ocrx_word' id='word_1_403' title='bbox 1306 3991 1454 4058; x_wconf 85' lang='lat' dir='ltr'><strong>invenire,</strong></span> <span class='ocrx_word' id='word_1_404' title='bbox 1478 3997 1509 4050; x_wconf 88' lang='lat' dir='ltr'><strong>ut</strong></span> <span class='ocrx_word' id='word_1_405' title='bbox 1530 3991 1570 4050; x_wconf 91' lang='lat' dir='ltr'><strong>sit</strong></span> <span class='ocrx_word' id='word_1_406' title='bbox 1583 4002 1611 4041; x_wconf 71' lang='lat'><strong>35</strong></span> 
     </span>
     <span class='ocr_line' id='line_1_38' title="bbox 279 4087 1568 4170; baseline 0.003 -23"><span class='ocrx_word' id='word_1_407' title='bbox 279 4087 400 4149; x_wconf 87' lang='lat' dir='ltr'><strong>verbum</strong></span> <span class='ocrx_word' id='word_1_408' title='bbox 423 4088 588 4168; x_wconf 87' lang='lat' dir='ltr'><strong>principale</strong></span> <span class='ocrx_word' id='word_1_409' title='bbox 613 4097 642 4149; x_wconf 90' lang='lat' dir='ltr'><strong>et</strong></span> <span class='ocrx_word' id='word_1_410' title='bbox 663 4089 750 4150; x_wconf 89' lang='lat' dir='ltr'><strong>iaciat</strong></span> <span class='ocrx_word' id='word_1_411' title='bbox 772 4090 986 4161; x_wconf 89' lang='lat' dir='ltr'><strong>diminutivum,</strong></span> <span class='ocrx_word' id='word_1_412' title='bbox 1012 4100 1044 4152; x_wconf 93' lang='lat' dir='ltr'><strong>ut</strong></span> <span class='ocrx_word' id='word_1_413' title='bbox 1067 4098 1111 4150; x_wconf 91' lang='lat' dir='ltr'><strong>est</strong></span> <span class='ocrx_word' id='word_1_414' title='bbox 1133 4090 1240 4151; x_wconf 84' lang='lat' dir='ltr'><strong>sorbeo</strong></span> <span class='ocrx_word' id='word_1_415' title='bbox 1257 4098 1286 4152; x_wconf 91' lang='grc' dir='ltr'><strong>ει</strong></span> <span class='ocrx_word' id='word_1_416' title='bbox 1300 4110 1383 4169; x_wconf 76' lang='lat' dir='ltr'><strong>sugo.</strong></span> <span class='ocrx_word' id='word_1_417' title='bbox 1415 4092 1470 4152; x_wconf 90' lang='lat' dir='ltr'><strong>ista</strong></span> <span class='ocrx_word' id='word_1_418' title='bbox 1485 4092 1568 4170; x_wconf 86' lang='lat' dir='ltr'><strong>prin·</strong></span> 
     </span>
    </p>
   </div>
   <div class='ocr_carea' id='block_1_4' title="bbox 279 4326 1571 4886">
    <p class='ocr_par' dir='ltr' id='par_1_6' title="bbox 279 4326 1571 4886">
     <span class='ocr_line' id='line_1_39' title="bbox 345 4326 1567 4396; baseline -0.001 -16"><span class='ocrx_word' id='word_1_419' title='bbox 345 4328 565 4395; x_wconf 66' lang='lat' dir='ltr'><strong>{laigniflcatione</strong></span> <span class='ocrx_word' id='word_1_420' title='bbox 582 4330 668 4377; x_wconf 69' lang='lat' dir='ltr'><strong>errari</strong></span> <span class='ocrx_word' id='word_1_421' title='bbox 679 4332 709 4391; x_wconf 84' lang='lat' dir='ltr'><strong>B,</strong></span> <span class='ocrx_word' id='word_1_422' title='bbox 729 4329 789 4378; x_wconf 78' lang='lat' dir='ltr'><strong>aeid.</strong></span> <span class='ocrx_word' id='word_1_423' title='bbox 803 4326 857 4378; x_wconf 61' lang='lat' dir='ltr'><strong>alb</strong></span> <span class='ocrx_word' id='word_1_424' title='bbox 930 4330 999 4376; x_wconf 82' lang='lat' dir='ltr'><strong>rtueit</strong></span> <span class='ocrx_word' id='word_1_425' title='bbox 1018 4330 1051 4377; x_wconf 83' lang='lat' dir='ltr'><strong>ita</strong></span> <span class='ocrx_word' id='word_1_426' title='bbox 1071 4330 1207 4394; x_wconf 86' lang='lat' dir='ltr'><strong>praeterito</strong></span> <span class='ocrx_word' id='word_1_427' title='bbox 1226 4331 1308 4381; x_wconf 81' lang='lat' dir='ltr'><strong>ABG</strong></span> <span class='ocrx_word' id='word_1_428' title='bbox 1376 4329 1567 4396; x_wconf 82' lang='lat' dir='ltr'><strong>8iureniatnr]</strong></span> 
     </span>
     <span class='ocr_line' id='line_1_40' title="bbox 279 4399 1570 4463; baseline -0.001 -13"><span class='ocrx_word' id='word_1_429' title='bbox 279 4399 501 4451; x_wconf 79' lang='lat' dir='ltr'><strong>inuenireturAG</strong></span> <span class='ocrx_word' id='word_1_430' title='bbox 519 4402 680 4449; x_wconf 84' lang='lat' dir='ltr'><strong>inueneretur</strong></span> <span class='ocrx_word' id='word_1_431' title='bbox 699 4400 723 4447; x_wconf 92' lang='lat' dir='ltr'><em>B</em></span> <span class='ocrx_word' id='word_1_432' title='bbox 794 4400 826 4448; x_wconf 80' lang='lat'><strong>22</strong></span> <span class='ocrx_word' id='word_1_433' title='bbox 847 4399 982 4462; x_wconf 85' lang='lat' dir='ltr'><strong>aliquando</strong></span> <span class='ocrx_word' id='word_1_434' title='bbox 997 4401 1087 4461; x_wconf 83' lang='lat' dir='ltr'><strong>priore</strong></span> <span class='ocrx_word' id='word_1_435' title='bbox 1104 4402 1159 4448; x_wconf 86' lang='lat' dir='ltr'><strong>loeo</strong></span> <span class='ocrx_word' id='word_1_436' title='bbox 1176 4414 1221 4449; x_wconf 85' lang='lat' dir='ltr'><strong>orn.</strong></span> <span class='ocrx_word' id='word_1_437' title='bbox 1241 4402 1281 4463; x_wconf 78' lang='lat' dir='ltr'><strong>A,</strong></span> <span class='ocrx_word' id='word_1_438' title='bbox 1301 4402 1363 4453; x_wconf 85' lang='lat' dir='ltr'><strong>add.</strong></span> <span class='ocrx_word' id='word_1_439' title='bbox 1382 4418 1398 4450; x_wconf 84' lang='lat' dir='ltr'><strong>a</strong></span> <span class='ocrx_word' id='word_1_440' title='bbox 1469 4400 1502 4450; x_wconf 73' lang='lat' dir='ltr'><strong>aa</strong></span> <span class='ocrx_word' id='word_1_441' title='bbox 1521 4400 1570 4450; x_wconf 89' lang='grc' dir='ltr'>Ιιοε</span> 
     </span>
     <span class='ocr_line' id='line_1_41' title="bbox 279 4468 1570 4535; baseline -0.002 -14"><span class='ocrx_word' id='word_1_442' title='bbox 279 4472 398 4535; x_wconf 89' lang='lat' dir='ltr'><strong>quonlam</strong></span> <span class='ocrx_word' id='word_1_443' title='bbox 416 4471 437 4519; x_wconf 88' lang='lat' dir='ltr'><strong>si</strong></span> <span class='ocrx_word' id='word_1_444' title='bbox 456 4470 480 4518; x_wconf 90' lang='lat' dir='ltr'><strong>ln</strong></span> <span class='ocrx_word' id='word_1_445' title='bbox 497 4477 522 4516; x_wconf 93' lang='lat' dir='ltr'><strong>tu</strong></span> <span class='ocrx_word' id='word_1_446' title='bbox 540 4469 631 4518; x_wconf 81' lang='lat' dir='ltr'><strong>exierit</strong></span> <span class='ocrx_word' id='word_1_447' title='bbox 647 4470 718 4520; x_wconf 85' lang='lat' dir='ltr'><strong>BGn</strong></span> <span class='ocrx_word' id='word_1_448' title='bbox 735 4469 784 4518; x_wconf 75' lang='grc' dir='ltr'>ιιοε</span> <span class='ocrx_word' id='word_1_449' title='bbox 799 4470 824 4518; x_wconf 88' lang='lat' dir='ltr'><strong>in</strong></span> <span class='ocrx_word' id='word_1_450' title='bbox 844 4479 869 4518; x_wconf 89' lang='grc' dir='ltr'><strong>ιο</strong></span> <span class='ocrx_word' id='word_1_451' title='bbox 884 4472 906 4518; x_wconf 83' lang='grc' dir='ltr'>εἰ</span> <span class='ocrx_word' id='word_1_452' title='bbox 925 4469 1015 4518; x_wconf 84' lang='lat' dir='ltr'><strong>exierit</strong></span> <span class='ocrx_word' id='word_1_453' title='bbox 1031 4468 1055 4515; x_wconf 85' lang='grc' dir='ltr'><em>Α</em></span> <span class='ocrx_word' id='word_1_454' title='bbox 1125 4468 1159 4519; x_wconf 78' lang='lat'><strong>28</strong></span> <span class='ocrx_word' id='word_1_455' title='bbox 1174 4484 1222 4521; x_wconf 89' lang='lat' dir='ltr'><strong>non</strong></span> <span class='ocrx_word' id='word_1_456' title='bbox 1237 4471 1301 4519; x_wconf 84' lang='lat' dir='ltr'><strong>dixit</strong></span> <span class='ocrx_word' id='word_1_457' title='bbox 1320 4471 1344 4519; x_wconf 85' lang='lat' dir='ltr'><em>A</em></span> <span class='ocrx_word' id='word_1_458' title='bbox 1415 4481 1570 4535; x_wconf 65' lang='lat' dir='ltr'><strong>quiapropter</strong></span> 
     </span>
     <span class='ocr_line' id='line_1_42' title="bbox 279 4537 1569 4606; baseline -0.001 -16"><span class='ocrx_word' id='word_1_459' title='bbox 279 4541 326 4591; x_wconf 85' lang='grc' dir='ltr'>Ιιοε</span> <span class='ocrx_word' id='word_1_460' title='bbox 346 4540 450 4589; x_wconf 87' lang='lat' dir='ltr'><strong>uerbum</strong></span> <span class='ocrx_word' id='word_1_461' title='bbox 468 4541 568 4602; x_wconf 84' lang='lat' dir='ltr'><strong>(uerum</strong></span> <span class='ocrx_word' id='word_1_462' title='bbox 591 4537 623 4600; x_wconf 82' lang='lat'><strong>0)</strong></span> <span class='ocrx_word' id='word_1_463' title='bbox 640 4551 700 4604; x_wconf 81' lang='lat' dir='ltr'><strong>puto</strong></span> <span class='ocrx_word' id='word_1_464' title='bbox 720 4539 878 4605; x_wconf 68' lang='lat' dir='ltr'><strong>legonao</strong></span> <span class='ocrx_word' id='word_1_465' title='bbox 946 4540 980 4589; x_wconf 75' lang='lat'><strong>29</strong></span> <span class='ocrx_word' id='word_1_466' title='bbox 998 4539 1035 4587; x_wconf 89' lang='lat' dir='ltr'><strong>sic</strong></span> <span class='ocrx_word' id='word_1_467' title='bbox 1054 4546 1092 4587; x_wconf 83' lang='lat' dir='ltr'><strong>est</strong></span> <span class='ocrx_word' id='word_1_468' title='bbox 1109 4539 1164 4589; x_wconf 85' lang='lat' dir='ltr'><strong>AB</strong></span> <span class='ocrx_word' id='word_1_469' title='bbox 1183 4541 1219 4589; x_wconf 88' lang='lat' dir='ltr'><strong>sic</strong></span> <span class='ocrx_word' id='word_1_470' title='bbox 1236 4541 1288 4589; x_wconf 81' lang='lat' dir='ltr'><strong>exit</strong></span> <span class='ocrx_word' id='word_1_471' title='bbox 1309 4541 1348 4589; x_wconf 79' lang='lat' dir='ltr'><strong>Cb</strong></span> <span class='ocrx_word' id='word_1_472' title='bbox 1418 4541 1450 4591; x_wconf 85' lang='lat'><strong>31</strong></span> <span class='ocrx_word' id='word_1_473' title='bbox 1471 4541 1569 4606; x_wconf 83' lang='lat' dir='ltr'><strong>primae</strong></span> 
     </span>
     <span class='ocr_line' id='line_1_43' title="bbox 279 4608 1570 4676; baseline 0 -16"><span class='ocrx_word' id='word_1_474' title='bbox 279 4608 745 4676; x_wconf 80' lang='lat' dir='ltr'><strong>esiconiugatioaisunr.A,add.u</strong></span> <span class='ocrx_word' id='word_1_475' title='bbox 817 4608 850 4659; x_wconf 84' lang='lat'><strong>32</strong></span> <span class='ocrx_word' id='word_1_476' title='bbox 870 4610 944 4658; x_wconf 87' lang='lat' dir='ltr'><strong>ctiam</strong></span> <span class='ocrx_word' id='word_1_477' title='bbox 963 4611 1051 4659; x_wconf 82' lang='lat' dir='ltr'><strong>orn-G</strong></span> <span class='ocrx_word' id='word_1_478' title='bbox 1120 4610 1197 4658; x_wconf 86' lang='lat' dir='ltr'><strong>uerba</strong></span> <span class='ocrx_word' id='word_1_479' title='bbox 1220 4611 1303 4673; x_wconf 80' lang='lat' dir='ltr'><strong>aliqua</strong></span> <span class='ocrx_word' id='word_1_480' title='bbox 1330 4610 1482 4676; x_wconf 77' lang='lat' dir='ltr'><strong>principalia</strong></span> <span class='ocrx_word' id='word_1_481' title='bbox 1504 4625 1570 4673; x_wconf 72' lang='lat' dir='ltr'><strong>(puae</strong></span> 
     </span>
     <span class='ocr_line' id='line_1_44' title="bbox 279 4679 1571 4746; baseline -0.002 -16"><span class='ocrx_word' id='word_1_482' title='bbox 279 4697 310 4730; x_wconf 86' lang='lat' dir='ltr'><strong>ex</strong></span> <span class='ocrx_word' id='word_1_483' title='bbox 330 4697 357 4731; x_wconf 85' lang='lat' dir='ltr'><strong>se</strong></span> <span class='ocrx_word' id='word_1_484' title='bbox 376 4679 472 4730; x_wconf 83' lang='lat' dir='ltr'><strong>iaciunt</strong></span> <span class='ocrx_word' id='word_1_485' title='bbox 489 4679 640 4728; x_wconf 86' lang='lat' dir='ltr'><strong>diminutlna</strong></span> <span class='ocrx_word' id='word_1_486' title='bbox 659 4680 784 4730; x_wconf 86' lang='lat' dir='ltr'><strong>intellectu</strong></span> <span class='ocrx_word' id='word_1_487' title='bbox 805 4690 888 4727; x_wconf 87' lang='lat' dir='ltr'><strong>urrtenr</strong></span> <span class='ocrx_word' id='word_1_488' title='bbox 908 4679 1058 4746; x_wconf 85' lang='lat' dir='ltr'><strong>principalia</strong></span> <span class='ocrx_word' id='word_1_489' title='bbox 1075 4689 1101 4729; x_wconf 91' lang='lat' dir='ltr'><strong>nt</strong></span> <span class='ocrx_word' id='word_1_490' title='bbox 1118 4693 1190 4727; x_wconf 85' lang='lat' dir='ltr'><strong>mons</strong></span> <span class='ocrx_word' id='word_1_491' title='bbox 1209 4681 1229 4729; x_wconf 84' lang='lat' dir='ltr'><em>C</em></span> <span class='ocrx_word' id='word_1_492' title='bbox 1288 4681 1320 4730; x_wconf 70' lang='lat' dir='ltr'><strong>{ll</strong></span> <span class='ocrx_word' id='word_1_493' title='bbox 1337 4682 1429 4729; x_wconf 68' lang='lat' dir='ltr'><strong>[lictum</strong></span> <span class='ocrx_word' id='word_1_494' title='bbox 1447 4692 1504 4730; x_wconf 82' lang='lat' dir='ltr'><strong>suut</strong></span> <span class='ocrx_word' id='word_1_495' title='bbox 1523 4680 1571 4728; x_wconf 81' lang='lat' dir='ltr'><strong>nli-</strong></span> 
     </span>
     <span class='ocr_line' id='line_1_45' title="bbox 279 4749 1570 4817; baseline 0.002 -19"><span class='ocrx_word' id='word_1_496' title='bbox 279 4766 328 4812; x_wconf 83' lang='lat' dir='ltr'><strong>qua</strong></span> <span class='ocrx_word' id='word_1_497' title='bbox 350 4752 463 4809; x_wconf 73' lang='lat' dir='ltr'><strong>(nomina</strong></span> <span class='ocrx_word' id='word_1_498' title='bbox 483 4749 543 4802; x_wconf 83' lang='lat' dir='ltr'><strong>add,</strong></span> <span class='ocrx_word' id='word_1_499' title='bbox 559 4749 586 4810; x_wconf 76' lang='lat' dir='ltr'><strong>lrj</strong></span> <span class='ocrx_word' id='word_1_500' title='bbox 612 4750 761 4817; x_wconf 84' lang='lat' dir='ltr'><strong>principalia</strong></span> <span class='ocrx_word' id='word_1_501' title='bbox 782 4765 846 4812; x_wconf 84' lang='lat' dir='ltr'><strong>qrrae</strong></span> <span class='ocrx_word' id='word_1_502' title='bbox 869 4765 900 4798; x_wconf 84' lang='lat' dir='ltr'><strong>ex</strong></span> <span class='ocrx_word' id='word_1_503' title='bbox 925 4766 952 4799; x_wconf 88' lang='lat' dir='ltr'><strong>se</strong></span> <span class='ocrx_word' id='word_1_504' title='bbox 979 4749 1073 4798; x_wconf 84' lang='lat' dir='ltr'><strong>iaciunt</strong></span> <span class='ocrx_word' id='word_1_505' title='bbox 1099 4749 1250 4799; x_wconf 84' lang='lat' dir='ltr'><strong>diminution</strong></span> <span class='ocrx_word' id='word_1_506' title='bbox 1272 4751 1296 4799; x_wconf 86' lang='lat' dir='ltr'><em>B</em></span> <span class='ocrx_word' id='word_1_507' title='bbox 1384 4752 1417 4801; x_wconf 76' lang='lat'><strong>36</strong></span> <span class='ocrx_word' id='word_1_508' title='bbox 1442 4766 1507 4815; x_wconf 76' lang='lat' dir='ltr'><strong>sugo</strong></span> <span class='ocrx_word' id='word_1_509' title='bbox 1529 4750 1570 4800; x_wconf 70' lang='lat' dir='ltr'><strong>(ld</strong></span> 
     </span>
     <span class='ocr_line' id='line_1_46' title="bbox 279 4821 431 4886; baseline 0 -16"><span class='ocrx_word' id='word_1_510' title='bbox 279 4821 431 4886; x_wconf 80' lang='lat' dir='ltr'><strong>sugeoAB</strong></span> 
     </span>
    </p>
   </div>
   <div class='ocr_carea' id='block_1_5' title="bbox 0 0 1683 5498">
    <p class='ocr_par' dir='ltr' id='par_1_7' title="bbox 0 0 1683 5498">
     <span class='ocr_line' id='line_1_47' title="bbox 0 0 1683 5498; baseline 0 0"><span class='ocrx_word' id='word_1_511' title='bbox 0 0 1683 5498; x_wconf 95' lang='lat' dir='ltr'><strong> </strong></span> 
     </span>
    </p>
   </div>
  </div>
 </body>
</html>
