3346 5498
587 1208 626 1218 ”
747 1261 1103 1361 Avcvsuuu

580 1464 1272 1553 ARSBREVIATA

482 1670 890 1757 EIVSDEM
949 1667 1371 1755 REGVLAE

370 2060 547 2145 Augustini
570 2058 610 2123 de
632 2067 702 2122 arte
724 2057 938 2141 grammatica
957 2056 1021 2121 duo
1044 2056 1193 2120 feruntur
1214 2039 1299 2119 libii.
1329 2075 1465 2140 quorum
1488 2053 1576 2117 alter

287 2162 328 2227 ab
351 2161 473 2225 Ioanne
500 2159 718 2225 Amorbachio
745 2159 780 2222 in
806 2159 911 2246 primo
933 2158 1097 2224 volumine
1124 2179 1258 2244 operum
1280 2156 1457 2241 Augustini
1478 2155 1577 2219 Basi-

286 2263 356 2327 leae
379 2286 408 2325 a.
434 2264 514 2326 1500
542 2263 680 2348 primum
710 2261 816 2326 editus
845 2271 895 2325 est
915 2261 977 2325 hoc
998 2259 1108 2340 titulo,
1138 2264 1277 2324 Eiusdem
1300 2265 1366 2322 diui
1385 2262 1498 2322 aurelii
1517 2278 1574 2321 aa·

284 2371 400 2444 pantini
419 2369 610 2444 ipponensis
631 2369 765 2443 episcopi
786 2369 823 2426 de
842 2369 1046 2442 prammatica
1066 2367 1143 2426 liber
1164 2367 1286 2441 incipit,
1311 2360 1390 2425 etin
1404 2358 1468 2423 fine
1482 2358 1574 2441 libri,

284 2471 392 2531 Sancti
412 2471 568 2543 anpastini
587 2469 781 2543 hipponensis
801 2471 936 2544 episcopi
955 2469 1030 2528 liber
1052 2469 1089 2527 de
1108 2469 1311 2543 prammatica
1333 2467 1467 2542 explicit.
1492 2482 1574 2524 eun-

287 2568 361 2634 dem
383 2568 502 2632 librum
531 2576 562 2631 et
584 2566 762 2651 Augustini
790 2566 930 2631 editores
958 2587 1030 2629 cum
1057 2563 1190 2652 reliquis
1213 2567 1281 2630 eius
1304 2564 1457 2651 operibus
1479 2585 1574 2649 repe-

285 2673 430 2735 tiverimt
451 2678 484 2733 et
505 2669 679 2733 Putschius
701 2667 788 2731 inter
808 2665 926 2732 latinos
948 2667 1177 2752 grammaticos
1200 2666 1331 2753 recepit.
1367 2663 1506 2730 alterum
1530 2687 1574 2728 ex
1632 2644 1643 2667 ”

286 2770 397 2837 codiee
412 2769 561 2836 Palatino
580 2768 661 2833 1746
682 2768 786 2834 edidit
808 2770 849 2833 A.
864 2769 972 2834 Maius
995 2792 1069 2835 nov.
1092 2780 1160 2858 pat.
1176 2769 1256 2835 bibl.
1279 2768 1297 2831 I
1317 2768 1338 2831 2
1360 2789 1393 2853 p.
1408 2766 1470 2832 165
1486 2790 1574 2853 sqq„

286 2873 402 2938 deinde
424 2870 561 2940 Carolus
584 2870 770 2936 Fridericus
793 2869 954 2936 Weberus
978 2895 1020 2936 ex
1042 2871 1151 2938 codice
1174 2868 1397 2951 Bruxellensi‚
1421 2867 1574 2933 adhibito

284 2985 455 3062 praeterea
469 2974 619 3039 Parisino
636 2973 729 3054 7520,
744 2974 849 3058 magis
866 2973 1072 3038 emendatum
1088 2974 1237 3039 exhibuit
1249 2970 1419 3057 Marburgi
1440 2993 1470 3035 a.
1489 2970 1572 3035 1861

285 3078 332 3142 ita
352 3077 561 3163 inscriptum,
585 3097 638 3140 ars
658 3082 759 3140 sancti
778 3081 940 3154 ,inpastini
957 3097 1018 3156 pro
1036 3079 1175 3152 fratrum
1195 3081 1403 3153 mediocritate
1423 3078 1572 3138 breviata.

287 3203 328 3244 ex
350 3201 447 3244 manu
470 3177 600 3264 scriptis
624 3187 732 3243 autem
754 3178 920 3244 codicibus
943 3187 1113 3263 utrumque
1135 3176 1255 3243 librum
1278 3177 1444 3242 continent
1464 3173 1574 3240 codex

285 3281 454 3345 Parisinus
482 3280 565 3345 7620
591 3279 762 3346 undecimo
790 3278 920 3346 saeculo
948 3279 1107 3365 scriptus,
1137 3286 1245 3361 incipit
1271 3301 1324 3343 ars
1352 3284 1396 3342 s'c'i
1418 3284 1577 3357 aapastini

281 3404 343 3463 pro
361 3387 499 3459 fratrum
526 3387 732 3446 mediocritate
757 3389 907 3448 breviata.
945 3388 1072 3447 Lanitas
1099 3385 1268 3447 obseratio
1292 3420 1325 3429 -
1357 3393 1447 3461 aptas
1471 3402 1571 3445 scene.

283 3491 359 3562 finit.
384 3491 478 3564 incip.
507 3490 614 3563 reputa
641 3491 796 3564 aapastini
815 3490 863 3561 i‘p‘n
886 3490 923 3549 de
944 3491 1071 3549 nomine.
1111 3487 1217 3549 Omnia
1243 3490 1365 3548 nomina
1385 3515 1427 3540 ο-
1449 3488 1572 3546 indecli-

286 3591 386 3650 nabile
406 3597 450 3650 est
471 3592 611 3666 explicit,
642 3594 674 3649 et
701 3586 813 3651 eodem
841 3586 953 3651 ordine
979 3586 1156 3672 iisdemque
1179 3586 1442 3673 inscriptionibus
1464 3584 1573 3649 codex

287 3687 455 3752 Palatinus
479 3688 572 3769 1746,
596 3686 635 3751 de
658 3709 720 3773 quo
742 3710 843 3774 supra
864 3711 897 3775 p.
920 3688 981 3752 313
1010 3689 1044 3752 in
1067 3689 1228 3775 excerptis
1251 3686 1371 3751 Iuliani
1392 3709 1434 3751 ex
1455 3685 1571 3752 eodem

286 3788 396 3853 codice
425 3788 522 3853 editis
551 3789 673 3854 dictum
701 3800 760 3853 est.
805 3787 874 3853 ille.
887 3791 943 3876 qui
972 3789 1048 3854 olim
1077 3790 1183 3854 editus
1212 3799 1262 3853 est
1288 3788 1407 3874 legitur
1428 3789 1515 3854 solus
1536 3791 1571 3853 in

288 3887 397 3954 codice
412 3889 601 3954 Monacensi
616 3890 708 3971 6281,
733 3888 809 3954 olim
831 3891 1034 3976 Frisingensi
1055 3892 1106 3969 81,
1132 3891 1268 3956 saecli
1290 3891 1313 3956 f.
1340 3892 1441 3955 1-17
1464 3899 1495 3956 in
1517 3914 1572 3955 no·

286 4014 365 4071 mine
386 3995 444 4073 ff
462 3993 514 4073 riri
534 4015 615 4088 incip
637 4014 712 4087 repl’
736 4017 837 4074 aureli
857 4018 1010 4089 aaaustini
1029 4016 1067 4075 de
1087 4031 1165 4076 nom.
1191 4014 1296 4074 Ormia
1318 4018 1440 4075 nomina
1465 4048 1499 4057 —
1525 4017 1571 4074 in·

287 4114 467 4174 declinabile
488 4121 531 4174 est
551 4117 650 4190 capi:
678 4113 721 4175 cf.
744 4110 810 4177 vol.
833 4111 882 4175 IV
911 4112 1013 4198 praef.
1042 4135 1073 4199 p.
1097 4111 1218 4176 XLIV.
1243 4110 1340 4193 alter,
1364 4112 1419 4199 qui
1441 4134 1461 4176 a
1482 4112 1571 4176 Maio

286 4211 392 4276 editus
416 4221 480 4293 est,
503 4213 537 4274 in
553 4211 757 4278 Bruxellensi
779 4212 888 4278 codice
910 4224 993 4279 teste
1008 4213 1150 4280 Webero
1172 4236 1255 4278 nono
1278 4211 1408 4279 saeculo
1430 4215 1572 4300 scriptus

287 4323 336 4379 est
358 4314 420 4397 sic,
448 4319 553 4393 incipit
580 4335 632 4379 ars
657 4323 758 4381 sancti
783 4322 936 4394 aupastini
955 4337 1018 4396 pro
1035 4320 1173 4392 fratrum
1195 4321 1400 4381 mediocritate
1422 4322 1571 4382 dreaiata.

287 4421 436 4481 latinitas
456 4427 501 4480 est
523 4421 693 4484 obsecratio
714 4455 756 4466 —
778 4430 868 4498 aptas
887 4440 1004 4483 scenae.
1035 4424 1161 4498 explicit
1182 4441 1234 4482 ars
1255 4425 1354 4483 sancti
1373 4425 1535 4497 aapastini.

370 4519 422 4583 De
450 4520 578 4584 nomine
609 4528 716 4585 autem
745 4520 922 4606 Augustini
950 4521 984 4583 in
1011 4521 1119 4606 priore
1147 4519 1246 4600 libro,
1269 4520 1335 4585 iam
1357 4521 1446 4606 prius
1472 4542 1571 4606 quam

287 4620 393 4685 editus
417 4630 503 4685 esset
524 4619 624 4702 alter,
648 4624 863 4708 suspicionem
886 4631 1055 4687 moverant
1077 4621 1281 4687 Benedictini
1303 4643 1436 4708 operum
1457 4624 1572 4707 Augu-

286 4721 364 4786 stini
391 4721 531 4788 editores
555 4724 754 4809 Antserpiae
783 4747 813 4788 a.
839 4724 929 4789 1700.
959 4723 1013 4809 qui
1042 4746 1185 4811 eaquae
1211 4725 1245 4788 in
1267 4722 1322 4786 illo
1342 4724 1425 4789 libro
1448 4727 1573 4810 scripta

285 4833 361 4888 sunt
388 4823 573 4912 discrepare
601 4825 760 4891 videbant
787 4825 829 4924 ab
856 4825 907 4889 his
937 4847 1020 4912 quae
1046 4827 1086 4890 de
1114 4848 1172 4890 suo
1201 4847 1296 4911 opere
1324 4827 1491 4912 professus
1520 4838 1574 4892 est
