3346 5498
254 408 316 472 616
811 407 993 472 dicubuit

279 530 301 571 p.
314 516 452 560 27504212.

254 597 338 659 verbi
361 599 508 677 positione
530 599 628 659 luerat
651 600 716 658 eius
737 597 901 665 iudicium,
923 595 1091 677 καλοῦμαι
1113 594 1273 674 καλεῖται,
1296 588 1348 656 ὅτι
1369 595 1465 657 καλοῖ
1488 615 1557 657 κα-

254 698 334 778 λεῖς,
357 700 485 761 seeunda
508 702 540 760 in
562 718 583 759 α
604 707 727 780 propter
749 699 873 759 eandem
895 716 1024 766 eausam,
1047 687 1190 778 τιμῦμαι
1205 697 1347 777 τιμᾶται,
1370 691 1421 759 ὅτι
1437 699 1555 780 τιμᾷς.

254 809 376 861 namet
400 800 584 881 χρυσοῦται
607 802 676 862 ideo
697 803 808 862 retinet
829 820 888 879 ον,
915 801 985 880 quia
1007 801 1175 880 propinqua
1202 801 1299 878 priori
1325 807 1385 860 est:
1419 808 1555 880 utraque

254 903 334 962 enim
358 902 557 982 diphthongus
580 922 612 964 οι
634 911 664 963 et
686 922 728 964 oo
749 921 805 983 per
826 920 844 962 ο
871 901 1001 963 litteram
1029 908 1247 981 conponuntur.
1291 903 1424 962 tutorum
1447 909 1556 962 autem

255 1000 520 1085 περισπωμένων
548 1013 578 1065 et
604 1006 634 1065 in
663 1003 816 1084 barytonis
841 1012 903 1065 tam
930 1021 1073 1084 praesens
1094 1021 1182 1083 quam
1205 1004 1337 1064 luturum
1360 1022 1378 1064 ο
1404 1003 1583 1072 litteram,a

254 1123 329 1184 quae
351 1106 409 1167 luit
430 1106 611 1186 paenultima
634 1109 758 1186 primae,
780 1123 834 1185 per
851 1105 969 1166 tertiam
993 1107 1023 1166 in
1046 1106 1233 1174 etranslert,
1256 1113 1290 1165 ut
1315 1113 1418 1166 natura
1446 1103 1557 1165 brevis

253 1214 383 1268 mutetur
412 1209 441 1267 in
474 1215 578 1269 natura
611 1207 748 1279 brevem,
776 1201 1007 1287 φιληθήσομαι
1035 1202 1275 1288 φιληθήσεται,
1300 1203 1304 1287 Ι
1327 1200 1465 1287 λέγομαι
1492 1202 1556 1268 λέ-

254 1327 363 1387 γεται,
394 1306 599 1390 λεχθήσομαι
622 1303 831 1389 λεχθήσεται.
875 1311 1088 1388 cuiuscumque
1111 1307 1194 1368 verbi
1222 1309 1331 1388 passivi
1359 1307 1405 1368 vel
1427 1310 1554 1388 passivo

254 1411 361 1470 similis
382 1413 477 1489 prima
501 1429 627 1490 persona
650 1410 773 1490 pluralis
795 1412 826 1469 in
846 1428 1033 1490 quocumque
1055 1418 1189 1491 tempore
1211 1412 1242 1471 in
1263 1411 1312 1470 θα
1327 1409 1468 1489 syllabam
1495 1409 1551 1471 de·

253 1513 339 1581 sinit,
381 1508 554 1592 νοούμεθα
588 1506 779 1592 ένοούμεθα
818 1508 1010 1592 νενοήμεθα
1048 1505 1256 1592 ένενοήμεθα
1288 1506 1550 1592 νοηθησόμεθαε
1566 1532 1595 1572 ιο

254 1606 413 1692 ἀόριστον
435 1616 528 1683 enim,
557 1616 608 1693 qui
632 1614 711 1674 solus
734 1616 764 1674 in
787 1632 850 1694 μεν
877 1615 950 1683 exit,
975 1608 1183 1694 ἐνοήθημεν,
1205 1621 1330 1683 transeo,
1353 1615 1424 1693 quia
1445 1612 1551 1675 Latini

254 1717 401 1792 ignorant.
444 1732 498 1794 per
520 1717 619 1775 omnia
641 1724 774 1794 tempora
802 1716 928 1794 primam
951 1733 1108 1794 personam
1135 1714 1279 1793 pluralem
1312 1716 1453 1775 maiorem
1477 1734 1551 1795 pro·

252 1817 354 1877 lerunt
368 1815 521 1895 singulari,
545 1814 632 1877 ποιῶ
646 1817 821 1897 ποιοῦμεν,
845 1813 986 1879 ἐποίουν
1002 1813 1195 1896 ἐποιοῦμεν,
1211 1816 1378 1897 πεποίηκα
1400 1814 1552 1898 πεποιή-

254 1938 373 1999 καμεν,
398 1915 612 2000 ἐπεποιήκειν
627 1914 894 1999 ἐπεποιήκειμεν,
916 1913 1046 1999 ποιήσω
1061 1911 1259 1998 ποιήσομενε
1282 1920 1325 1977 sic
1340 1927 1370 1977 et
1384 1917 1553 1999 ποιοῦμαι

254 2016 456 2100 ποιούμεθα,
469 2016 655 2101 ἐποιούμην
667 2016 886 2101 ἐποιούμεθα,
902 2018 1083 2100 πεποίημαι
1095 2014 1317 2099 πεποιήμεθα,
1335 2016 1552 2101 ἐπεποιήμην
1566 2041 1593 2081 15

255 2117 501 2202 ἐπεποιήμεθα,
524 2119 751 2203 ποιηθήσομαι
777 2116 1045 2202 ποιηθησύμεθα.
1090 2124 1133 2181 sie
1162 2129 1192 2181 et
1220 2121 1297 2200 apud
1326 2121 1447 2182 latinos
1482 2141 1553 2183 amo

254 2242 399 2293 amamus,
429 2206 563 2284 amabam
591 2223 770 2295 amabamus,
805 2226 898 2285 amavi
922 2224 1096 2293 amavimus,
1129 2241 1294 2284 amaveram
1332 2242 1552 2296 amaveramus,

254 2323 358 2384 amabo
385 2325 564 2397 amabimus;
588 2329 631 2387 sie
653 2336 683 2386 et
712 2345 795 2386 amor
824 2344 966 2394 amamur,
989 2324 1110 2387 amabar
1125 2325 1305 2394 amabamur,
1329 2325 1450 2386 amabor
1467 2345 1553 2387 ama·

255 2425 363 2486 bimur.
408 2429 438 2488 in
466 2430 580 2505 graecis
606 2426 707 2488 verbis
729 2428 857 2488 secunda
881 2446 1007 2507 persona
1036 2427 1160 2507 pluralis
1187 2430 1280 2489 activa
1314 2446 1400 2489 unam
1424 2428 1553 2490 ultimae

254 2527 385 2607 syllabae
407 2548 478 2590 suae
501 2529 630 2590 litteram
653 2549 671 2590 τ
693 2538 788 2590 mutat
809 2532 840 2589 in
856 2540 876 2586 ο
891 2525 947 2589 καί
961 2532 988 2589 θ
1002 2536 1032 2589 et
1044 2531 1075 2590 tit
1089 2531 1215 2609 passiva,
1240 2536 1363 2590 ποιεῖτε
1378 2533 1552 2611 ποιεῖσθε,
1567 2552 1595 2592 ιο

253 2624 400 2710 γράφετε
420 2626 610 2710 γρύφεσθεε
633 2632 711 2710 ηοοι]
734 2650 792 2691 non
809 2633 928 2691 mireris
946 2633 977 2691 in
992 2633 1163 2710 praeteritis
1184 2632 1327 2711 perlectis
1343 2650 1401 2692 non
1416 2633 1552 2703 evenire,

254 2750 321 2791 eum
344 2726 547 2812 πεποιήκατε
568 2729 799 2813 πεποιήκασθε
815 2752 873 2794 non
895 2734 994 2801 faeiat,
1011 2733 1062 2793 sed
1086 2733 1283 2813 πεποίησθε,
1306 2751 1361 2794 σοι
1384 2729 1555 2796 λελύκατε

255 2827 458 2912 λελύκασθε,
481 2834 532 2895 sed
556 2832 712 2913 λέλυσθε,
736 2854 791 2895 neo
813 2830 1007 2915 trepuditare
1029 2831 1269 2914 πεφράκασθε,
1293 2834 1344 2895 εει]
1367 2829 1554 2915 πέφρασθε

255 2942 286 2994 et
307 2936 426 2996 similia.
472 2937 529 2997 alia
552 2939 632 2997 enim
656 2936 757 3014 regula
780 2936 827 2997 ins
850 2935 1036 3017 temporibus
1058 2936 1195 3007 obviavit,
1219 2939 1305 2998 cuius
1319 2938 1479 3016 imperium
1502 2947 1556 2999 est

254 3044 287 3095 ut
312 3039 410 3097 omnia
437 3036 528 3098 verba
555 3057 679 3118 quorum
709 3041 805 3117 prima
828 3058 954 3119 persona
984 3042 1015 3099 in
1041 3042 1089 3099 θα
1118 3040 1179 3099 exit
1206 3039 1367 3099 secundam
1401 3040 1592 3100 minoremao

254 3135 367 3217 syllaba
396 3139 559 3216 proferant.
610 3142 636 3201 si
664 3159 735 3218 ergo
768 3143 889 3201 lecisset
917 3137 1167 3221 πεποιήκασθε,
1203 3159 1256 3220 par
1290 3142 1554 3204 loret.numerus

254 3238 435 3318 syllabarum
462 3260 530 3301 eum
558 3244 654 3322 prima
681 3237 909 3322 πεποιήμεθα,
936 3244 961 3302 εἰ
985 3238 1192 3321 λελύκασθε,
1221 3260 1288 3303 cum
1311 3238 1499 3323 λελύμεθα,
1525 3247 1554 3306 si

254 3336 487 3422 πεφράκασθε,
511 3361 577 3403 eum
601 3341 812 3424 πεφρύμεθα.
854 3344 921 3404 ideo
944 3346 1115 3404 necessario
1138 3343 1249 3423 syllaba
1276 3345 1372 3405 media
1395 3344 1554 3408 subtracta

255 3442 367 3503 resedit
389 3443 577 3524 πεποίησθε
599 3440 744 3505 λέλυσθε
766 3440 955 3525 πέφρασθε.
1000 3453 1134 3507 ceterum
1161 3452 1288 3506 ποιεῖτε
1316 3448 1471 3508 ποιεῖσθε
1494 3444 1556 3510 λέ-

253 3563 329 3622 γετε
344 3540 483 3623 λέγεσθε
498 3549 592 3626 priori
608 3547 728 3624 regulae
741 3546 926 3627 obsequitur,
942 3549 1011 3627 quia
1027 3566 1086 3609 non
1099 3557 1244 3628 repugnat
1260 3550 1411 3628 sequenti:
1428 3546 1554 3611 ποιού-
1567 3574 1594 3613 ao

254 3648 342 3726 μεθα
365 3648 444 3706 enim
468 3650 632 3727 ποιεῖσθε,
655 3644 822 3728 λεγόμεθα
844 3644 995 3726 λέγεσθε.
1039 3653 1069 3710 in
1094 3649 1193 3710 verbis
1215 3652 1340 3729 passivis
1362 3649 1408 3709 vel
1429 3654 1555 3731 passivo

255 3747 403 3809 similibus
424 3768 552 3828 persona
575 3752 663 3810 tertia
685 3749 845 3828 singularis
868 3751 1011 3811 additor
1034 3760 1101 3813 ante
1124 3770 1142 3811 τ
1164 3771 1231 3813 eum
1259 3753 1373 3831 primae
1401 3770 1554 3830 personae

254 3851 436 3929 paenultima
459 3854 578 3912 tertiam
600 3851 745 3931 pluralem
762 3853 841 3922 lacit,
867 3848 997 3931 λέγεται
1013 3848 1178 3933 λέγονται,
1201 3859 1344 3913 ποιεῖται
1359 3853 1554 3926 ποιοῦνται,

254 3951 430 4031 πεποίηται
452 3952 662 4034 πεποίηνται,
685 3955 796 4034 είρητο
820 3955 965 4035 είρηντο,
988 3952 1119 4034 ἐλέγετο
1143 3951 1311 4034 ἐλέγοντο,
1335 3947 1396 4016 ἐὰν
1414 3949 1556 4036 λέγηται

256 4045 317 4114 ἐὰν
346 4050 525 4133 λέγωνται,
555 4052 586 4116 ει’
612 4050 740 4134 λέγοιτο
770 4053 801 4116 εί
826 4054 987 4134 λε’γοιντο.
1033 4057 1111 4117 unde
1140 4057 1189 4118 illa
1222 4060 1383 4137 praeterita
1416 4059 1555 4137 perlecta
1571 4084 1599 4126 aa

254 4175 329 4236 quae
358 4157 404 4216 liis
433 4156 543 4218 litteris
570 4160 601 4218 in
629 4159 727 4219 medio
755 4166 891 4219 contexta
914 4166 997 4229 sunt,
1021 4170 1053 4220 ut
1076 4161 1105 4218 in
1130 4160 1215 4219 tertia
1238 4178 1364 4238 persona
1398 4159 1510 4238 plurali
1534 4181 1558 4222 ν

255 4276 313 4318 non
341 4261 436 4337 possit
464 4259 600 4336 adiungi,
625 4260 767 4320 advocant
790 4259 848 4320 sibi
870 4262 1042 4339 participia:
1067 4256 1071 4340 l
1095 4256 1253 4340 τέτιλται,
1282 4263 1351 4340 quia
1375 4263 1454 4322 inter
1478 4260 1499 4322 λ
1525 4273 1558 4325 et

253 4379 271 4419 τ
293 4379 314 4420 ν
337 4379 403 4419 esse
426 4379 484 4422 nun
509 4364 618 4441 potuit,
643 4365 690 4421 eoi
714 4381 769 4422 neo
791 4362 872 4423 llnali
895 4381 960 4423 esse
993 4371 1059 4443 post
1087 4359 1219 4443 λάμβδα
1247 4381 1302 4422 nec
1325 4365 1458 4442 incipere
1483 4373 1557 4426 ante

254 4468 320 4523 ταύ
341 4463 386 4522 las
409 4472 481 4532 erat,
507 4465 617 4523 laetum
633 4471 678 4522 est
693 4460 877 4544 τετιλμένοι
893 4460 996 4525 είσίνε
1018 4461 1202 4544 γέγραπται
1217 4465 1362 4534 similiter,
1386 4467 1456 4544 quia
1471 4467 1559 4529 inter

254 4579 277 4622 π
311 4560 367 4624 καί
389 4584 406 4623 τ
430 4582 487 4624 non
519 4564 693 4626 admittebat
720 4585 758 4645 ν,
786 4563 1010 4647 γεγραμμένοι
1038 4562 1135 4646 εἰσίν,
1168 4563 1328 4627 τίτνπται
1350 4563 1558 4647 τετυμμεῆιοι
1573 4603 1602 4647 to

252 4697 556 4710 n———n—-n—

323 4753 339 4799 6
360 4762 387 4799 ut
405 4752 527 4801 naturalis
546 4752 631 4801 breuis
651 4753 674 4800 in
690 4765 778 4801 nattum
791 4753 893 4802 breuem
906 4754 931 4801 P
998 4754 1030 4803 32
1044 4768 1153 4816 persona
1167 4755 1239 4803 tertia
1252 4754 1387 4814 singularis
1401 4752 1484 4805 Ιαπαε
1498 4772 1560 4823 per-

254 4821 601 4885 sonaseeuudapluralisl’
666 4816 1038 4886 ΒῖιλέγωνταήλεγοκταιΡ
1103 4822 1272 4872 diastolas
1287 4824 1310 4871 P
1379 4819 1560 4891 38mti]eum

254 4886 279 4934 Ι)
344 4888 378 4934 to
395 4887 546 4938 admittebat
558 4905 604 4954 ap
616 4888 809 4938 admittebamus
822 4891 847 4938 P
913 4885 1060 4957 τέτυκται]
1074 4905 1227 4942 τετετνπτε
1240 4891 1264 4940 l'
