<?xml version="1.0" encoding="UTF-8"?>
<!DOCTYPE html PUBLIC "-//W3C//DTD XHTML 1.0 Transitional//EN"
    "http://www.w3.org/TR/xhtml1/DTD/xhtml1-transitional.dtd">
<html xmlns="http://www.w3.org/1999/xhtml" xml:lang="en" lang="en">
 <head>
  <title>
</title>
<meta http-equiv="Content-Type" content="text/html;charset=utf-8" />
  <meta name='ocr-system' content='tesseract 3.04.00' />
  <meta name='ocr-capabilities' content='ocr_page ocr_carea ocr_par ocr_line ocrx_word'/>
</head>
<body>
  <div class='ocr_page' id='page_1' title='image "./grammaticilatin03keilgoog_0236.png"; bbox 0 0 3346 5498; ppageno 0'>
   <div class='ocr_carea' id='block_1_1' title="bbox 662 369 1423 438">
    <p class='ocr_par' dir='ltr' id='par_1_1' title="bbox 662 369 1423 438">
     <span class='ocr_line' id='line_1_1' title="bbox 662 369 1423 438; baseline -0.003 0"><span class='ocrx_word' id='word_1_1' title='bbox 662 375 900 438; x_wconf 84' lang='lat' dir='ltr'><strong>COblblENTVbl</strong></span> <span class='ocrx_word' id='word_1_2' title='bbox 1359 369 1423 436; x_wconf 78' lang='lat'><strong>223</strong></span> 
     </span>
    </p>
   </div>
   <div class='ocr_carea' id='block_1_2' title="bbox 22 481 1547 4418">
    <p class='ocr_par' dir='ltr' id='par_1_2' title="bbox 128 481 1423 949">
     <span class='ocr_line' id='line_1_2' title="bbox 1238 481 1397 535; baseline -0.013 -12"><span class='ocrx_word' id='word_1_3' title='bbox 1238 494 1260 535; x_wconf 77' lang='lat' dir='ltr'><strong>p.</strong></span> <span class='ocrx_word' id='word_1_4' title='bbox 1273 483 1362 525; x_wconf 71' lang='lat' dir='ltr'><strong>sse-sa</strong></span> <span class='ocrx_word' id='word_1_5' title='bbox 1375 481 1397 521; x_wconf 84' lang='lat' dir='ltr'><strong>x.</strong></span> 
     </span>
     <span class='ocr_line' id='line_1_3' title="bbox 128 551 1423 642; baseline -0.002 -17"><span class='ocrx_word' id='word_1_6' title='bbox 128 582 192 629; x_wconf 86' lang='lat' dir='ltr'><strong>uno</strong></span> <span class='ocrx_word' id='word_1_7' title='bbox 214 562 302 624; x_wconf 93' lang='lat' dir='ltr'><strong>modo</strong></span> <span class='ocrx_word' id='word_1_8' title='bbox 325 562 520 631; x_wconf 89' lang='lat' dir='ltr'><strong>declinamus;</strong></span> <span class='ocrx_word' id='word_1_9' title='bbox 549 551 697 642; x_wconf 86' lang='lat' dir='ltr'><strong>passivum</strong></span> <span class='ocrx_word' id='word_1_10' title='bbox 725 580 884 623; x_wconf 89' lang='lat' dir='ltr'><strong>commune</strong></span> <span class='ocrx_word' id='word_1_11' title='bbox 914 568 945 622; x_wconf 93' lang='lat' dir='ltr'><strong>et</strong></span> <span class='ocrx_word' id='word_1_12' title='bbox 966 562 1118 641; x_wconf 89' lang='lat' dir='ltr'><strong>deponens</strong></span> <span class='ocrx_word' id='word_1_13' title='bbox 1140 580 1199 622; x_wconf 91' lang='lat' dir='ltr'><strong>uno</strong></span> <span class='ocrx_word' id='word_1_14' title='bbox 1221 560 1310 622; x_wconf 92' lang='lat' dir='ltr'><strong>modo</strong></span> <span class='ocrx_word' id='word_1_15' title='bbox 1332 559 1423 622; x_wconf 91' lang='lat' dir='ltr'><strong>decli·</strong></span> 
     </span>
     <span class='ocr_line' id='line_1_4' title="bbox 128 662 1422 744; baseline -0.003 -17"><span class='ocrx_word' id='word_1_16' title='bbox 128 684 244 727; x_wconf 88' lang='lat' dir='ltr'><strong>namus.</strong></span> <span class='ocrx_word' id='word_1_17' title='bbox 290 683 361 743; x_wconf 83' lang='lat' dir='ltr'><strong>ergo</strong></span> <span class='ocrx_word' id='word_1_18' title='bbox 383 667 414 726; x_wconf 90' lang='lat' dir='ltr'><strong>in</strong></span> <span class='ocrx_word' id='word_1_19' title='bbox 437 666 539 726; x_wconf 78' lang='lat' dir='ltr'><strong>activis</strong></span> <span class='ocrx_word' id='word_1_20' title='bbox 561 666 641 725; x_wconf 90' lang='lat' dir='ltr'><strong>etin</strong></span> <span class='ocrx_word' id='word_1_21' title='bbox 664 662 856 744; x_wconf 77' lang='lat' dir='ltr'><strong>neutrallibus</strong></span> <span class='ocrx_word' id='word_1_22' title='bbox 878 670 946 724; x_wconf 89' lang='lat' dir='ltr'><strong>ante</strong></span> <span class='ocrx_word' id='word_1_23' title='bbox 969 663 1087 726; x_wconf 91' lang='lat' dir='ltr'><strong>ultimas</strong></span> <span class='ocrx_word' id='word_1_24' title='bbox 1108 663 1222 725; x_wconf 78' lang='lat' dir='ltr'><strong>litteras</strong></span> <span class='ocrx_word' id='word_1_25' title='bbox 1242 664 1422 743; x_wconf 90' lang='lat' dir='ltr'><strong>quaerimus,</strong></span> 
     </span>
     <span class='ocr_line' id='line_1_5' title="bbox 129 764 1423 848; baseline -0.002 -20"><span class='ocrx_word' id='word_1_26' title='bbox 129 769 161 828; x_wconf 91' lang='lat' dir='ltr'><strong>in</strong></span> <span class='ocrx_word' id='word_1_27' title='bbox 188 768 310 848; x_wconf 81' lang='lat' dir='ltr'><strong>passivis</strong></span> <span class='ocrx_word' id='word_1_28' title='bbox 338 766 545 829; x_wconf 91' lang='lat' dir='ltr'><strong>communibus</strong></span> <span class='ocrx_word' id='word_1_29' title='bbox 572 775 602 827; x_wconf 92' lang='lat' dir='ltr'><strong>et</strong></span> <span class='ocrx_word' id='word_1_30' title='bbox 628 765 847 846; x_wconf 80' lang='lat' dir='ltr'><strong>deponentibus</strong></span> <span class='ocrx_word' id='word_1_31' title='bbox 876 774 944 827; x_wconf 93' lang='grc' dir='ltr'><strong>ωηο</strong></span> <span class='ocrx_word' id='word_1_32' title='bbox 970 764 1088 827; x_wconf 91' lang='lat' dir='ltr'><strong>ultimas</strong></span> <span class='ocrx_word' id='word_1_33' title='bbox 1117 764 1253 845; x_wconf 76' lang='lat' dir='ltr'><strong>syllabas.</strong></span> <span class='ocrx_word' id='word_1_34' title='bbox 1298 764 1423 844; x_wconf 86' lang='lat' dir='ltr'><strong>etquid</strong></span> 
     </span>
     <span class='ocr_line' id='line_1_6' title="bbox 129 861 1423 949; baseline -0.005 -18"><span class='ocrx_word' id='word_1_35' title='bbox 129 870 328 949; x_wconf 75' lang='lat' dir='ltr'><strong>requirimus?</strong></span> <span class='ocrx_word' id='word_1_36' title='bbox 350 869 404 931; x_wconf 91' lang='lat' dir='ltr'><strong>bas</strong></span> <span class='ocrx_word' id='word_1_37' title='bbox 426 877 488 930; x_wconf 92' lang='lat' dir='ltr'><strong>tres</strong></span> <span class='ocrx_word' id='word_1_38' title='bbox 509 867 636 938; x_wconf 90' lang='lat' dir='ltr'><strong>vocales,</strong></span> <span class='ocrx_word' id='word_1_39' title='bbox 660 861 715 929; x_wconf 89' lang='lat' dir='ltr'><strong>ae</strong></span> <span class='ocrx_word' id='word_1_40' title='bbox 738 870 756 929; x_wconf 93' lang='lat' dir='ltr'><strong>i.</strong></span> <span class='ocrx_word' id='word_1_41' title='bbox 802 869 877 930; x_wconf 89' lang='lat' dir='ltr'><strong>etsi</strong></span> <span class='ocrx_word' id='word_1_42' title='bbox 900 887 916 928; x_wconf 92' lang='lat' dir='ltr'><strong>a</strong></span> <span class='ocrx_word' id='word_1_43' title='bbox 939 868 1042 937; x_wconf 87' lang='lat' dir='ltr'><strong>luerit,</strong></span> <span class='ocrx_word' id='word_1_44' title='bbox 1067 868 1175 929; x_wconf 90' lang='lat' dir='ltr'><strong>dicitur</strong></span> <span class='ocrx_word' id='word_1_45' title='bbox 1202 868 1297 947; x_wconf 90' lang='lat' dir='ltr'><strong>prima</strong></span> <span class='ocrx_word' id='word_1_46' title='bbox 1321 867 1423 926; x_wconf 91' lang='lat' dir='ltr'><strong>coniu-</strong></span> 
     </span>
    </p>

    <p class='ocr_par' dir='ltr' id='par_1_3' title="bbox 22 968 1547 4418">
     <span class='ocr_line' id='line_1_7' title="bbox 101 968 1424 1050; baseline 0 -22"><span class='ocrx_word' id='word_1_47' title='bbox 101 973 224 1050; x_wconf 79' lang='lat' dir='ltr'><strong>sgati03</strong></span> <span class='ocrx_word' id='word_1_48' title='bbox 247 974 272 1032; x_wconf 91' lang='lat' dir='ltr'><strong>si</strong></span> <span class='ocrx_word' id='word_1_49' title='bbox 295 991 326 1041; x_wconf 89' lang='lat' dir='ltr'><strong>e,</strong></span> <span class='ocrx_word' id='word_1_50' title='bbox 350 971 460 1032; x_wconf 89' lang='lat' dir='ltr'><strong>dicitur</strong></span> <span class='ocrx_word' id='word_1_51' title='bbox 481 971 611 1033; x_wconf 87' lang='lat' dir='ltr'><strong>secunda</strong></span> <span class='ocrx_word' id='word_1_52' title='bbox 634 971 818 1048; x_wconf 77' lang='lat' dir='ltr'><strong>coniugatio;</strong></span> <span class='ocrx_word' id='word_1_53' title='bbox 847 971 872 1031; x_wconf 89' lang='lat' dir='ltr'><strong>si</strong></span> <span class='ocrx_word' id='word_1_54' title='bbox 894 971 913 1040; x_wconf 86' lang='lat' dir='ltr'><strong>i,</strong></span> <span class='ocrx_word' id='word_1_55' title='bbox 942 970 1050 1031; x_wconf 91' lang='lat' dir='ltr'><strong>dicitur</strong></span> <span class='ocrx_word' id='word_1_56' title='bbox 1078 971 1173 1031; x_wconf 83' lang='lat' dir='ltr'><strong>tertia.</strong></span> <span class='ocrx_word' id='word_1_57' title='bbox 1219 968 1298 1029; x_wconf 90' lang='lat' dir='ltr'><strong>bono</strong></span> <span class='ocrx_word' id='word_1_58' title='bbox 1320 968 1424 1029; x_wconf 89' lang='lat' dir='ltr'><strong>ordine</strong></span> 
     </span>
     <span class='ocr_line' id='line_1_8' title="bbox 129 1071 1425 1153; baseline -0.003 -19"><span class='ocrx_word' id='word_1_59' title='bbox 129 1081 311 1152; x_wconf 86' lang='lat' dir='ltr'><strong>acceperunt</strong></span> <span class='ocrx_word' id='word_1_60' title='bbox 333 1075 462 1142; x_wconf 90' lang='lat' dir='ltr'><strong>uomina,</strong></span> <span class='ocrx_word' id='word_1_61' title='bbox 486 1075 626 1153; x_wconf 84' lang='lat' dir='ltr'><strong>quoniam</strong></span> <span class='ocrx_word' id='word_1_62' title='bbox 649 1074 731 1153; x_wconf 91' lang='lat' dir='ltr'><strong>ipsae</strong></span> <span class='ocrx_word' id='word_1_63' title='bbox 752 1072 869 1134; x_wconf 90' lang='lat' dir='ltr'><strong>vocales</strong></span> <span class='ocrx_word' id='word_1_64' title='bbox 890 1073 934 1133; x_wconf 93' lang='lat' dir='ltr'><strong>sic</strong></span> <span class='ocrx_word' id='word_1_65' title='bbox 956 1081 1089 1133; x_wconf 91' lang='lat' dir='ltr'><strong>currunt.</strong></span> <span class='ocrx_word' id='word_1_66' title='bbox 1135 1071 1239 1132; x_wconf 90' lang='lat' dir='ltr'><strong>eodem</strong></span> <span class='ocrx_word' id='word_1_67' title='bbox 1270 1071 1374 1132; x_wconf 89' lang='lat' dir='ltr'><strong>ordine</strong></span> <span class='ocrx_word' id='word_1_68' title='bbox 1397 1077 1425 1131; x_wconf 92' lang='lat' dir='ltr'><strong>et</strong></span> 
     </span>
     <span class='ocr_line' id='line_1_9' title="bbox 129 1171 1426 1255; baseline -0.004 -18"><span class='ocrx_word' id='word_1_69' title='bbox 129 1177 352 1254; x_wconf 82' lang='lat' dir='ltr'><strong>coniugationes</strong></span> <span class='ocrx_word' id='word_1_70' title='bbox 374 1176 495 1236; x_wconf 89' lang='lat' dir='ltr'><strong>nomina</strong></span> <span class='ocrx_word' id='word_1_71' title='bbox 517 1181 706 1255; x_wconf 88' lang='lat' dir='ltr'><strong>acceperunt.</strong></span> <span class='ocrx_word' id='word_1_72' title='bbox 751 1191 823 1252; x_wconf 82' lang='lat' dir='ltr'><strong>ergo</strong></span> <span class='ocrx_word' id='word_1_73' title='bbox 846 1189 921 1250; x_wconf 89' lang='lat' dir='ltr'><strong>quae</strong></span> <span class='ocrx_word' id='word_1_74' title='bbox 948 1175 1043 1254; x_wconf 90' lang='lat' dir='ltr'><strong>prima</strong></span> <span class='ocrx_word' id='word_1_75' title='bbox 1073 1172 1168 1234; x_wconf 88' lang='lat' dir='ltr'><strong>littera</strong></span> <span class='ocrx_word' id='word_1_76' title='bbox 1197 1180 1243 1233; x_wconf 90' lang='lat' dir='ltr'><strong>est</strong></span> <span class='ocrx_word' id='word_1_77' title='bbox 1270 1174 1332 1252; x_wconf 90' lang='lat' dir='ltr'><strong>ipsa</strong></span> <span class='ocrx_word' id='word_1_78' title='bbox 1355 1171 1426 1233; x_wconf 87' lang='lat' dir='ltr'><strong>iacit</strong></span> 
     </span>
     <span class='ocr_line' id='line_1_10' title="bbox 94 1267 1425 1358; baseline -0.005 -19"><span class='ocrx_word' id='word_1_79' title='bbox 94 1267 102 1273; x_wconf 62' lang='grc'><strong>’</strong></span> <span class='ocrx_word' id='word_1_80' title='bbox 128 1279 257 1358; x_wconf 89' lang='lat' dir='ltr'><strong>primam</strong></span> <span class='ocrx_word' id='word_1_81' title='bbox 281 1278 527 1356; x_wconf 83' lang='lat' dir='ltr'><strong>coniugationem,</strong></span> <span class='ocrx_word' id='word_1_82' title='bbox 551 1294 627 1355; x_wconf 91' lang='lat' dir='ltr'><strong>quae</strong></span> <span class='ocrx_word' id='word_1_83' title='bbox 649 1275 781 1338; x_wconf 89' lang='lat' dir='ltr'><strong>secunda</strong></span> <span class='ocrx_word' id='word_1_84' title='bbox 802 1273 973 1345; x_wconf 89' lang='lat' dir='ltr'><strong>secundam,</strong></span> <span class='ocrx_word' id='word_1_85' title='bbox 996 1294 1071 1355; x_wconf 91' lang='lat' dir='ltr'><strong>quac</strong></span> <span class='ocrx_word' id='word_1_86' title='bbox 1087 1277 1173 1336; x_wconf 92' lang='lat' dir='ltr'><strong>tertia</strong></span> <span class='ocrx_word' id='word_1_87' title='bbox 1195 1276 1322 1336; x_wconf 85' lang='lat' dir='ltr'><strong>tertiam.</strong></span> <span class='ocrx_word' id='word_1_88' title='bbox 1353 1290 1425 1351; x_wconf 83' lang='lat' dir='ltr'><strong>ergo</strong></span> 
     </span>
     <span class='ocr_line' id='line_1_11' title="bbox 130 1375 1425 1460; baseline -0.002 -20"><span class='ocrx_word' id='word_1_89' title='bbox 130 1399 191 1460; x_wconf 86' lang='lat' dir='ltr'><strong>quo</strong></span> <span class='ocrx_word' id='word_1_90' title='bbox 212 1378 301 1440; x_wconf 92' lang='lat' dir='ltr'><strong>modo</strong></span> <span class='ocrx_word' id='word_1_91' title='bbox 322 1377 372 1439; x_wconf 93' lang='lat' dir='ltr'><strong>illa</strong></span> <span class='ocrx_word' id='word_1_92' title='bbox 396 1380 527 1458; x_wconf 86' lang='lat' dir='ltr'><strong>quinque</strong></span> <span class='ocrx_word' id='word_1_93' title='bbox 549 1378 738 1440; x_wconf 76' lang='lat' dir='ltr'><strong>invenimusi</strong></span> <span class='ocrx_word' id='word_1_94' title='bbox 772 1395 838 1438; x_wconf 90' lang='lat' dir='ltr'><strong>amo</strong></span> <span class='ocrx_word' id='word_1_95' title='bbox 860 1395 942 1439; x_wconf 86' lang='lat' dir='ltr'><strong>amas</strong></span> <span class='ocrx_word' id='word_1_96' title='bbox 966 1375 997 1456; x_wconf 91' lang='lat' dir='ltr'><strong>[a</strong></span> <span class='ocrx_word' id='word_1_97' title='bbox 1019 1383 1087 1437; x_wconf 89' lang='grc' dir='ltr'><strong>ωηο</strong></span> <span class='ocrx_word' id='word_1_98' title='bbox 1109 1396 1123 1438; x_wconf 97' lang='lat' dir='ltr'><strong>s</strong></span> <span class='ocrx_word' id='word_1_99' title='bbox 1145 1375 1288 1456; x_wconf 83' lang='lat' dir='ltr'><strong>litteram]</strong></span> <span class='ocrx_word' id='word_1_100' title='bbox 1312 1376 1425 1454; x_wconf 86' lang='lat' dir='ltr'><strong>primae</strong></span> 
     </span>
     <span class='ocr_line' id='line_1_12' title="bbox 89 1477 1425 1559; baseline 0 -23"><span class='ocrx_word' id='word_1_101' title='bbox 89 1499 117 1537; x_wconf 84' lang='grc' dir='ltr'><strong>ιο</strong></span> <span class='ocrx_word' id='word_1_102' title='bbox 131 1489 178 1542; x_wconf 87' lang='lat' dir='ltr'><strong>est</strong></span> <span class='ocrx_word' id='word_1_103' title='bbox 206 1482 433 1559; x_wconf 82' lang='lat' dir='ltr'><strong>coniugationis:</strong></span> <span class='ocrx_word' id='word_1_104' title='bbox 463 1500 479 1541; x_wconf 93' lang='lat' dir='ltr'><strong>a</strong></span> <span class='ocrx_word' id='word_1_105' title='bbox 509 1482 588 1542; x_wconf 86' lang='lat' dir='ltr'><strong>enim</strong></span> <span class='ocrx_word' id='word_1_106' title='bbox 618 1480 708 1542; x_wconf 90' lang='lat' dir='ltr'><strong>babet</strong></span> <span class='ocrx_word' id='word_1_107' title='bbox 735 1489 803 1541; x_wconf 99' lang='grc' dir='ltr'><strong>ωηο</strong></span> <span class='ocrx_word' id='word_1_108' title='bbox 830 1497 858 1550; x_wconf 91' lang='lat' dir='ltr'><strong>s;</strong></span> <span class='ocrx_word' id='word_1_109' title='bbox 888 1487 918 1539; x_wconf 93' lang='lat' dir='ltr'><strong>et</strong></span> <span class='ocrx_word' id='word_1_110' title='bbox 945 1481 1043 1539; x_wconf 90' lang='lat' dir='ltr'><strong>omnia</strong></span> <span class='ocrx_word' id='word_1_111' title='bbox 1071 1480 1140 1539; x_wconf 92' lang='lat' dir='ltr'><strong>binc</strong></span> <span class='ocrx_word' id='word_1_112' title='bbox 1166 1485 1250 1559; x_wconf 91' lang='lat' dir='ltr'><strong>potes</strong></span> <span class='ocrx_word' id='word_1_113' title='bbox 1276 1477 1425 1556; x_wconf 79' lang='lat' dir='ltr'><strong>colligere.</strong></span> 
     </span>
     <span class='ocr_line' id='line_1_13' title="bbox 130 1579 1424 1664; baseline -0.004 -20"><span class='ocrx_word' id='word_1_114' title='bbox 130 1601 212 1644; x_wconf 87' lang='lat' dir='ltr'><strong>amas</strong></span> <span class='ocrx_word' id='word_1_115' title='bbox 234 1585 285 1664; x_wconf 88' lang='lat' dir='ltr'><strong>qui</strong></span> <span class='ocrx_word' id='word_1_116' title='bbox 307 1583 413 1643; x_wconf 90' lang='lat' dir='ltr'><strong>modus</strong></span> <span class='ocrx_word' id='word_1_117' title='bbox 436 1583 497 1643; x_wconf 78' lang='lat' dir='ltr'><strong>esti</strong></span> <span class='ocrx_word' id='word_1_118' title='bbox 519 1582 701 1644; x_wconf 82' lang='lat' dir='ltr'><strong>indicativus.</strong></span> <span class='ocrx_word' id='word_1_119' title='bbox 741 1579 820 1658; x_wconf 90' lang='lat' dir='ltr'><strong>quod</strong></span> <span class='ocrx_word' id='word_1_120' title='bbox 843 1587 960 1660; x_wconf 89' lang='lat' dir='ltr'><strong>tempus</strong></span> <span class='ocrx_word' id='word_1_121' title='bbox 982 1583 1044 1642; x_wconf 79' lang='lat' dir='ltr'><strong>est?</strong></span> <span class='ocrx_word' id='word_1_122' title='bbox 1066 1599 1217 1660; x_wconf 78' lang='lat' dir='ltr'><strong>praesens</strong></span> <span class='ocrx_word' id='word_1_123' title='bbox 1249 1581 1299 1658; x_wconf 90' lang='lat' dir='ltr'><strong>qui</strong></span> <span class='ocrx_word' id='word_1_124' title='bbox 1320 1597 1424 1640; x_wconf 90' lang='lat' dir='ltr'><strong>nume·</strong></span> 
     </span>
     <span class='ocr_line' id='line_1_14' title="bbox 130 1682 1426 1764; baseline -0.004 -18"><span class='ocrx_word' id='word_1_125' title='bbox 130 1686 200 1746; x_wconf 78' lang='lat' dir='ltr'><strong>rus?</strong></span> <span class='ocrx_word' id='word_1_126' title='bbox 227 1683 394 1763; x_wconf 79' lang='lat' dir='ltr'><strong>singularis.</strong></span> <span class='ocrx_word' id='word_1_127' title='bbox 425 1703 500 1764; x_wconf 91' lang='lat' dir='ltr'><strong>quae</strong></span> <span class='ocrx_word' id='word_1_128' title='bbox 521 1685 668 1764; x_wconf 77' lang='lat' dir='ltr'><strong>persona?</strong></span> <span class='ocrx_word' id='word_1_129' title='bbox 691 1682 830 1745; x_wconf 90' lang='lat' dir='ltr'><strong>secunda.</strong></span> <span class='ocrx_word' id='word_1_130' title='bbox 862 1684 912 1762; x_wconf 89' lang='lat' dir='ltr'><strong>qui</strong></span> <span class='ocrx_word' id='word_1_131' title='bbox 934 1684 1045 1744; x_wconf 78' lang='lat' dir='ltr'><strong>exitus?</strong></span> <span class='ocrx_word' id='word_1_132' title='bbox 1073 1691 1141 1744; x_wconf 89' lang='lat' dir='ltr'><strong>ante</strong></span> <span class='ocrx_word' id='word_1_133' title='bbox 1163 1682 1301 1743; x_wconf 90' lang='lat' dir='ltr'><strong>litteram.</strong></span> <span class='ocrx_word' id='word_1_134' title='bbox 1333 1698 1426 1759; x_wconf 88' lang='lat' dir='ltr'><strong>quare</strong></span> 
     </span>
     <span class='ocr_line' id='line_1_15' title="bbox 130 1782 1424 1866; baseline -0.002 -19"><span class='ocrx_word' id='word_1_135' title='bbox 130 1794 200 1847; x_wconf 90' lang='lat' dir='ltr'><strong>ante</strong></span> <span class='ocrx_word' id='word_1_136' title='bbox 221 1786 368 1848; x_wconf 75' lang='lat' dir='ltr'><strong>litteram?</strong></span> <span class='ocrx_word' id='word_1_137' title='bbox 391 1788 529 1866; x_wconf 89' lang='lat' dir='ltr'><strong>quoniam</strong></span> <span class='ocrx_word' id='word_1_138' title='bbox 553 1789 680 1848; x_wconf 90' lang='lat' dir='ltr'><strong>activum</strong></span> <span class='ocrx_word' id='word_1_139' title='bbox 703 1785 829 1846; x_wconf 89' lang='lat' dir='ltr'><strong>verbum</strong></span> <span class='ocrx_word' id='word_1_140' title='bbox 851 1792 904 1845; x_wconf 90' lang='lat' dir='ltr'><strong>est.</strong></span> <span class='ocrx_word' id='word_1_141' title='bbox 936 1803 1006 1846; x_wconf 89' lang='lat' dir='ltr'><strong>ecce</strong></span> <span class='ocrx_word' id='word_1_142' title='bbox 1028 1782 1080 1846; x_wconf 92' lang='lat' dir='ltr'><strong>ubi</strong></span> <span class='ocrx_word' id='word_1_143' title='bbox 1103 1793 1226 1864; x_wconf 91' lang='lat' dir='ltr'><strong>apparet</strong></span> <span class='ocrx_word' id='word_1_144' title='bbox 1247 1785 1424 1862; x_wconf 84' lang='lat' dir='ltr'><strong>coniugatio.</strong></span> 
     </span>
     <span class='ocr_line' id='line_1_16' title="bbox 131 1878 1480 1966; baseline -0.002 -18"><span class='ocrx_word' id='word_1_145' title='bbox 131 1891 203 1949; x_wconf 89' lang='lat' dir='ltr'><strong>item</strong></span> <span class='ocrx_word' id='word_1_146' title='bbox 225 1896 309 1949; x_wconf 89' lang='lat' dir='ltr'><strong>natas</strong></span> <span class='ocrx_word' id='word_1_147' title='bbox 331 1897 399 1950; x_wconf 92' lang='lat' dir='ltr'><strong>ante</strong></span> <span class='ocrx_word' id='word_1_148' title='bbox 420 1887 549 1950; x_wconf 88' lang='lat' dir='ltr'><strong>litteram</strong></span> <span class='ocrx_word' id='word_1_149' title='bbox 572 1896 626 1950; x_wconf 90' lang='lat' dir='ltr'><strong>est.</strong></span> <span class='ocrx_word' id='word_1_150' title='bbox 665 1888 775 1966; x_wconf 86' lang='lat' dir='ltr'><strong>quarel</strong></span> <span class='ocrx_word' id='word_1_151' title='bbox 799 1888 938 1966; x_wconf 89' lang='lat' dir='ltr'><strong>quoniam</strong></span> <span class='ocrx_word' id='word_1_152' title='bbox 961 1885 1094 1948; x_wconf 88' lang='lat' dir='ltr'><strong>neutrale</strong></span> <span class='ocrx_word' id='word_1_153' title='bbox 1117 1894 1172 1947; x_wconf 85' lang='lat' dir='ltr'><strong>est.</strong></span> <span class='ocrx_word' id='word_1_154' title='bbox 1203 1886 1332 1948; x_wconf 80' lang='lat' dir='ltr'><strong>diximus</strong></span> <span class='ocrx_word' id='word_1_155' title='bbox 1347 1887 1426 1946; x_wconf 90' lang='lat' dir='ltr'><strong>enim</strong></span> <span class='ocrx_word' id='word_1_156' title='bbox 1476 1878 1480 1887; x_wconf 81' lang='grc'>’</span> 
     </span>
     <span class='ocr_line' id='line_1_17' title="bbox 90 1987 1425 2069; baseline -0.001 -20"><span class='ocrx_word' id='word_1_157' title='bbox 90 1991 211 2069; x_wconf 73' lang='grc' dir='ltr'><strong>ιοᾳηοη</strong></span> <span class='ocrx_word' id='word_1_158' title='bbox 239 1993 269 2052; x_wconf 92' lang='lat' dir='ltr'><strong>in</strong></span> <span class='ocrx_word' id='word_1_159' title='bbox 297 1992 398 2052; x_wconf 88' lang='lat' dir='ltr'><strong>activis</strong></span> <span class='ocrx_word' id='word_1_160' title='bbox 427 1999 457 2052; x_wconf 92' lang='lat' dir='ltr'><strong>et</strong></span> <span class='ocrx_word' id='word_1_161' title='bbox 478 1993 509 2051; x_wconf 88' lang='lat' dir='ltr'><strong>in</strong></span> <span class='ocrx_word' id='word_1_162' title='bbox 532 1989 718 2053; x_wconf 88' lang='lat' dir='ltr'><strong>neutralibus</strong></span> <span class='ocrx_word' id='word_1_163' title='bbox 739 1991 771 2050; x_wconf 92' lang='lat' dir='ltr'><strong>in</strong></span> <span class='ocrx_word' id='word_1_164' title='bbox 798 1987 904 2050; x_wconf 89' lang='lat' dir='ltr'><strong>litteris</strong></span> <span class='ocrx_word' id='word_1_165' title='bbox 931 1990 1102 2069; x_wconf 90' lang='lat' dir='ltr'><strong>quaerimus</strong></span> <span class='ocrx_word' id='word_1_166' title='bbox 1129 1990 1367 2067; x_wconf 80' lang='lat' dir='ltr'><strong>coniugationes,</strong></span> <span class='ocrx_word' id='word_1_167' title='bbox 1395 1989 1425 2048; x_wconf 93' lang='lat' dir='ltr'><strong>in</strong></span> 
     </span>
     <span class='ocr_line' id='line_1_18' title="bbox 130 2089 1426 2173; baseline -0.002 -20"><span class='ocrx_word' id='word_1_168' title='bbox 130 2094 255 2173; x_wconf 88' lang='lat' dir='ltr'><strong>passivis</strong></span> <span class='ocrx_word' id='word_1_169' title='bbox 277 2112 347 2154; x_wconf 91' lang='lat' dir='ltr'><strong>vero</strong></span> <span class='ocrx_word' id='word_1_170' title='bbox 370 2091 577 2154; x_wconf 88' lang='lat' dir='ltr'><strong>communibus</strong></span> <span class='ocrx_word' id='word_1_171' title='bbox 600 2100 630 2153; x_wconf 93' lang='lat' dir='ltr'><strong>et</strong></span> <span class='ocrx_word' id='word_1_172' title='bbox 651 2090 869 2170; x_wconf 85' lang='lat' dir='ltr'><strong>deponentibus</strong></span> <span class='ocrx_word' id='word_1_173' title='bbox 891 2093 921 2151; x_wconf 93' lang='lat' dir='ltr'><strong>in</strong></span> <span class='ocrx_word' id='word_1_174' title='bbox 943 2089 1074 2170; x_wconf 78' lang='lat' dir='ltr'><strong>syllabis.</strong></span> <span class='ocrx_word' id='word_1_175' title='bbox 1106 2109 1188 2152; x_wconf 88' lang='lat' dir='ltr'><strong>arnor</strong></span> <span class='ocrx_word' id='word_1_176' title='bbox 1204 2092 1330 2157; x_wconf 75' lang='lat' dir='ltr'><strong>amaris:</strong></span> <span class='ocrx_word' id='word_1_177' title='bbox 1356 2107 1426 2151; x_wconf 88' lang='lat' dir='ltr'><strong>ecoe</strong></span> 
     </span>
     <span class='ocr_line' id='line_1_19' title="bbox 129 2191 1424 2275; baseline -0.004 -19"><span class='ocrx_word' id='word_1_178' title='bbox 129 2195 180 2257; x_wconf 89' lang='lat' dir='ltr'><strong>illa</strong></span> <span class='ocrx_word' id='word_1_179' title='bbox 202 2214 228 2266; x_wconf 85' lang='lat' dir='ltr'><strong>a,</strong></span> <span class='ocrx_word' id='word_1_180' title='bbox 252 2214 328 2275; x_wconf 89' lang='lat' dir='ltr'><strong>quae</strong></span> <span class='ocrx_word' id='word_1_181' title='bbox 352 2203 416 2255; x_wconf 89' lang='lat' dir='ltr'><strong>erat</strong></span> <span class='ocrx_word' id='word_1_182' title='bbox 438 2201 506 2255; x_wconf 88' lang='lat' dir='ltr'><strong>ante</strong></span> <span class='ocrx_word' id='word_1_183' title='bbox 529 2194 667 2263; x_wconf 90' lang='lat' dir='ltr'><strong>litteram,</strong></span> <span class='ocrx_word' id='word_1_184' title='bbox 692 2193 767 2255; x_wconf 85' lang='lat' dir='ltr'><strong>lacta</strong></span> <span class='ocrx_word' id='word_1_185' title='bbox 791 2200 837 2253; x_wconf 91' lang='lat' dir='ltr'><strong>est</strong></span> <span class='ocrx_word' id='word_1_186' title='bbox 858 2203 926 2255; x_wconf 90' lang='grc' dir='ltr'><strong>ωηο</strong></span> <span class='ocrx_word' id='word_1_187' title='bbox 942 2191 1085 2274; x_wconf 75' lang='lat' dir='ltr'><strong>syllabam</strong></span> <span class='ocrx_word' id='word_1_188' title='bbox 1105 2194 1136 2253; x_wconf 93' lang='lat' dir='ltr'><strong>in</strong></span> <span class='ocrx_word' id='word_1_189' title='bbox 1152 2194 1283 2272; x_wconf 85' lang='lat' dir='ltr'><strong>passivis,</strong></span> <span class='ocrx_word' id='word_1_190' title='bbox 1308 2193 1424 2254; x_wconf 89' lang='lat' dir='ltr'><strong>amaris.</strong></span> 
     </span>
     <span class='ocr_line' id='line_1_20' title="bbox 131 2295 1426 2377; baseline -0.005 -17"><span class='ocrx_word' id='word_1_191' title='bbox 131 2317 201 2360; x_wconf 88' lang='lat' dir='ltr'><strong>ecce</strong></span> <span class='ocrx_word' id='word_1_192' title='bbox 223 2299 318 2377; x_wconf 88' lang='lat' dir='ltr'><strong>prima</strong></span> <span class='ocrx_word' id='word_1_193' title='bbox 347 2298 516 2375; x_wconf 83' lang='lat' dir='ltr'><strong>coniugatio</strong></span> <span class='ocrx_word' id='word_1_194' title='bbox 544 2315 632 2377; x_wconf 83' lang='lat' dir='ltr'><strong>quem</strong></span> <span class='ocrx_word' id='word_1_195' title='bbox 660 2296 696 2357; x_wconf 92' lang='lat' dir='ltr'><strong>ad</strong></span> <span class='ocrx_word' id='word_1_196' title='bbox 726 2295 846 2357; x_wconf 88' lang='lat' dir='ltr'><strong>modum</strong></span> <span class='ocrx_word' id='word_1_197' title='bbox 870 2296 939 2357; x_wconf 88' lang='lat' dir='ltr'><strong>exit.</strong></span> <span class='ocrx_word' id='word_1_198' title='bbox 984 2295 1115 2356; x_wconf 90' lang='lat' dir='ltr'><strong>secunda</strong></span> <span class='ocrx_word' id='word_1_199' title='bbox 1143 2295 1311 2373; x_wconf 83' lang='lat' dir='ltr'><strong>coniugatio</strong></span> <span class='ocrx_word' id='word_1_200' title='bbox 1338 2312 1426 2373; x_wconf 83' lang='lat' dir='ltr'><strong>quem</strong></span> 
     </span>
     <span class='ocr_line' id='line_1_21' title="bbox 131 2395 1427 2479; baseline -0.004 -18"><span class='ocrx_word' id='word_1_201' title='bbox 131 2400 168 2461; x_wconf 93' lang='lat' dir='ltr'><strong>ad</strong></span> <span class='ocrx_word' id='word_1_202' title='bbox 191 2400 313 2461; x_wconf 90' lang='lat' dir='ltr'><strong>modum</strong></span> <span class='ocrx_word' id='word_1_203' title='bbox 335 2395 510 2479; x_wconf 77' lang='lat' dir='ltr'><strong>iuvelnitur?</strong></span> <span class='ocrx_word' id='word_1_204' title='bbox 554 2400 585 2460; x_wconf 94' lang='lat' dir='ltr'><strong>in</strong></span> <span class='ocrx_word' id='word_1_205' title='bbox 608 2397 700 2458; x_wconf 89' lang='lat' dir='ltr'><strong>isdem</strong></span> <span class='ocrx_word' id='word_1_206' title='bbox 724 2397 797 2458; x_wconf 90' lang='lat' dir='ltr'><strong>locis</strong></span> <span class='ocrx_word' id='word_1_207' title='bbox 820 2396 865 2457; x_wconf 88' lang='lat' dir='ltr'><strong>vel</strong></span> <span class='ocrx_word' id='word_1_208' title='bbox 893 2396 942 2458; x_wconf 92' lang='lat' dir='ltr'><strong>hic</strong></span> <span class='ocrx_word' id='word_1_209' title='bbox 969 2405 1039 2459; x_wconf 89' lang='lat' dir='ltr'><strong>ante</strong></span> <span class='ocrx_word' id='word_1_210' title='bbox 1061 2397 1174 2459; x_wconf 89' lang='lat' dir='ltr'><strong>litteras</strong></span> <span class='ocrx_word' id='word_1_211' title='bbox 1201 2395 1247 2458; x_wconf 91' lang='lat' dir='ltr'><strong>vel</strong></span> <span class='ocrx_word' id='word_1_212' title='bbox 1276 2395 1337 2456; x_wconf 90' lang='lat' dir='ltr'><strong>illic</strong></span> <span class='ocrx_word' id='word_1_213' title='bbox 1359 2403 1427 2458; x_wconf 90' lang='lat' dir='ltr'><strong>ante</strong></span> 
     </span>
     <span class='ocr_line' id='line_1_22' title="bbox 91 2497 1427 2583; baseline -0.001 -23"><span class='ocrx_word' id='word_1_214' title='bbox 91 2518 119 2560; x_wconf 80' lang='lat' dir='ltr'><strong>ao</strong></span> <span class='ocrx_word' id='word_1_215' title='bbox 132 2500 267 2583; x_wconf 73' lang='lat' dir='ltr'><strong>syllabas,</strong></span> <span class='ocrx_word' id='word_1_216' title='bbox 291 2510 324 2562; x_wconf 90' lang='lat' dir='ltr'><strong>ut</strong></span> <span class='ocrx_word' id='word_1_217' title='bbox 345 2500 438 2562; x_wconf 92' lang='lat' dir='ltr'><strong>doceo</strong></span> <span class='ocrx_word' id='word_1_218' title='bbox 460 2500 559 2571; x_wconf 87' lang='lat' dir='ltr'><strong>docos,</strong></span> <span class='ocrx_word' id='word_1_219' title='bbox 583 2499 714 2561; x_wconf 90' lang='lat' dir='ltr'><strong>secunda</strong></span> <span class='ocrx_word' id='word_1_220' title='bbox 736 2505 790 2570; x_wconf 86' lang='lat' dir='ltr'><strong>est,</strong></span> <span class='ocrx_word' id='word_1_221' title='bbox 815 2508 845 2560; x_wconf 92' lang='lat' dir='ltr'><strong>et</strong></span> <span class='ocrx_word' id='word_1_222' title='bbox 858 2498 1003 2579; x_wconf 91' lang='lat' dir='ltr'><strong>producta</strong></span> <span class='ocrx_word' id='word_1_223' title='bbox 1019 2505 1063 2560; x_wconf 93' lang='lat' dir='ltr'><strong>est</strong></span> <span class='ocrx_word' id='word_1_224' title='bbox 1077 2499 1177 2561; x_wconf 87' lang='lat' dir='ltr'><strong>doces.</strong></span> <span class='ocrx_word' id='word_1_225' title='bbox 1212 2497 1290 2559; x_wconf 90' lang='lat' dir='ltr'><strong>unde</strong></span> <span class='ocrx_word' id='word_1_226' title='bbox 1305 2505 1427 2578; x_wconf 89' lang='lat' dir='ltr'><strong>apparet</strong></span> 
     </span>
     <span class='ocr_line' id='line_1_23' title="bbox 132 2599 1416 2680; baseline -0.002 -16"><span class='ocrx_word' id='word_1_227' title='bbox 132 2603 206 2665; x_wconf 92' lang='lat' dir='ltr'><strong>illud</strong></span> <span class='ocrx_word' id='word_1_228' title='bbox 235 2602 361 2665; x_wconf 87' lang='lat' dir='ltr'><strong>verbum</strong></span> <span class='ocrx_word' id='word_1_229' title='bbox 390 2622 456 2664; x_wconf 89' lang='lat' dir='ltr'><strong>sum</strong></span> <span class='ocrx_word' id='word_1_230' title='bbox 485 2601 597 2665; x_wconf 88' lang='lat' dir='ltr'><strong>nullam</strong></span> <span class='ocrx_word' id='word_1_231' title='bbox 625 2600 737 2664; x_wconf 88' lang='lat' dir='ltr'><strong>babere</strong></span> <span class='ocrx_word' id='word_1_232' title='bbox 764 2603 1012 2679; x_wconf 79' lang='lat' dir='ltr'><strong>coniugationem.</strong></span> <span class='ocrx_word' id='word_1_233' title='bbox 1057 2601 1126 2664; x_wconf 91' lang='lat' dir='ltr'><strong>ideo</strong></span> <span class='ocrx_word' id='word_1_234' title='bbox 1153 2600 1214 2661; x_wconf 85' lang='lat' dir='ltr'><strong>dixi</strong></span> <span class='ocrx_word' id='word_1_235' title='bbox 1240 2599 1416 2680; x_wconf 88' lang='lat' dir='ltr'><strong>productam</strong></span> 
     </span>
     <span class='ocr_line' id='line_1_24' title="bbox 134 2702 1424 2782; baseline -0.004 -15"><span class='ocrx_word' id='word_1_236' title='bbox 134 2713 167 2767; x_wconf 93' lang='lat' dir='ltr'><strong>ut</strong></span> <span class='ocrx_word' id='word_1_237' title='bbox 188 2706 320 2768; x_wconf 89' lang='lat' dir='ltr'><strong>dicamus</strong></span> <span class='ocrx_word' id='word_1_238' title='bbox 348 2705 437 2766; x_wconf 85' lang='lat' dir='ltr'><strong>doces</strong></span> <span class='ocrx_word' id='word_1_239' title='bbox 464 2705 559 2766; x_wconf 88' lang='lat' dir='ltr'><strong>sedes.</strong></span> <span class='ocrx_word' id='word_1_240' title='bbox 606 2723 622 2767; x_wconf 89' lang='lat' dir='ltr'><strong>e</strong></span> <span class='ocrx_word' id='word_1_241' title='bbox 650 2705 799 2766; x_wconf 90' lang='lat' dir='ltr'><strong>contrario</strong></span> <span class='ocrx_word' id='word_1_242' title='bbox 826 2723 892 2766; x_wconf 92' lang='lat' dir='ltr'><strong>surn</strong></span> <span class='ocrx_word' id='word_1_243' title='bbox 919 2702 1030 2765; x_wconf 90' lang='lat' dir='ltr'><strong>nullam</strong></span> <span class='ocrx_word' id='word_1_244' title='bbox 1058 2703 1148 2764; x_wconf 90' lang='lat' dir='ltr'><strong>babet</strong></span> <span class='ocrx_word' id='word_1_245' title='bbox 1176 2703 1424 2782; x_wconf 75' lang='lat' dir='ltr'><strong>coniugationem,</strong></span> 
     </span>
     <span class='ocr_line' id='line_1_25' title="bbox 132 2804 1427 2886; baseline -0.004 -16"><span class='ocrx_word' id='word_1_246' title='bbox 132 2827 197 2871; x_wconf 90' lang='lat' dir='ltr'><strong>sum</strong></span> <span class='ocrx_word' id='word_1_247' title='bbox 221 2813 327 2877; x_wconf 88' lang='lat' dir='ltr'><strong>esest,</strong></span> <span class='ocrx_word' id='word_1_248' title='bbox 352 2815 382 2867; x_wconf 89' lang='lat' dir='ltr'><strong>et</strong></span> <span class='ocrx_word' id='word_1_249' title='bbox 405 2826 464 2868; x_wconf 92' lang='lat' dir='ltr'><strong>non</strong></span> <span class='ocrx_word' id='word_1_250' title='bbox 486 2826 644 2886; x_wconf 89' lang='lat' dir='ltr'><strong>possumus</strong></span> <span class='ocrx_word' id='word_1_251' title='bbox 667 2807 767 2869; x_wconf 90' lang='lat' dir='ltr'><strong>dicere</strong></span> <span class='ocrx_word' id='word_1_252' title='bbox 790 2814 829 2868; x_wconf 88' lang='lat' dir='ltr'><strong>et.</strong></span> <span class='ocrx_word' id='word_1_253' title='bbox 875 2823 948 2885; x_wconf 81' lang='lat' dir='ltr'><strong>ergo</strong></span> <span class='ocrx_word' id='word_1_254' title='bbox 973 2807 1041 2885; x_wconf 90' lang='lat' dir='ltr'><strong>quia</strong></span> <span class='ocrx_word' id='word_1_255' title='bbox 1065 2824 1124 2866; x_wconf 89' lang='lat' dir='ltr'><strong>nou</strong></span> <span class='ocrx_word' id='word_1_256' title='bbox 1147 2823 1303 2885; x_wconf 89' lang='lat' dir='ltr'><strong>possumus</strong></span> <span class='ocrx_word' id='word_1_257' title='bbox 1326 2804 1427 2865; x_wconf 89' lang='lat' dir='ltr'><strong>dicere</strong></span> 
     </span>
     <span class='ocr_line' id='line_1_26' title="bbox 134 2906 1427 2989; baseline -0.004 -17"><span class='ocrx_word' id='word_1_258' title='bbox 134 2919 172 2981; x_wconf 87' lang='lat' dir='ltr'><strong>et,</strong></span> <span class='ocrx_word' id='word_1_259' title='bbox 195 2929 251 2972; x_wconf 89' lang='lat' dir='ltr'><strong>nec</strong></span> <span class='ocrx_word' id='word_1_260' title='bbox 274 2910 443 2987; x_wconf 86' lang='lat' dir='ltr'><strong>coniugatio</strong></span> <span class='ocrx_word' id='word_1_261' title='bbox 465 2911 564 2989; x_wconf 91' lang='lat' dir='ltr'><strong>aliqua</strong></span> <span class='ocrx_word' id='word_1_262' title='bbox 587 2916 639 2971; x_wconf 88' lang='lat' dir='ltr'><strong>est.</strong></span> <span class='ocrx_word' id='word_1_263' title='bbox 684 2928 752 2971; x_wconf 87' lang='lat' dir='ltr'><strong>nam</strong></span> <span class='ocrx_word' id='word_1_264' title='bbox 776 2927 845 2971; x_wconf 88' lang='lat' dir='ltr'><strong>ecce</strong></span> <span class='ocrx_word' id='word_1_265' title='bbox 867 2928 884 2970; x_wconf 85' lang='lat' dir='ltr'><strong>a</strong></span> <span class='ocrx_word' id='word_1_266' title='bbox 906 2927 966 2970; x_wconf 90' lang='lat' dir='ltr'><strong>non</strong></span> <span class='ocrx_word' id='word_1_267' title='bbox 989 2907 1092 2978; x_wconf 91' lang='lat' dir='ltr'><strong>babet,</strong></span> <span class='ocrx_word' id='word_1_268' title='bbox 1123 2925 1139 2967; x_wconf 92' lang='lat' dir='ltr'><strong>e</strong></span> <span class='ocrx_word' id='word_1_269' title='bbox 1167 2906 1344 2986; x_wconf 91' lang='lat' dir='ltr'><strong>productum</strong></span> <span class='ocrx_word' id='word_1_270' title='bbox 1368 2924 1427 2967; x_wconf 90' lang='lat' dir='ltr'><strong>non</strong></span> 
     </span>
     <span class='ocr_line' id='line_1_27' title="bbox 91 3006 1469 3091; baseline -0.002 -21"><span class='ocrx_word' id='word_1_271' title='bbox 91 3012 239 3082; x_wconf 78' lang='lat' dir='ltr'><strong>esbabet,</strong></span> <span class='ocrx_word' id='word_1_272' title='bbox 273 3015 285 3073; x_wconf 92' lang='lat' dir='ltr'><strong>i</strong></span> <span class='ocrx_word' id='word_1_273' title='bbox 311 3029 371 3073; x_wconf 91' lang='lat' dir='ltr'><strong>non</strong></span> <span class='ocrx_word' id='word_1_274' title='bbox 404 3011 503 3074; x_wconf 92' lang='lat' dir='ltr'><strong>babet.</strong></span> <span class='ocrx_word' id='word_1_275' title='bbox 553 3011 622 3072; x_wconf 90' lang='lat' dir='ltr'><strong>binc</strong></span> <span class='ocrx_word' id='word_1_276' title='bbox 650 3020 774 3091; x_wconf 90' lang='lat' dir='ltr'><strong>apparet</strong></span> <span class='ocrx_word' id='word_1_277' title='bbox 805 3013 945 3090; x_wconf 90' lang='lat' dir='ltr'><strong>quoniam</strong></span> <span class='ocrx_word' id='word_1_278' title='bbox 973 3011 1211 3089; x_wconf 82' lang='lat' dir='ltr'><strong>coniugationem</strong></span> <span class='ocrx_word' id='word_1_279' title='bbox 1239 3027 1300 3070; x_wconf 91' lang='lat' dir='ltr'><strong>non</strong></span> <span class='ocrx_word' id='word_1_280' title='bbox 1328 3006 1425 3079; x_wconf 92' lang='lat' dir='ltr'><strong>babet,</strong></span> <span class='ocrx_word' id='word_1_281' title='bbox 1463 3006 1469 3026; x_wconf 74' lang='lat'><strong><em>¹</em></strong></span> 
     </span>
     <span class='ocr_line' id='line_1_28' title="bbox 132 3110 1427 3196; baseline -0.005 -20"><span class='ocrx_word' id='word_1_282' title='bbox 132 3123 254 3196; x_wconf 89' lang='lat' dir='ltr'><strong>propter</strong></span> <span class='ocrx_word' id='word_1_283' title='bbox 289 3112 343 3174; x_wconf 91' lang='lat' dir='ltr'><strong>bas</strong></span> <span class='ocrx_word' id='word_1_284' title='bbox 376 3111 504 3184; x_wconf 90' lang='lat' dir='ltr'><strong>litteras,</strong></span> <span class='ocrx_word' id='word_1_285' title='bbox 538 3114 618 3194; x_wconf 84' lang='lat' dir='ltr'><strong>quod</strong></span> <span class='ocrx_word' id='word_1_286' title='bbox 646 3113 720 3175; x_wconf 89' lang='lat' dir='ltr'><strong>nibil</strong></span> <span class='ocrx_word' id='word_1_287' title='bbox 752 3114 858 3176; x_wconf 91' lang='lat' dir='ltr'><strong>borum</strong></span> <span class='ocrx_word' id='word_1_288' title='bbox 885 3113 1036 3174; x_wconf 89' lang='lat' dir='ltr'><strong>invenitur</strong></span> <span class='ocrx_word' id='word_1_289' title='bbox 1062 3114 1094 3173; x_wconf 92' lang='lat' dir='ltr'><strong>in</strong></span> <span class='ocrx_word' id='word_1_290' title='bbox 1120 3110 1181 3172; x_wconf 92' lang='lat' dir='ltr'><strong>illo.</strong></span> <span class='ocrx_word' id='word_1_291' title='bbox 1233 3128 1305 3189; x_wconf 81' lang='lat' dir='ltr'><strong>ergo</strong></span> <span class='ocrx_word' id='word_1_292' title='bbox 1332 3111 1427 3189; x_wconf 90' lang='lat' dir='ltr'><strong>prima</strong></span> 
     </span>
     <span class='ocr_line' id='line_1_29' title="bbox 133 3211 1426 3296; baseline -0.005 -18"><span class='ocrx_word' id='word_1_293' title='bbox 133 3217 300 3295; x_wconf 83' lang='lat' dir='ltr'><strong>coniugatio</strong></span> <span class='ocrx_word' id='word_1_294' title='bbox 324 3215 452 3275; x_wconf 80' lang='lat' dir='ltr'><strong>diximus</strong></span> <span class='ocrx_word' id='word_1_295' title='bbox 473 3235 532 3296; x_wconf 90' lang='lat' dir='ltr'><strong>quo</strong></span> <span class='ocrx_word' id='word_1_296' title='bbox 556 3215 644 3277; x_wconf 90' lang='lat' dir='ltr'><strong>modo</strong></span> <span class='ocrx_word' id='word_1_297' title='bbox 666 3217 824 3277; x_wconf 90' lang='lat' dir='ltr'><strong>invenitur.</strong></span> <span class='ocrx_word' id='word_1_298' title='bbox 869 3214 1000 3276; x_wconf 88' lang='lat' dir='ltr'><strong>secunda</strong></span> <span class='ocrx_word' id='word_1_299' title='bbox 1022 3214 1189 3293; x_wconf 85' lang='lat' dir='ltr'><strong>coniugatio</strong></span> <span class='ocrx_word' id='word_1_300' title='bbox 1212 3231 1228 3272; x_wconf 89' lang='lat' dir='ltr'><strong>e</strong></span> <span class='ocrx_word' id='word_1_301' title='bbox 1249 3211 1426 3292; x_wconf 90' lang='lat' dir='ltr'><strong>productum</strong></span> 
     </span>
     <span class='ocr_line' id='line_1_30' title="bbox 133 3313 1427 3398; baseline -0.005 -18"><span class='ocrx_word' id='word_1_302' title='bbox 133 3318 224 3380; x_wconf 89' lang='lat' dir='ltr'><strong>babet</strong></span> <span class='ocrx_word' id='word_1_303' title='bbox 246 3324 314 3379; x_wconf 90' lang='lat' dir='ltr'><strong>ante</strong></span> <span class='ocrx_word' id='word_1_304' title='bbox 336 3317 466 3379; x_wconf 88' lang='lat' dir='ltr'><strong>litteram</strong></span> <span class='ocrx_word' id='word_1_305' title='bbox 489 3318 533 3378; x_wconf 90' lang='lat' dir='ltr'><strong>vel</strong></span> <span class='ocrx_word' id='word_1_306' title='bbox 556 3327 625 3379; x_wconf 88' lang='grc' dir='ltr'><strong>ωηο</strong></span> <span class='ocrx_word' id='word_1_307' title='bbox 647 3317 787 3398; x_wconf 90' lang='lat' dir='ltr'><strong>syllabas:</strong></span> <span class='ocrx_word' id='word_1_308' title='bbox 816 3324 885 3378; x_wconf 93' lang='grc' dir='ltr'><strong>ωηο</strong></span> <span class='ocrx_word' id='word_1_309' title='bbox 906 3315 1036 3378; x_wconf 90' lang='lat' dir='ltr'><strong>litteram</strong></span> <span class='ocrx_word' id='word_1_310' title='bbox 1057 3318 1089 3377; x_wconf 95' lang='lat' dir='ltr'><strong>in</strong></span> <span class='ocrx_word' id='word_1_311' title='bbox 1111 3316 1212 3376; x_wconf 92' lang='lat' dir='ltr'><strong>activis</strong></span> <span class='ocrx_word' id='word_1_312' title='bbox 1234 3320 1264 3374; x_wconf 89' lang='lat' dir='ltr'><strong>et</strong></span> <span class='ocrx_word' id='word_1_313' title='bbox 1286 3313 1427 3376; x_wconf 91' lang='lat' dir='ltr'><strong>neutrali-</strong></span> 
     </span>
     <span class='ocr_line' id='line_1_31' title="bbox 133 3414 1426 3498; baseline -0.004 -16"><span class='ocrx_word' id='word_1_314' title='bbox 133 3421 198 3482; x_wconf 83' lang='lat' dir='ltr'><strong>bus</strong></span> <span class='ocrx_word' id='word_1_315' title='bbox 245 3437 316 3498; x_wconf 89' lang='lat' dir='ltr'><strong>ergo</strong></span> <span class='ocrx_word' id='word_1_316' title='bbox 338 3418 406 3479; x_wconf 88' lang='lat' dir='ltr'><strong>ideo</strong></span> <span class='ocrx_word' id='word_1_317' title='bbox 429 3419 521 3480; x_wconf 91' lang='lat' dir='ltr'><strong>doceo</strong></span> <span class='ocrx_word' id='word_1_318' title='bbox 545 3419 648 3490; x_wconf 90' lang='lat' dir='ltr'><strong>doces,</strong></span> <span class='ocrx_word' id='word_1_319' title='bbox 678 3438 747 3481; x_wconf 90' lang='lat' dir='ltr'><strong>ecce</strong></span> <span class='ocrx_word' id='word_1_320' title='bbox 770 3428 839 3480; x_wconf 92' lang='grc' dir='ltr'><strong>ωηο</strong></span> <span class='ocrx_word' id='word_1_321' title='bbox 860 3418 988 3481; x_wconf 90' lang='lat' dir='ltr'><strong>litteram</strong></span> <span class='ocrx_word' id='word_1_322' title='bbox 1011 3420 1043 3478; x_wconf 91' lang='lat' dir='ltr'><strong>iu</strong></span> <span class='ocrx_word' id='word_1_323' title='bbox 1065 3418 1166 3477; x_wconf 87' lang='lat' dir='ltr'><strong>activis</strong></span> <span class='ocrx_word' id='word_1_324' title='bbox 1189 3423 1271 3477; x_wconf 90' lang='lat' dir='ltr'><strong>este</strong></span> <span class='ocrx_word' id='word_1_325' title='bbox 1298 3414 1426 3496; x_wconf 89' lang='lat' dir='ltr'><strong>produc·</strong></span> 
     </span>
     <span class='ocr_line' id='line_1_32' title="bbox 91 3513 1426 3601; baseline 0 -22"><span class='ocrx_word' id='word_1_326' title='bbox 91 3533 211 3585; x_wconf 83' lang='lat' dir='ltr'><strong>sotum:</strong></span> <span class='ocrx_word' id='word_1_327' title='bbox 249 3522 361 3583; x_wconf 90' lang='lat' dir='ltr'><strong>doceor</strong></span> <span class='ocrx_word' id='word_1_328' title='bbox 390 3520 521 3591; x_wconf 88' lang='lat' dir='ltr'><strong>doceris,</strong></span> <span class='ocrx_word' id='word_1_329' title='bbox 551 3540 621 3583; x_wconf 88' lang='lat' dir='ltr'><strong>ecce</strong></span> <span class='ocrx_word' id='word_1_330' title='bbox 647 3513 755 3583; x_wconf 85' lang='lat' dir='ltr'><strong>iterum</strong></span> <span class='ocrx_word' id='word_1_331' title='bbox 779 3540 795 3581; x_wconf 90' lang='lat' dir='ltr'><strong>e</strong></span> <span class='ocrx_word' id='word_1_332' title='bbox 817 3520 1009 3601; x_wconf 89' lang='lat' dir='ltr'><strong>productum,</strong></span> <span class='ocrx_word' id='word_1_333' title='bbox 1034 3519 1113 3597; x_wconf 89' lang='lat' dir='ltr'><strong>quod</strong></span> <span class='ocrx_word' id='word_1_334' title='bbox 1136 3525 1269 3579; x_wconf 89' lang='lat' dir='ltr'><strong>estante</strong></span> <span class='ocrx_word' id='word_1_335' title='bbox 1291 3517 1426 3598; x_wconf 90' lang='lat' dir='ltr'><strong>syllabas.</strong></span> 
     </span>
     <span class='ocr_line' id='line_1_33' title="bbox 219 3621 1547 3703; baseline 0 -17"><span class='ocrx_word' id='word_1_336' title='bbox 219 3625 319 3686; x_wconf 87' lang='lat' dir='ltr'><strong>Tertia</strong></span> <span class='ocrx_word' id='word_1_337' title='bbox 341 3621 390 3683; x_wconf 91' lang='lat' dir='ltr'><strong>illa</strong></span> <span class='ocrx_word' id='word_1_338' title='bbox 413 3625 493 3683; x_wconf 86' lang='lat' dir='ltr'><strong>varia</strong></span> <span class='ocrx_word' id='word_1_339' title='bbox 517 3631 573 3694; x_wconf 90' lang='lat' dir='ltr'><strong>est,</strong></span> <span class='ocrx_word' id='word_1_340' title='bbox 603 3643 662 3685; x_wconf 92' lang='lat' dir='ltr'><strong>non</strong></span> <span class='ocrx_word' id='word_1_341' title='bbox 686 3632 730 3684; x_wconf 90' lang='lat' dir='ltr'><strong>est</strong></span> <span class='ocrx_word' id='word_1_342' title='bbox 752 3621 887 3703; x_wconf 84' lang='lat' dir='ltr'><strong>simplex.</strong></span> <span class='ocrx_word' id='word_1_343' title='bbox 931 3641 1000 3683; x_wconf 86' lang='lat' dir='ltr'><strong>natu</strong></span> <span class='ocrx_word' id='word_1_344' title='bbox 1029 3621 1187 3703; x_wconf 89' lang='lat' dir='ltr'><strong>aliquando</strong></span> <span class='ocrx_word' id='word_1_345' title='bbox 1214 3628 1351 3700; x_wconf 87' lang='lat' dir='ltr'><strong>correpta</strong></span> <span class='ocrx_word' id='word_1_346' title='bbox 1375 3627 1428 3691; x_wconf 88' lang='lat' dir='ltr'><strong>est,</strong></span> <span class='ocrx_word' id='word_1_347' title='bbox 1441 3638 1500 3696; x_wconf 75' lang='lat'><strong>413,</strong></span> <span class='ocrx_word' id='word_1_348' title='bbox 1514 3638 1547 3686; x_wconf 76' lang='lat'><strong>20</strong></span> 
     </span>
     <span class='ocr_line' id='line_1_34' title="bbox 22 3705 1547 3807; baseline -0.003 -19"><span class='ocrx_word' id='word_1_349' title='bbox 22 3713 30 3720; x_wconf 49' lang='lat'>⁵</span> <span class='ocrx_word' id='word_1_350' title='bbox 133 3727 293 3807; x_wconf 90' lang='lat' dir='ltr'><strong>aliquando</strong></span> <span class='ocrx_word' id='word_1_351' title='bbox 307 3724 461 3805; x_wconf 87' lang='lat' dir='ltr'><strong>producta.</strong></span> <span class='ocrx_word' id='word_1_352' title='bbox 479 3725 544 3786; x_wconf 91' lang='lat' dir='ltr'><strong>vide</strong></span> <span class='ocrx_word' id='word_1_353' title='bbox 561 3744 641 3805; x_wconf 82' lang='lat' dir='ltr'><strong>ergo,</strong></span> <span class='ocrx_word' id='word_1_354' title='bbox 659 3743 747 3803; x_wconf 89' lang='lat' dir='ltr'><strong>quem</strong></span> <span class='ocrx_word' id='word_1_355' title='bbox 763 3725 800 3786; x_wconf 91' lang='lat' dir='ltr'><strong>ad</strong></span> <span class='ocrx_word' id='word_1_356' title='bbox 815 3725 936 3787; x_wconf 93' lang='lat' dir='ltr'><strong>modum</strong></span> <span class='ocrx_word' id='word_1_357' title='bbox 952 3725 1009 3786; x_wconf 91' lang='lat' dir='ltr'><strong>boe</strong></span> <span class='ocrx_word' id='word_1_358' title='bbox 1025 3723 1204 3786; x_wconf 89' lang='lat' dir='ltr'><strong>consideres.</strong></span> <span class='ocrx_word' id='word_1_359' title='bbox 1219 3740 1290 3802; x_wconf 83' lang='lat' dir='ltr'><strong>ergo</strong></span> <span class='ocrx_word' id='word_1_360' title='bbox 1303 3724 1428 3803; x_wconf 88' lang='lat' dir='ltr'><strong>primam</strong></span> <span class='ocrx_word' id='word_1_361' title='bbox 1441 3705 1501 3764; x_wconf 72' lang='lat'><strong>⁶⁰⁶²</strong></span> <span class='ocrx_word' id='word_1_362' title='bbox 1514 3707 1547 3755; x_wconf 80' lang='lat'><strong>³³</strong></span> 
     </span>
     <span class='ocr_line' id='line_1_35' title="bbox 133 3825 1429 3909; baseline -0.005 -18"><span class='ocrx_word' id='word_1_363' title='bbox 133 3830 271 3897; x_wconf 81' lang='lat' dir='ltr'><strong>diximus,</strong></span> <span class='ocrx_word' id='word_1_364' title='bbox 288 3826 428 3908; x_wconf 89' lang='lat' dir='ltr'><strong>quemad</strong></span> <span class='ocrx_word' id='word_1_365' title='bbox 445 3828 566 3888; x_wconf 89' lang='lat' dir='ltr'><strong>modum</strong></span> <span class='ocrx_word' id='word_1_366' title='bbox 581 3830 779 3906; x_wconf 85' lang='lat' dir='ltr'><strong>cognoscitur,</strong></span> <span class='ocrx_word' id='word_1_367' title='bbox 795 3847 883 3909; x_wconf 91' lang='lat' dir='ltr'><strong>quem</strong></span> <span class='ocrx_word' id='word_1_368' title='bbox 899 3827 936 3888; x_wconf 91' lang='lat' dir='ltr'><strong>ad</strong></span> <span class='ocrx_word' id='word_1_369' title='bbox 952 3826 1074 3888; x_wconf 92' lang='lat' dir='ltr'><strong>modum</strong></span> <span class='ocrx_word' id='word_1_370' title='bbox 1089 3825 1227 3887; x_wconf 89' lang='lat' dir='ltr'><strong>secunda.</strong></span> <span class='ocrx_word' id='word_1_371' title='bbox 1252 3827 1340 3887; x_wconf 92' lang='lat' dir='ltr'><strong>tertia</strong></span> <span class='ocrx_word' id='word_1_372' title='bbox 1350 3826 1429 3886; x_wconf 90' lang='lat' dir='ltr'><strong>varia</strong></span> 
     </span>
     <span class='ocr_line' id='line_1_36' title="bbox 133 3926 1429 4012; baseline -0.002 -20"><span class='ocrx_word' id='word_1_373' title='bbox 133 3938 188 4000; x_wconf 89' lang='lat' dir='ltr'><strong>est,</strong></span> <span class='ocrx_word' id='word_1_374' title='bbox 206 3928 363 4008; x_wconf 89' lang='lat' dir='ltr'><strong>aliquando</strong></span> <span class='ocrx_word' id='word_1_375' title='bbox 379 3938 517 4009; x_wconf 86' lang='lat' dir='ltr'><strong>correpta</strong></span> <span class='ocrx_word' id='word_1_376' title='bbox 534 3938 587 4001; x_wconf 87' lang='lat' dir='ltr'><strong>est,</strong></span> <span class='ocrx_word' id='word_1_377' title='bbox 605 3929 762 4012; x_wconf 90' lang='lat' dir='ltr'><strong>aliquando</strong></span> <span class='ocrx_word' id='word_1_378' title='bbox 775 3931 928 4011; x_wconf 90' lang='lat' dir='ltr'><strong>producta.</strong></span> <span class='ocrx_word' id='word_1_379' title='bbox 953 3929 1041 3990; x_wconf 90' lang='lat' dir='ltr'><strong>modo</strong></span> <span class='ocrx_word' id='word_1_380' title='bbox 1056 3928 1260 3990; x_wconf 88' lang='lat' dir='ltr'><strong>discriminare</strong></span> <span class='ocrx_word' id='word_1_381' title='bbox 1275 3926 1429 3998; x_wconf 88' lang='lat' dir='ltr'><strong>debemus,</strong></span> 
     </span>
     <span class='ocr_line' id='line_1_37' title="bbox 93 4029 1429 4113; baseline 0.001 -25"><span class='ocrx_word' id='word_1_382' title='bbox 93 4048 121 4088; x_wconf 78' lang='lat' dir='ltr'><strong>ss</strong></span> <span class='ocrx_word' id='word_1_383' title='bbox 135 4032 254 4112; x_wconf 86' lang='lat' dir='ltr'><strong>quando</strong></span> <span class='ocrx_word' id='word_1_384' title='bbox 269 4041 406 4111; x_wconf 86' lang='lat' dir='ltr'><strong>correpta</strong></span> <span class='ocrx_word' id='word_1_385' title='bbox 422 4038 476 4101; x_wconf 90' lang='lat' dir='ltr'><strong>est,</strong></span> <span class='ocrx_word' id='word_1_386' title='bbox 489 4032 608 4111; x_wconf 86' lang='lat' dir='ltr'><strong>quando</strong></span> <span class='ocrx_word' id='word_1_387' title='bbox 623 4033 776 4113; x_wconf 88' lang='lat' dir='ltr'><strong>producta.</strong></span> <span class='ocrx_word' id='word_1_388' title='bbox 797 4034 873 4094; x_wconf 90' lang='lat' dir='ltr'><strong>scire</strong></span> <span class='ocrx_word' id='word_1_389' title='bbox 889 4030 1031 4093; x_wconf 90' lang='lat' dir='ltr'><strong>debemus</strong></span> <span class='ocrx_word' id='word_1_390' title='bbox 1046 4032 1124 4112; x_wconf 87' lang='lat' dir='ltr'><strong>quia,</strong></span> <span class='ocrx_word' id='word_1_391' title='bbox 1141 4033 1168 4092; x_wconf 89' lang='lat' dir='ltr'><strong>si</strong></span> <span class='ocrx_word' id='word_1_392' title='bbox 1182 4036 1319 4109; x_wconf 89' lang='lat' dir='ltr'><strong>correpta</strong></span> <span class='ocrx_word' id='word_1_393' title='bbox 1330 4029 1429 4101; x_wconf 88' lang='lat' dir='ltr'><strong>luerit,</strong></span> 
     </span>
     <span class='ocr_line' id='line_1_38' title="bbox 133 4120 1430 4215; baseline -0.004 -18"><span class='ocrx_word' id='word_1_394' title='bbox 133 4139 166 4197; x_wconf 91' lang='lat' dir='ltr'><strong>in</strong></span> <span class='ocrx_word' id='word_1_395' title='bbox 188 4135 303 4215; x_wconf 88' lang='lat' dir='ltr'><strong>passivo</strong></span> <span class='ocrx_word' id='word_1_396' title='bbox 325 4136 355 4194; x_wconf 93' lang='lat' dir='ltr'><strong>in</strong></span> <span class='ocrx_word' id='word_1_397' title='bbox 379 4152 395 4194; x_wconf 90' lang='lat' dir='ltr'><strong>e</strong></span> <span class='ocrx_word' id='word_1_398' title='bbox 418 4136 487 4204; x_wconf 86' lang='lat' dir='ltr'><strong>exit,</strong></span> <span class='ocrx_word' id='word_1_399' title='bbox 509 4153 569 4196; x_wconf 92' lang='lat' dir='ltr'><strong>non</strong></span> <span class='ocrx_word' id='word_1_400' title='bbox 592 4137 622 4197; x_wconf 96' lang='lat' dir='ltr'><strong>in</strong></span> <span class='ocrx_word' id='word_1_401' title='bbox 637 4137 656 4195; x_wconf 93' lang='lat' dir='ltr'><strong>i.</strong></span> <span class='ocrx_word' id='word_1_402' title='bbox 687 4136 720 4195; x_wconf 90' lang='lat' dir='ltr'><strong>in</strong></span> <span class='ocrx_word' id='word_1_403' title='bbox 734 4137 836 4196; x_wconf 89' lang='lat' dir='ltr'><strong>activis</strong></span> <span class='ocrx_word' id='word_1_404' title='bbox 850 4133 976 4195; x_wconf 74' lang='lat' dir='ltr'><strong>liabetur</strong></span> <span class='ocrx_word' id='word_1_405' title='bbox 991 4141 1060 4195; x_wconf 92' lang='grc' dir='ltr'><strong>ωηο</strong></span> <span class='ocrx_word' id='word_1_406' title='bbox 1074 4133 1189 4195; x_wconf 92' lang='lat' dir='ltr'><strong>litteras</strong></span> <span class='ocrx_word' id='word_1_407' title='bbox 1211 4134 1236 4201; x_wconf 91' lang='lat' dir='ltr'><strong>i;</strong></span> <span class='ocrx_word' id='word_1_408' title='bbox 1260 4134 1291 4194; x_wconf 90' lang='lat' dir='ltr'><strong>in</strong></span> <span class='ocrx_word' id='word_1_409' title='bbox 1306 4120 1430 4211; x_wconf 86' lang='lat' dir='ltr'><strong>passivis</strong></span> 
     </span>
     <span class='ocr_line' id='line_1_39' title="bbox 134 4233 1429 4317; baseline -0.004 -19"><span class='ocrx_word' id='word_1_410' title='bbox 134 4235 263 4298; x_wconf 88' lang='lat' dir='ltr'><strong>babetur</strong></span> <span class='ocrx_word' id='word_1_411' title='bbox 284 4236 288 4316; x_wconf 89' lang='grc' dir='ltr'>Ι</span> <span class='ocrx_word' id='word_1_412' title='bbox 313 4243 382 4296; x_wconf 87' lang='grc' dir='ltr'><strong>ωηο</strong></span> <span class='ocrx_word' id='word_1_413' title='bbox 409 4234 535 4314; x_wconf 91' lang='lat' dir='ltr'><strong>syllabas</strong></span> <span class='ocrx_word' id='word_1_414' title='bbox 563 4256 588 4297; x_wconf 90' lang='lat' dir='ltr'><strong>e.</strong></span> <span class='ocrx_word' id='word_1_415' title='bbox 633 4238 664 4297; x_wconf 92' lang='lat' dir='ltr'><strong>in</strong></span> <span class='ocrx_word' id='word_1_416' title='bbox 692 4237 787 4317; x_wconf 93' lang='lat' dir='ltr'><strong>prima</strong></span> <span class='ocrx_word' id='word_1_417' title='bbox 816 4245 846 4299; x_wconf 91' lang='lat' dir='ltr'><strong>et</strong></span> <span class='ocrx_word' id='word_1_418' title='bbox 870 4235 931 4298; x_wconf 90' lang='lat' dir='ltr'><strong>illic</strong></span> <span class='ocrx_word' id='word_1_419' title='bbox 959 4244 1027 4297; x_wconf 88' lang='lat' dir='ltr'><strong>ante</strong></span> <span class='ocrx_word' id='word_1_420' title='bbox 1055 4235 1170 4297; x_wconf 85' lang='lat' dir='ltr'><strong>literam</strong></span> <span class='ocrx_word' id='word_1_421' title='bbox 1202 4243 1247 4295; x_wconf 89' lang='lat' dir='ltr'><strong>est</strong></span> <span class='ocrx_word' id='word_1_422' title='bbox 1275 4254 1292 4295; x_wconf 91' lang='lat' dir='ltr'><strong>a</strong></span> <span class='ocrx_word' id='word_1_423' title='bbox 1320 4242 1350 4294; x_wconf 93' lang='lat' dir='ltr'><strong>et</strong></span> <span class='ocrx_word' id='word_1_424' title='bbox 1370 4233 1429 4294; x_wconf 92' lang='lat' dir='ltr'><strong>illic</strong></span> 
     </span>
     <span class='ocr_line' id='line_1_40' title="bbox 135 4335 1429 4418; baseline -0.003 -18"><span class='ocrx_word' id='word_1_425' title='bbox 135 4346 205 4400; x_wconf 91' lang='grc' dir='ltr'><strong>ωηο</strong></span> <span class='ocrx_word' id='word_1_426' title='bbox 226 4336 368 4417; x_wconf 90' lang='lat' dir='ltr'><strong>syllabam</strong></span> <span class='ocrx_word' id='word_1_427' title='bbox 392 4338 551 4417; x_wconf 82' lang='lat' dir='ltr'><strong>producta3</strong></span> <span class='ocrx_word' id='word_1_428' title='bbox 575 4340 606 4398; x_wconf 89' lang='lat' dir='ltr'><strong>in</strong></span> <span class='ocrx_word' id='word_1_429' title='bbox 629 4338 760 4401; x_wconf 88' lang='lat' dir='ltr'><strong>secunda</strong></span> <span class='ocrx_word' id='word_1_430' title='bbox 783 4347 813 4399; x_wconf 91' lang='lat' dir='ltr'><strong>et</strong></span> <span class='ocrx_word' id='word_1_431' title='bbox 834 4337 895 4399; x_wconf 94' lang='lat' dir='ltr'><strong>illic</strong></span> <span class='ocrx_word' id='word_1_432' title='bbox 917 4357 934 4398; x_wconf 93' lang='lat' dir='ltr'><strong>e</strong></span> <span class='ocrx_word' id='word_1_433' title='bbox 955 4338 1131 4418; x_wconf 86' lang='lat' dir='ltr'><strong>producitur</strong></span> <span class='ocrx_word' id='word_1_434' title='bbox 1153 4345 1182 4399; x_wconf 90' lang='lat' dir='ltr'><strong>et</strong></span> <span class='ocrx_word' id='word_1_435' title='bbox 1203 4336 1264 4397; x_wconf 92' lang='lat' dir='ltr'><strong>illic</strong></span> <span class='ocrx_word' id='word_1_436' title='bbox 1286 4335 1429 4416; x_wconf 86' lang='lat' dir='ltr'><strong>eprodu·</strong></span> 
     </span>
    </p>
   </div>
   <div class='ocr_carea' id='block_1_3' title="bbox 135 4521 1433 4942">
    <p class='ocr_par' dir='ltr' id='par_1_4' title="bbox 135 4521 1433 4942">
     <span class='ocr_line' id='line_1_41' title="bbox 213 4521 1433 4592; baseline -0.006 -14"><span class='ocrx_word' id='word_1_437' title='bbox 213 4529 225 4578; x_wconf 90' lang='lat'><em>1</em></span> <span class='ocrx_word' id='word_1_438' title='bbox 246 4528 378 4592; x_wconf 83' lang='lat' dir='ltr'><strong>passivum</strong></span> <span class='ocrx_word' id='word_1_439' title='bbox 398 4554 433 4562; x_wconf 94' lang='lat'><em>-</em></span> <span class='ocrx_word' id='word_1_440' title='bbox 453 4527 609 4576; x_wconf 86' lang='lat' dir='ltr'><strong>declinamus</strong></span> <span class='ocrx_word' id='word_1_441' title='bbox 627 4544 673 4578; x_wconf 86' lang='lat' dir='ltr'><strong>om.</strong></span> <span class='ocrx_word' id='word_1_442' title='bbox 692 4526 765 4586; x_wconf 84' lang='lat' dir='ltr'><strong>AB,</strong></span> <span class='ocrx_word' id='word_1_443' title='bbox 783 4526 844 4576; x_wconf 84' lang='lat' dir='ltr'><strong>odd.</strong></span> <span class='ocrx_word' id='word_1_444' title='bbox 864 4525 901 4574; x_wconf 87' lang='lat' dir='ltr'><strong>ab</strong></span> <span class='ocrx_word' id='word_1_445' title='bbox 971 4527 988 4577; x_wconf 85' lang='grc'>9</span> <span class='ocrx_word' id='word_1_446' title='bbox 1006 4540 1063 4575; x_wconf 86' lang='lat' dir='ltr'><strong>amo</strong></span> <span class='ocrx_word' id='word_1_447' title='bbox 1082 4540 1154 4575; x_wconf 78' lang='lat' dir='ltr'><strong>ames</strong></span> <span class='ocrx_word' id='word_1_448' title='bbox 1176 4534 1234 4575; x_wconf 90' lang='grc' dir='ltr'><strong>ωηο</strong></span> <span class='ocrx_word' id='word_1_449' title='bbox 1253 4523 1360 4573; x_wconf 86' lang='lat' dir='ltr'><strong>litterum</strong></span> <span class='ocrx_word' id='word_1_450' title='bbox 1377 4522 1404 4572; x_wconf 86' lang='lat' dir='ltr'><em>B</em></span> <span class='ocrx_word' id='word_1_451' title='bbox 1412 4521 1433 4571; x_wconf 85' lang='lat' dir='ltr'><em>G</em></span> 
     </span>
     <span class='ocr_line' id='line_1_42' title="bbox 206 4593 1362 4661; baseline -0.003 -15"><span class='ocrx_word' id='word_1_452' title='bbox 206 4597 303 4661; x_wconf 86' lang='lat' dir='ltr'><strong>primae</strong></span> <span class='ocrx_word' id='word_1_453' title='bbox 325 4598 358 4646; x_wconf 87' lang='lat' dir='ltr'><strong>sit</strong></span> <span class='ocrx_word' id='word_1_454' title='bbox 382 4597 569 4660; x_wconf 83' lang='lat' dir='ltr'><strong>coniugationis</strong></span> <span class='ocrx_word' id='word_1_455' title='bbox 590 4595 675 4647; x_wconf 81' lang='lat' dir='ltr'><strong>ABG</strong></span> <span class='ocrx_word' id='word_1_456' title='bbox 744 4597 776 4647; x_wconf 92' lang='lat'><strong>10</strong></span> <span class='ocrx_word' id='word_1_457' title='bbox 798 4604 857 4643; x_wconf 86' lang='grc' dir='ltr'><strong>ωηο</strong></span> <span class='ocrx_word' id='word_1_458' title='bbox 878 4610 891 4642; x_wconf 88' lang='lat' dir='ltr'><strong>s</strong></span> <span class='ocrx_word' id='word_1_459' title='bbox 910 4594 967 4644; x_wconf 82' lang='lat' dir='ltr'><strong>Ca:</strong></span> <span class='ocrx_word' id='word_1_460' title='bbox 987 4612 1000 4644; x_wconf 91' lang='lat' dir='ltr'><strong>s</strong></span> <span class='ocrx_word' id='word_1_461' title='bbox 1019 4612 1065 4647; x_wconf 86' lang='lat' dir='ltr'><strong>om.</strong></span> <span class='ocrx_word' id='word_1_462' title='bbox 1086 4596 1143 4645; x_wconf 80' lang='lat' dir='ltr'><strong>AB</strong></span> <span class='ocrx_word' id='word_1_463' title='bbox 1212 4601 1294 4660; x_wconf 86' lang='lat' dir='ltr'><strong>potest</strong></span> <span class='ocrx_word' id='word_1_464' title='bbox 1311 4593 1362 4642; x_wconf 76' lang='lat' dir='ltr'><strong>AO</strong></span> 
     </span>
     <span class='ocr_line' id='line_1_43' title="bbox 138 4661 1429 4730; baseline -0.005 -14"><span class='ocrx_word' id='word_1_465' title='bbox 138 4666 168 4716; x_wconf 92' lang='lat' dir='ltr'><strong>ll</strong></span> <span class='ocrx_word' id='word_1_466' title='bbox 189 4681 246 4716; x_wconf 86' lang='lat' dir='ltr'><strong>amo</strong></span> <span class='ocrx_word' id='word_1_467' title='bbox 265 4667 348 4716; x_wconf 76' lang='lat' dir='ltr'><strong>Ant·</strong></span> <span class='ocrx_word' id='word_1_468' title='bbox 435 4668 467 4718; x_wconf 78' lang='lat'><strong>12</strong></span> <span class='ocrx_word' id='word_1_469' title='bbox 491 4676 549 4715; x_wconf 92' lang='grc' dir='ltr'><strong>ωηο</strong></span> <span class='ocrx_word' id='word_1_470' title='bbox 572 4662 682 4715; x_wconf 79' lang='lat' dir='ltr'><strong>litteram</strong></span> <span class='ocrx_word' id='word_1_471' title='bbox 702 4681 779 4730; x_wconf 90' lang='lat' dir='ltr'><strong>quare</strong></span> <span class='ocrx_word' id='word_1_472' title='bbox 799 4673 857 4714; x_wconf 91' lang='grc' dir='ltr'><strong>ωηο</strong></span> <span class='ocrx_word' id='word_1_473' title='bbox 882 4665 991 4714; x_wconf 87' lang='lat' dir='ltr'><strong>litteram</strong></span> <span class='ocrx_word' id='word_1_474' title='bbox 1011 4682 1027 4714; x_wconf 87' lang='lat' dir='ltr'><em>a</em></span> <span class='ocrx_word' id='word_1_475' title='bbox 1051 4676 1110 4715; x_wconf 85' lang='lat' dir='ltr'><strong>aute</strong></span> <span class='ocrx_word' id='word_1_476' title='bbox 1127 4666 1223 4713; x_wconf 87' lang='lat' dir='ltr'><strong>litteras</strong></span> <span class='ocrx_word' id='word_1_477' title='bbox 1245 4666 1272 4725; x_wconf 80' lang='lat' dir='ltr'><strong>(a</strong></span> <span class='ocrx_word' id='word_1_478' title='bbox 1287 4662 1348 4714; x_wconf 82' lang='lat' dir='ltr'><strong>add.</strong></span> <span class='ocrx_word' id='word_1_479' title='bbox 1367 4661 1429 4725; x_wconf 83' lang='lat' dir='ltr'><strong>BC)</strong></span> 
     </span>
     <span class='ocr_line' id='line_1_44' title="bbox 135 4733 1430 4800; baseline -0.002 -16"><span class='ocrx_word' id='word_1_480' title='bbox 135 4751 215 4800; x_wconf 87' lang='lat' dir='ltr'><strong>quare</strong></span> <span class='ocrx_word' id='word_1_481' title='bbox 234 4747 292 4786; x_wconf 87' lang='lat' dir='ltr'><strong>ante</strong></span> <span class='ocrx_word' id='word_1_482' title='bbox 312 4737 408 4785; x_wconf 85' lang='lat' dir='ltr'><strong>litteras</strong></span> <span class='ocrx_word' id='word_1_483' title='bbox 423 4737 451 4800; x_wconf 79' lang='lat' dir='ltr'><strong>(a</strong></span> <span class='ocrx_word' id='word_1_484' title='bbox 466 4734 568 4797; x_wconf 72' lang='lat' dir='ltr'><strong>addc)</strong></span> <span class='ocrx_word' id='word_1_485' title='bbox 586 4735 669 4785; x_wconf 81' lang='lat' dir='ltr'><strong>ABG</strong></span> <span class='ocrx_word' id='word_1_486' title='bbox 719 4737 750 4786; x_wconf 79' lang='lat'><strong>14</strong></span> <span class='ocrx_word' id='word_1_487' title='bbox 766 4743 824 4784; x_wconf 89' lang='grc' dir='ltr'><strong>ωηο</strong></span> <span class='ocrx_word' id='word_1_488' title='bbox 841 4734 961 4784; x_wconf 82' lang='lat' dir='ltr'><strong>litteraB</strong></span> <span class='ocrx_word' id='word_1_489' title='bbox 1015 4737 1046 4786; x_wconf 83' lang='lat'><strong>15</strong></span> <span class='ocrx_word' id='word_1_490' title='bbox 1066 4737 1090 4784; x_wconf 91' lang='lat' dir='ltr'><strong>in</strong></span> <span class='ocrx_word' id='word_1_491' title='bbox 1107 4736 1202 4785; x_wconf 85' lang='lat' dir='ltr'><strong>litteras</strong></span> <span class='ocrx_word' id='word_1_492' title='bbox 1220 4733 1273 4783; x_wconf 83' lang='lat' dir='ltr'><strong>Ao</strong></span> <span class='ocrx_word' id='word_1_493' title='bbox 1318 4733 1351 4782; x_wconf 84' lang='lat'><strong>21</strong></span> <span class='ocrx_word' id='word_1_494' title='bbox 1371 4746 1430 4797; x_wconf 91' lang='lat' dir='ltr'><strong>pro·</strong></span> 
     </span>
     <span class='ocr_line' id='line_1_45' title="bbox 135 4800 1374 4872; baseline -0.002 -18"><span class='ocrx_word' id='word_1_495' title='bbox 135 4806 238 4855; x_wconf 84' lang='lat' dir='ltr'><strong>ductam</strong></span> <span class='ocrx_word' id='word_1_496' title='bbox 258 4807 301 4856; x_wconf 79' lang='lat' dir='ltr'><strong>A?</strong></span> <span class='ocrx_word' id='word_1_497' title='bbox 320 4808 472 4872; x_wconf 85' lang='lat' dir='ltr'><strong>productum</strong></span> <span class='ocrx_word' id='word_1_498' title='bbox 488 4803 576 4857; x_wconf 75' lang='lat' dir='ltr'><strong>sca*</strong></span> <span class='ocrx_word' id='word_1_499' title='bbox 647 4803 682 4855; x_wconf 79' lang='lat' dir='ltr'><strong>eb</strong></span> <span class='ocrx_word' id='word_1_500' title='bbox 702 4820 760 4856; x_wconf 87' lang='lat' dir='ltr'><strong>ecce</strong></span> <span class='ocrx_word' id='word_1_501' title='bbox 778 4800 842 4854; x_wconf 87' lang='grc' dir='ltr'><strong>ωηοΙ</strong></span> <span class='ocrx_word' id='word_1_502' title='bbox 855 4804 963 4855; x_wconf 83' lang='lat' dir='ltr'><strong>litteram</strong></span> <span class='ocrx_word' id='word_1_503' title='bbox 983 4804 1035 4854; x_wconf 73' lang='lat' dir='ltr'><strong>AG</strong></span> <span class='ocrx_word' id='word_1_504' title='bbox 1051 4821 1110 4855; x_wconf 85' lang='lat' dir='ltr'><strong>ecce</strong></span> <span class='ocrx_word' id='word_1_505' title='bbox 1125 4813 1183 4854; x_wconf 86' lang='grc' dir='ltr'><strong>ωηο</strong></span> <span class='ocrx_word' id='word_1_506' title='bbox 1198 4803 1295 4852; x_wconf 79' lang='lat' dir='ltr'><strong>litteras</strong></span> <span class='ocrx_word' id='word_1_507' title='bbox 1310 4800 1374 4852; x_wconf 75' lang='lat' dir='ltr'><strong>na*</strong></span> 
     </span>
     <span class='ocr_line' id='line_1_46' title="bbox 135 4874 898 4942; baseline -0.003 -17"><span class='ocrx_word' id='word_1_508' title='bbox 135 4874 171 4942; x_wconf 76' lang='lat'><strong>³0</strong></span> <span class='ocrx_word' id='word_1_509' title='bbox 188 4877 256 4940; x_wconf 90' lang='lat' dir='ltr'><strong>quod</strong></span> <span class='ocrx_word' id='word_1_510' title='bbox 276 4885 315 4926; x_wconf 86' lang='lat' dir='ltr'><strong>est</strong></span> <span class='ocrx_word' id='word_1_511' title='bbox 333 4891 379 4930; x_wconf 83' lang='lat' dir='ltr'><strong>om.</strong></span> <span class='ocrx_word' id='word_1_512' title='bbox 401 4877 424 4926; x_wconf 83' lang='lat' dir='ltr'><em>B</em></span> <span class='ocrx_word' id='word_1_513' title='bbox 495 4876 528 4927; x_wconf 81' lang='lat'><strong>34</strong></span> <span class='ocrx_word' id='word_1_514' title='bbox 547 4877 722 4926; x_wconf 87' lang='lat' dir='ltr'><strong>discriminare</strong></span> <span class='ocrx_word' id='word_1_515' title='bbox 739 4875 857 4925; x_wconf 90' lang='lat' dir='ltr'><strong>uidemus</strong></span> <span class='ocrx_word' id='word_1_516' title='bbox 872 4875 898 4923; x_wconf 90' lang='lat' dir='ltr'><em>A</em></span> 
     </span>
    </p>
   </div>
   <div class='ocr_carea' id='block_1_4' title="bbox 0 0 1685 5498">
    <p class='ocr_par' dir='ltr' id='par_1_5' title="bbox 0 0 1685 5498">
     <span class='ocr_line' id='line_1_47' title="bbox 0 0 1685 5498; baseline 0 0"><span class='ocrx_word' id='word_1_517' title='bbox 0 0 1685 5498; x_wconf 95' lang='lat' dir='ltr'><strong> </strong></span> 
     </span>
    </p>
   </div>
  </div>
 </body>
</html>
