3346 5498
278 377 342 444 468
829 379 1013 443 EVTYClllS

304 501 325 541 p.
341 490 384 528 1⁷5.
398 491 422 529 tu
436 487 458 528 b.
1367 486 1540 539 p‚2168-7ul‘.

279 569 406 649 aliquem
429 571 557 630 inveniri
579 571 783 647 cognovimus,
812 572 871 630 nisi
890 569 1069 631 infinitivum
1094 567 1107 648 ll
1130 569 1253 630 scabere
1276 569 1352 649 apud
1376 569 1568 648 blenippeum

278 671 441 732 Varronem
463 674 493 732 in
517 671 676 742 Catamito;
700 671 777 751 quod
800 674 904 733 venire
926 691 942 734 a
965 674 1112 751 positione
1127 671 1211 732 verbi
1234 672 1311 751 quod
1334 678 1381 730 est
1402 670 1505 732 scabio
1518 670 1568 731 vel

279 772 382 843 scabo,
407 774 485 834 unde
508 773 624 834 scabies
645 793 752 836 nomen
776 782 820 835 est
842 775 1023 843 derivatum,
1047 781 1076 833 et
1090 774 1253 834 verisimile
1276 781 1372 854 potest
1387 774 1565 835 existimari.

278 878 380 936 ivero
403 875 596 936 antecedente
619 876 693 936 baec
716 884 829 938 tantum
851 886 920 939 sunt
947 879 1053 939 tertiae
1076 877 1308 954 coniugationis,
1336 874 1422 936 brevi
1444 874 1567 954 quidem

279 984 310 1038 ut
333 975 404 1038 bibo
426 977 521 1047 bibis,
546 978 632 1057 longa
656 997 725 1039 vero
747 987 780 1040 ut
801 979 901 1040 scribo
923 978 1042 1040 scribis.
1086 981 1158 1039 item
1181 997 1200 1038 u
1223 978 1315 1040 vocali
1338 978 1424 1056 longa
1446 984 1593 1040 antece-⁵

277 1079 365 1140 dente
388 1098 479 1140 unum
502 1086 548 1141 est
568 1083 675 1141 tertiae
697 1084 929 1160 coniugationis,
953 1088 985 1141 ut
1007 1080 1087 1141 nubo
1108 1079 1214 1152 nubis,
1242 1100 1271 1142 m
1293 1099 1362 1140 vero
1384 1085 1565 1140 consonante

277 1181 472 1243 antecedente
494 1182 552 1242 duo
574 1190 658 1253 sunt,
683 1190 715 1243 ut
736 1183 834 1244 lambo
857 1183 978 1253 lambis,
1002 1183 1080 1242 unde
1103 1182 1245 1260 Virgilius
1268 1182 1293 1243 11
1317 1181 1395 1242 libro
1418 1181 1566 1242 Aeneidos

278 1283 355 1343 dixit
376 1283 559 1345 ‘lambere
583 1285 731 1347 llamma
753 1286 902 1355 comas’,
932 1293 962 1346 et
983 1304 1000 1345 a
1023 1284 1114 1345 verbo
1136 1284 1259 1353 cumbo,
1282 1284 1362 1364 quod
1384 1283 1511 1362 simplex
1534 1284 1566 1344 in

279 1404 334 1447 usu
367 1405 426 1445 non
461 1394 521 1455 est,
553 1389 731 1467 composita,
770 1387 909 1449 incumbo
942 1386 1104 1457 incumbis,
1133 1385 1296 1466 procumbo
1336 1383 1522 1464 procumbis,
1560 1382 1569 1467 l

277 1488 419 1550 accumbo
453 1488 617 1559 accumbis,
651 1489 812 1550 succumbo
845 1488 1031 1558 succumbis,
1070 1507 1197 1568 quorum
1224 1489 1410 1567 primitivum
1442 1488 1508 1547 sine
1536 1505 1568 1547 ιιι
1582 1511 1609 1550 ιο

279 1593 450 1652 enuntiatur
484 1598 603 1669 tamque
635 1592 761 1670 simplex
798 1610 886 1670 quam
915 1592 1110 1669 compositum
1140 1593 1205 1652 sine
1227 1609 1257 1650 m
1279 1589 1428 1668 prolatum
1450 1589 1568 1668 primae

277 1694 496 1769 coniugationis
518 1699 579 1761 est,
601 1700 635 1754 ut
656 1693 733 1754 cubo
755 1693 861 1762 cubas,
886 1691 994 1753 incubo
1017 1692 1155 1762 incubas,
1178 1690 1312 1771 procubo
1333 1690 1491 1770 procubas,
1516 1710 1568 1750 ex·

277 1794 353 1855 cubo
376 1793 514 1854 excubas.

361 1896 394 1956 ln
423 1914 457 1955 co
486 1895 653 1956 desinentia
682 1896 770 1957 verba
798 1898 949 1976 primitiva
976 1915 1028 1958 seu
1064 1897 1224 1958 derivativa
1258 1913 1443 1975 quacumque
1472 1895 1569 1956 vocali

277 1999 470 2058 antecedente
493 2000 607 2077 prim'ae
630 2006 700 2058 stant
722 2001 955 2076 coniugationis,
979 2006 1010 2082 ut
1032 1999 1117 2077 placo
1139 1999 1250 2077 placas,
1273 2016 1345 2057 vaco
1367 2016 1466 2068 vacas,
1491 2016 1608 2060 uecors

278 2118 382 2168 necaS,
406 2118 474 2159 seco
496 2100 575 2179 plico
598 2102 673 2159 mico
696 2100 804 2161 dimico
827 2103 923 2161 emico
946 2103 1022 2161 lrico
1045 2100 1112 2160 dico
1142 2100 1323 2179 paenultima
1352 2098 1451 2168 brevi,
1480 2101 1569 2160 ouius

278 2202 410 2263 luturum
434 2204 463 2262 in
486 2202 498 2262 l
521 2201 598 2262 libro
620 2202 767 2262 Aeneidos
789 2203 930 2280 Virgilius
953 2204 1067 2281 posuit,

429 2303 588 2363 conubio
610 2306 758 2380 iungam
781 2304 915 2365 stabili
938 2305 1206 2384 propriamque
1229 2303 1378 2371 dicabo,

278 2405 355 2465 unde
384 2406 489 2465 dedico
517 2406 616 2466 indico
645 2404 751 2465 abdico
782 2414 1012 2485 componuntur:
1048 2407 1144 2467 albico
1171 2409 1241 2466 item
1270 2405 1396 2474 albicas,
1425 2405 1569 2467 Horatius

277 2509 440 2568 carminum
462 2507 539 2569 libro
562 2507 574 2567 1
1581 2528 1606 2567 ιο

428 2628 494 2670 nec
517 2616 622 2689 prata
646 2611 750 2670 canis
772 2608 940 2670 albicant
961 2612 1125 2689 pruinis:

279 2711 384 2772 vellico
411 2711 546 2780 vellices,
575 2710 654 2771 idem
682 2729 853 2772 sermonum
881 2711 958 2771 libro
986 2712 998 2772 l
1022 2712 1195 2773 ‘vellicat
1218 2712 1413 2772 absentem
1436 2711 1566 2772 [leme-

279 2815 411 2874 trius':
441 2814 574 2874 claudico
601 2813 765 2882 claudicas,
795 2814 912 2874 vindico
940 2814 1087 2883 vindicas,
1122 2814 1241 2893 duplico
1269 2813 1416 2892 duplicas,
1446 2814 1567 2875 eradico

278 2916 426 2985 eradicas
450 2915 610 2976 Terentius
633 2917 663 2975 in
688 2915 797 2977 Andria

429 3018 465 3078 di
487 3025 522 3079 te
546 3017 761 3085 eradicent,
786 3020 836 3078 ita
859 3036 912 3077 me
934 3020 1109 3078 miseram
1132 3021 1305 3079 territas:
1579 3038 1605 3076 ss

279 3120 417 3181 mendico
439 3120 605 3188 mendicas,
629 3120 740 3179 sulioco
756 3119 898 3188 suffocas,
922 3119 986 3179 loco
1008 3120 1101 3189 locas,
1124 3138 1195 3179 voco
1218 3138 1317 3188 vocas,
1341 3120 1420 3197 quod
1442 3121 1567 3198 paenul-

279 3224 378 3282 timam
402 3223 532 3282 nominis
554 3222 670 3299 longam
693 3223 723 3282 in
747 3221 837 3281 verbo
860 3223 1014 3301 corripuit.
1060 3229 1199 3282 notantur
1220 3223 1327 3282 tertiae
1349 3223 1568 3298 corvivtgationis

278 3343 349 3384 coco
383 3326 462 3385 cocis
495 3331 526 3384 et
557 3342 632 3403 quae
662 3322 699 3383 ab
728 3341 763 3383 eo
791 3332 1023 3401 componuntur,
1058 3324 1166 3383 decoco
1199 3342 1325 3403 percoco
1359 3326 1472 3384 incoco.
1518 3327 1567 3385 cui

278 3425 368 3486 verbo
391 3425 462 3487 licet
484 3444 590 3486 nornen
613 3425 755 3486 adhaeret
776 3443 879 3493 cocus,
903 3434 1000 3485 tamen
1023 3444 1080 3485 non
1104 3424 1140 3485 ab
1163 3444 1198 3485 eo
1213 3424 1350 3493 verbum,
1374 3425 1426 3485 sed
1442 3445 1459 3485 a
1475 3426 1568 3486 verbo

277 3547 384 3589 nomen
408 3529 515 3588 deduci
537 3534 736 3588 monstratum
759 3529 789 3587 in
812 3545 902 3605 supra
918 3527 1006 3588 dictis
1027 3529 1209 3588 sufficienter
1233 3528 1380 3586 existimo.
1410 3529 1606 3607 excipiun-ao

279 3637 326 3690 tur
341 3648 434 3709 pauca
450 3632 548 3699 etiam,
576 3648 651 3709 quae
675 3629 780 3688 tertiae
803 3636 873 3688 sunt
894 3630 1112 3706 coniugationis
1134 3629 1318 3689 differentiae
1342 3647 1444 3688 causa:
1468 3631 1478 3689 i
1502 3632 1570 3710 qui·

278 3732 345 3792 dem
368 3732 462 3791 vocali
486 3733 572 3809 longa
595 3730 802 3799 antecedente,
827 3730 893 3790 dico
916 3730 1005 3799 dicis,
1031 3731 1059 3791 id
1083 3738 1128 3791 ost
1150 3749 1255 3800 narro,
1280 3739 1311 3792 ut
1334 3730 1424 3790 distet
1438 3725 1452 3811 Ιι
1470 3730 1508 3791 ab
1532 3751 1569 3792 eo

192 3826 197 3843 ‘
278 3835 326 3892 cui
349 3832 446 3892 brevis
469 3835 478 3892 i
502 3832 651 3893 antecedit
673 3840 702 3891 et
724 3850 813 3891 sensu
836 3840 865 3891 et
887 3833 1094 3909 coniugatione
1117 3840 1147 3892 et
1169 3840 1312 3911 tempore.
1357 3832 1434 3893 unde
1457 3836 1570 3895 merito

278 3936 340 3993 suis
363 3934 545 4012 respondent
566 3935 726 4013 primitivis
749 3932 785 3994 ab
808 3939 934 4012 utroque
957 3937 1134 4013 composita,
1165 3942 1197 3994 ut
1221 3933 1321 4013 [edico
1344 3933 1452 4012 edicis]
1478 3954 1568 4018 prae·

278 4035 345 4095 dico
372 4034 520 4114 praedicis
547 4034 763 4112 longitudinem
797 4036 940 4114 primitivi
974 4054 1096 4098 servans
1130 4040 1235 4097 tertiae
1263 4042 1309 4096 est
1336 4038 1567 4113 coniugationis,
1582 4055 1607 4096 u

349 4307 636 4359 linueniritintevim
653 4307 825 4357 BPiuterim
841 4308 983 4372 inueniris
1031 4303 1201 4374 menippeum]
1222 4307 1569 4374 memphnmtmemphium
1613 4359 1616 4366 ,

276 4380 293 4439 f
341 4379 398 4427 2in
418 4378 507 4427 cantito
527 4378 588 4437 Bis
635 4379 738 4444 iuirg.
753 4378 835 4430 lib.V
855 4379 1027 4428 aeneidosB:
1044 4380 1109 4431 Aen.
1134 4380 1154 4426 11
1172 4378 1223 4429 684
1274 4374 1410 4443 9cumbo]
1431 4378 1465 4439 cf.
1480 4380 1568 4434 Prisc.

278 4451 295 4502 l.
312 4448 335 4497 X
354 4465 381 4513 p.
400 4448 460 4510 507,
479 4446 495 4498 3
566 4446 595 4498 ll
616 4448 758 4497 enuntiatur
777 4456 877 4511 tumque
893 4449 1000 4514 simplex
1016 4449 1041 4498 B
1053 4450 1209 4498 enumiatum
1222 4456 1322 4509 tumque
1338 4448 1447 4511 simplex
1465 4450 1491 4498 P
1503 4465 1570 4498 nuu-

277 4520 357 4568 ciatnr
376 4517 582 4581 tamsimplext
653 4518 683 4568 13
706 4519 802 4567 excubo
821 4519 995 4568 excubusom.
1015 4521 1039 4569 P
1092 4519 1124 4570 15
1144 4532 1206 4567 uoco
1226 4532 1302 4567 uocas
1322 4521 1346 4567 P
1413 4516 1445 4567 16
1463 4518 1570 4578 breuis

280 4589 364 4638 breuis
378 4588 431 4637 BP
485 4589 515 4640 l‘l
536 4598 562 4637 ut
580 4587 687 4637 conubio
701 4589 739 4638 P:
762 4592 840 4654 Verp.
858 4587 925 4637 Aen.
942 4589 948 4636 1
969 4588 1002 4638 73
1072 4587 1107 4637 20
1125 4603 1202 4640 earm.
1224 4586 1288 4638 libro
1309 4585 1327 4654 l]
1345 4589 1371 4646 4,
1388 4589 1416 4638 4;
1432 4588 1468 4649 cs.
1484 4590 1569 4640 Prior.

278 4661 293 4708 1.
307 4658 364 4707 Vlll
381 4673 408 4721 p.
430 4656 489 4722 397,
510 4658 550 4710 10.
569 4657 662 4718 432st
717 4660 748 4709 21
770 4656 826 4722 nec]
847 4657 982 4721 imcthf
1031 4659 1065 4709 22
1081 4655 1158 4724 idem]
1179 4660 1238 4707 item
1251 4656 1308 4705 BP
1366 4673 1442 4709 serm.
1462 4657 1526 4708 libro
1546 4657 1567 4727 l]

280 4727 320 4788 10,
338 4727 371 4777 87
389 4725 449 4790 (791
501 4727 714 4788 demetriasPtf
763 4728 838 4779 urin
860 4725 966 4794 Andria]
990 4728 1076 4787 11114,
1097 4730 1129 4776 22
1187 4727 1568 4781 25diteerndioantitamen

279 4797 394 4847 miserum
414 4798 524 4848 territam
546 4799 569 4847 P
585 4806 609 4845 te
623 4797 746 4846 eridicant
761 4799 795 4846 ita
809 4813 849 4846 me
867 4797 1006 4846 miseriram
1022 4799 1157 4847 territamt
1173 4798 1300 4847 eradicent
1318 4813 1357 4845 me
1377 4804 1427 4844 tam
1446 4798 1570 4850 miserant

277 4867 439 4931 territumque
453 4869 471 4931 f
535 4867 654 4918 miserum
669 4866 695 4916 B
764 4869 797 4916 27
816 4874 933 4916 notantur
951 4868 985 4930 ts
1000 4876 1098 4918 notatur
1117 4867 1172 4916 BP
1238 4864 1271 4917 ct
1292 4867 1323 4917 ab
1344 4875 1448 4930 utraque
1466 4869 1492 4919 P
