3346 5498
277 380 341 445 466
828 385 1011 448 nvutcffls
1363 418 1370 443 t

303 489 455 544 purant.
1294 474 1296 481 '
1362 493 1538 546 prro-ow.

278 592 311 633 oc
333 573 513 642 desinentia,
537 576 560 633 si
585 577 699 653 passiva
717 570 730 654 Η
749 594 808 635 non
830 576 891 635 sint
912 593 968 635 nec
990 576 1163 637 deriventur
1185 575 1222 635 ab
1245 577 1365 644 activis,
1390 584 1422 635 ut
1443 575 1563 636 illorum

277 682 439 755 sequantur
465 676 701 752 coniugatioues,
730 678 792 737 sive
821 677 998 755 deponentia
1027 681 1087 738 sint
1114 696 1167 739 seu
1195 679 1377 747 communia,
1403 678 1561 738 uniformis

278 777 326 839 illa
350 777 450 854 regula
473 776 603 837 vindicat
630 784 664 837 ut
690 779 802 856 primae
830 785 945 840 tantum
967 780 1054 840 modo
1069 782 1130 840 sint
1151 782 1215 859 ipsa
1237 798 1353 860 quoque
1378 781 1562 858 coniugatio·

277 882 324 939 nis
356 879 593 940 observationem
625 887 726 940 secuta
759 881 943 957 generalem.
975 884 1044 960 quia
1072 882 1213 961 pleraque
1242 889 1310 942 sunt
1343 899 1359 941 a
1391 880 1563 943 nominibus

219 980 222 987 '
276 981 423 1050 derivata,
448 988 481 1041 ut
502 1001 610 1061 precor
632 982 723 1042 vador
738 1001 828 1060 vagor
850 983 997 1061 suffragor
1021 981 1164 1063 [gratior]
1189 985 1327 1061 negotior
1348 983 1476 1043 auxilior
1498 985 1591 1062 opi-⁵

278 1082 356 1142 tulor
377 1083 512 1161 gratulor
536 1103 670 1145 racemor
692 1086 784 1145 rimor
806 1087 983 1164 peregrinor
999 1084 1105 1163 dignor
1127 1104 1258 1164 aucupor
1281 1104 1374 1165 aquor
1396 1088 1490 1146 miror
1513 1085 1564 1145 ad·

278 1204 382 1245 versor
404 1193 497 1246 testor
524 1189 664 1246 convivor
691 1189 773 1246 rixor
806 1195 836 1248 et
857 1188 983 1248 similia:
1012 1189 1144 1267 exceptis
1165 1189 1284 1266 paucis,
1313 1206 1388 1265 quae
1410 1195 1481 1248 sunt
1502 1194 1564 1248 ter·

277 1289 334 1348 tiae
357 1294 528 1367 correptae,
552 1296 585 1348 ut
607 1288 692 1349 labor
712 1291 821 1367 fungor
842 1308 950 1368 sequor
972 1289 1071 1368 liquor
1092 1289 1197 1369 loquor
1211 1307 1321 1368 queror
1343 1297 1477 1350 revertor
1496 1297 1566 1351 utor

277 1391 370 1457 nitor,
394 1397 424 1449 et
446 1408 521 1469 quae
544 1389 580 1450 ab
604 1391 650 1451 his
672 1391 798 1468 singulis
819 1399 1051 1470 componuntur,
1075 1410 1150 1470 qnae
1173 1391 1240 1451 ideo
1262 1398 1384 1470 excepta
1406 1394 1473 1452 iure
1495 1400 1567 1453 sunt

279 1493 385 1551 tertiae
414 1493 631 1568 coniugationis
659 1491 832 1563 verborum,
862 1495 930 1573 quia
958 1493 1070 1553 nullam
1096 1492 1234 1554 videntur
1261 1495 1387 1570 originis
1409 1496 1564 1555 nominum
1580 1507 1607 1546 1⁰

276 1596 463 1653 occasionem
492 1603 657 1654 monstrare
688 1592 842 1674 (idemque
864 1595 920 1655 hoc
943 1597 1033 1654 etiam
1055 1597 1086 1655 in
1109 1597 1246 1674 superius
1269 1595 1386 1663 relatis,
1410 1594 1441 1655 id
1464 1603 1511 1655 est
1533 1598 1565 1656 in

277 1698 322 1755 ior
344 1695 390 1754 vel
414 1698 444 1754 in
467 1715 521 1755 uoc
545 1696 750 1757 desinentibus
765 1697 877 1766 verbis,
901 1696 1054 1757 observari
1077 1705 1189 1776 potest,
1213 1697 1291 1776 quod
1314 1697 1350 1757 ad
1372 1698 1492 1757 tertiam
1516 1698 1564 1757 illa

277 1798 428 1876 pertinent
456 1799 707 1874 coniugationem‚
737 1817 812 1877 quae
841 1801 925 1878 quasi
953 1801 1102 1878 primitiva
1131 1801 1284 1859 nominum
1307 1808 1409 1859 carent
1431 1818 1565 1860 commu·

278 1901 380 1968 nione,
403 1907 436 1960 ut
458 1900 578 1977 gradior
600 1902 711 1960 morior
735 1903 829 1979 patior
851 1903 932 1960 orior
947 1903 1043 1980 potior
1064 1903 1149 1962 fruor
1164 1902 1261 1981 liquor
1277 1919 1384 1979 sequor
1400 1920 1565 1981 exsequor;

277 2021 292 2061 a
323 2000 493 2061 nominibus
521 2002 651 2061 derivata
680 2008 688 2065 i
718 2003 837 2082 quidem
864 2003 1076 2081 paenultimam
1105 2022 1209 2082 puram
1238 2002 1417 2063 habentibus
1446 2006 1565 2083 primae
1581 2015 1607 2055 1⁵

276 2114 360 2173 sunt,
384 2104 439 2163 hoc
462 2111 559 2163 autern
582 2106 696 2182 privata
718 2113 839 2184 quartae
863 2108 1061 2183 coniugationi
1080 2107 1249 2165 necessario
1271 2105 1461 2184 «lapidantur,
1485 2107 1567 2185 quod

277 2214 306 2266 ct
329 2209 358 2266 in
382 2209 410 2266 io
433 2205 636 2267 desinentibus
659 2206 773 2276 verbis,
797 2207 826 2266 id
851 2216 895 2267 est
918 2209 1019 2268 activis
1036 2207 1079 2267 vel
1102 2206 1298 2275 neutralibus,
1323 2209 1388 2266 sieri
1410 2208 1567 2286 praedixi·
1603 2244 1610 2261 .

278 2327 357 2376 uitis,
381 2311 482 2386 paneis
505 2309 565 2368 illis
587 2310 725 2386 superius
747 2311 857 2369 notatis
879 2309 922 2391 ad
938 2312 1057 2370 tertiam
1080 2309 1273 2370 redeuntibus
1295 2307 1483 2387 prinritivisl:
1515 2329 1567 2369 cx·

276 2412 372 2488 ceptis
394 2412 483 2469 etiarn
506 2413 536 2470 in
560 2428 611 2469 cor
639 2410 843 2470 desinentibus
871 2410 1077 2471 communibus
1100 2411 1145 2470 vel
1168 2410 1385 2490 deponentibus
1407 2430 1440 2471 as
1464 2411 1508 2471 vel
1533 2431 1568 2472 cs

278 2512 320 2571 rel
337 2513 363 2570 is
379 2519 445 2571 anto
468 2531 520 2571 cor
541 2511 734 2581 habentibus,
758 2531 847 2592 quae,
864 2516 926 2572 sire
949 2509 1096 2592 primitiva
1119 2515 1178 2573 sint
1200 2532 1253 2573 sen
1275 2513 1446 2581 derivativa,
1471 2514 1568 2574 solius
1582 2526 1609 2563 2⁰

278 2616 382 2674 tertiae
405 2622 489 2682 sunt,
518 2621 551 2674 ut
579 2633 685 2674 nascor
712 2618 826 2675 irascor
849 2633 951 2674 vescor
973 2616 1101 2674 ulciscor
1123 2617 1278 2676 nanciscor
1300 2617 1435 2694 paciscor
1458 2634 1567 2696 exper-

276 2719 375 2793 giscor
403 2719 609 2777 connniniscor
638 2718 788 2797 adipiscor
816 2716 862 2776 uel
891 2720 1010 2795 antique
1043 2719 1160 2796 apiscor
1192 2717 1364 2785 obliviscor;
1397 2718 1567 2797 meritoque

277 2819 349 2879 haec
381 2838 497 2899 quoqne
532 2819 637 2888 rerba,
671 2819 741 2879 licet
768 2819 911 2897 quaedam
941 2837 976 2878 ex
1004 2818 1051 2877 his
1080 2819 1210 2879 derivata
1240 2828 1308 2879 sunt
1337 2838 1352 2879 a
1381 2819 1566 2885 nominibus.

277 2923 398 2981 tertiam
422 2923 661 2998 coniugationem
684 2940 742 2981 non
766 2919 959 2998 elllrrgcrunt,
987 2939 1062 2999 quae
1086 2940 1172 2980 cruam
1196 2923 1225 2980 in
1249 2941 1299 2980 sco
1322 2922 1566 2982 terminationem

277 3030 335 3082 tam
365 3025 395 3081 in
425 3022 610 3092 derivativis,
639 3042 714 3103 quae
745 3026 856 3084 lormae
885 3031 953 3083 sunt
981 3023 1180 3090 inchoativae,
1204 3042 1292 3101 quarn
1315 3023 1344 3083 in
1361 3019 1370 3103 b
1393 3025 1565 3102 primitivis,
1581 3034 1606 3071 ²⁵

276 3143 350 3204 quae
374 3126 487 3184 formae
510 3133 580 3184 suut
601 3127 766 3204 perlectae,
796 3126 856 3186 sola
879 3125 1020 3205 possidet.
1065 3125 1215 3203 semelque
1238 3124 1293 3183 hoc
1315 3125 1498 3201 generaliter
1520 3135 1566 3186 est

276 3226 508 3295 observandum,
538 3228 615 3306 quod
645 3230 674 3287 in
704 3232 732 3288 io
760 3247 812 3288 seu
841 3230 872 3287 in
900 3230 946 3287 ior
974 3228 1141 3287 desinentia
1171 3225 1260 3285 rerba
1291 3226 1333 3286 vol
1358 3229 1471 3304 primae
1496 3236 1567 3287 snut

277 3337 390 3390 tantum
413 3328 588 3398 derivativa,
612 3330 656 3388 rel
680 3339 802 3409 quartae
825 3337 883 3391 tarn
907 3330 1053 3408 primitiva
1077 3347 1164 3407 quann
1187 3329 1361 3396 cleriratira,
1386 3327 1437 3386 sed
1460 3326 1565 3387 obser·

277 3435 392 3491 vatione
419 3433 534 3506 primae
562 3434 781 3509 coniugationis
808 3435 956 3501 carentia;
984 3437 1194 3490 consonantem
1224 3448 1292 3487 vero
1321 3437 1388 3489 ante
1417 3449 1434 3486 o
1462 3430 1508 3489 vel
1530 3450 1567 3490 or

277 3533 415 3594 habentia
443 3533 532 3594 verba
560 3536 656 3612 prima
684 3535 802 3613 quidem
832 3535 1015 3610 coniugatio,
1039 3534 1172 3610 quamvis
1195 3532 1369 3609 plerumque
1392 3530 1604 3602 derivativa,³⁰

275 3644 374 3696 tamen
398 3634 488 3695 habet
509 3636 659 3696 interdum
683 3643 712 3694 ct
734 3637 893 3714 primitiva.
938 3636 1026 3693 tertia
1054 3652 1124 3693 roro
1152 3632 1263 3711 absque
1293 3635 1323 3692 in
1352 3651 1402 3692 sco
1424 3632 1565 3692 desinen-

278 3736 358 3796 tibus
380 3736 558 3797 inchoativis
586 3746 614 3797 et
642 3736 850 3796 communibus
880 3737 924 3795 rel
954 3734 1172 3814 deponentibus
1202 3736 1232 3793 in
1255 3754 1322 3793 scor
1345 3735 1564 3804 desinentibus,

277 3841 307 3897 in
330 3836 439 3916 quibus
462 3838 532 3897 solis
554 3838 815 3898 ternrinationihus
830 3837 920 3897 habet
937 3838 1114 3906 derivativa,
1139 3839 1168 3896 in
1192 3835 1329 3895 omnibus
1345 3835 1469 3914 reliquis
1492 3838 1566 3897 hna-

277 3938 408 3999 litatibus
431 3958 489 3999 non
513 3941 598 4000 lacile
622 3940 792 4008 derivativa,
816 3940 867 3999 sed
890 3942 1040 4018 primitiva
1063 3946 1178 4000 tantum
1202 3938 1291 3999 verba
1315 3939 1425 3999 babere
1448 3943 1565 4018 reperi·

419 4127 578 4136 -,--,ῄ,

346 4231 362 4278 5
381 4237 407 4277 nt
428 4245 517 4294 precor
535 4244 621 4292 preces
640 4229 720 4277 uador
739 4243 783 4276 uas
803 4243 884 4294 nagor
910 4230 1037 4295 suffragor
1053 4228 1168 4295 gratulor
1184 4228 1300 4292 negotior
1320 4228 1447 4292 negotium
1467 4229 1567 4293 gratior

277 4301 358 4364 gratie
375 4298 485 4349 arrxilior
504 4299 625 4347 auxilinm
643 4298 753 4364 opitulor
772 4314 885 4348 racemos
904 4302 928 4349 l’
996 4301 1091 4365 gratior
1106 4315 1173 4350 corr.
1194 4298 1306 4363 gratulor
1325 4297 1350 4344 B
1367 4299 1486 4362 grators
1504 4315 1565 4363 gra-

277 4371 372 4421 tulor!
442 4368 589 4435 bgratulor
608 4385 784 4422 racemororn
805 4369 866 4427 Bes
925 4371 1072 4435 peregrinor
1088 4385 1170 4419 moror
1189 4369 1303 4430 dignort
1354 4382 1567 4431 aucuporaquor

277 4459 322 4491 om.
344 4442 367 4490 B
374 4449 384 4490 t
390 4442 408 4503 f
473 4441 488 4488 7
506 4447 584 4487 testor
601 4440 722 4488 testificor
735 4450 758 4487 et
777 4439 869 4488 similia
887 4441 912 4489 B
927 4441 1046 4489 testilicor
1065 4451 1088 4487 et
1107 4440 1199 4487 similia
1215 4440 1246 4499 ts
1296 4437 1328 4486 10
1346 4438 1405 4498 quio
1424 4437 1565 4489 nonullam

279 4514 301 4560 l’
372 4513 401 4561 ll
417 4523 543 4571 exsequor
561 4511 706 4559 nominibus
725 4509 835 4559 diriuata
855 4512 1020 4572 Persequor
1038 4525 1069 4556 ex
1091 4510 1234 4558 nominibus
1254 4517 1336 4555 autern
1356 4507 1465 4555 dirinata
1486 4515 1496 4556 t

279 4583 310 4633 15
329 4580 493 4646 perrnltimem
513 4594 600 4644 puram
621 4579 738 4629 babentia
756 4581 810 4629 BP
823 4580 987 4644 penultimam
1005 4578 1115 4628 nominis
1134 4594 1222 4643 pnraur
1242 4577 1361 4626 habentia
1377 4591 1393 4632 ς
1463 4579 1497 4627 22
1518 4579 1567 4626 ad·

277 4652 392 4715 aepiscor
412 4651 450 4699 uel
475 4652 613 4712 (superscr.
636 4651 746 4712 antiqui)
765 4651 948 4714 indepiscorb'
974 4649 1101 4714 adipiscor
1123 4649 1191 4697 uelut
1215 4648 1309 4708 antiqui
1332 4647 1461 4709 episcort
1530 4649 1566 4698 27

277 4720 317 4768 uel
337 4721 432 4783 primae
452 4722 501 4771 sint
520 4729 615 4769 tentum
634 4719 739 4767 dirioatu
757 4722 779 4768 P
795 4720 834 4769 uel
852 4722 947 4784 primae
967 4729 1025 4767 sunt
1044 4733 1099 4765 eum
1119 4720 1169 4766 sint
1187 4727 1282 4766 tannim
1299 4717 1442 4764 dccioatnm
1456 4716 1496 4767 Bt

277 4790 311 4841 30
329 4791 474 4856 coniugatio
493 4789 557 4854 (sibi
575 4789 636 4840 odd,
655 4788 677 4850 t)
697 4791 813 4838 nendicat
831 4791 948 4850 quamuis
963 4789 1006 4838 Bt
1062 4787 1095 4837 34
1115 4803 1163 4837 tion
1179 4786 1254 4835 facile
1273 4786 1348 4834 habet
1363 4786 1500 4834 diriuatiua
1519 4789 1567 4837 sed

277 4861 406 4928 primitius
422 4869 518 4909 tantum
537 4860 614 4909 uerba
630 4857 723 4908 habere
740 4858 804 4909 solet
822 4859 867 4908 scd
886 4861 910 4908 P
