3346 5498
670 358 740 419 nus
770 359 782 418 l
806 360 945 419 3—113
1391 360 1453 424 413

193 480 214 521 p.
229 469 285 510 reor.
300 469 325 508 ee
339 467 361 508 r.
1268 480 1289 520 p.
1303 469 1392 509 aet-25
1405 468 1428 510 ι.

251 548 274 608 Ε
302 549 384 608 finita
418 551 516 608 neutri
544 549 665 625 generis
692 555 759 607 sunt
788 550 887 607 omnia
909 555 939 607 et
961 549 1070 607 tertiae
1093 547 1314 616 declinationis,
1343 557 1374 609 ut
1397 550 1452 610 hoc

166 650 259 710 sedile
282 650 396 719 sedilis,
421 650 528 709 monile
552 649 684 717 monilis,
709 657 771 708 rete
795 652 881 718 retis,
906 668 987 708 mare
1009 651 1110 709 utaris

184 822 200 854 .
251 751 395 812 dritten
420 754 576 812 terminata
600 753 706 812 tertiae
729 758 796 810 sunt
819 750 1027 811 declinationis
1050 753 1161 818 omnia,
1194 751 1245 811 sed
1269 752 1378 812 diversi
1393 770 1451 830 ‚ge-

165 856 257 913 neris.
288 871 355 913 nam
378 872 453 932 quae
477 856 507 912 in
531 873 548 912 o
570 872 675 932 puram
697 854 838 913 desinunt
861 872 876 912 e
900 853 991 913 vocali
1015 854 1209 932 praeposita,
1223 854 1378 915 masculini
1401 872 1451 933 ge·

139 957 246 1017 oneris
278 962 360 1023 sunt,
395 964 427 1014 ut
461 956 510 1015 hic
542 973 636 1032 ganeo
665 956 728 1016 aleo
757 955 856 1026 labeo,
885 974 961 1034 quae
990 957 1202 1015 nominativum
1230 964 1259 1014 et
1289 959 1451 1017 vocativum

164 1057 258 1117 solum
287 1056 407 1117 habent.
452 1076 527 1137 quae
557 1060 566 1117 i
597 1065 664 1118 ante
693 1078 711 1117 o
738 1057 862 1126 habent,
894 1065 943 1117 aut
970 1059 1092 1136 propria
1120 1057 1282 1117 masculina
1306 1066 1389 1128 sunt,
1420 1069 1451 1120 ut

164 1159 254 1220 Curio
276 1159 390 1237 Scipio,
414 1166 464 1218 aut
486 1178 595 1238 corpus
616 1160 736 1239 quidem
759 1161 957 1237 significantia
985 1161 1104 1236 generis
1127 1167 1197 1218 sunt
1219 1160 1388 1230 masculini,
1419 1169 1450 1221 ut

164 1260 213 1320 hic
236 1261 334 1321 stellio
357 1262 427 1319 unio
451 1261 556 1320 histrio
579 1263 715 1321 centurio
737 1263 821 1321 senio
843 1262 977 1321 curculio
992 1262 1148 1340 quaternio
1171 1261 1277 1331 mulio;
1300 1268 1331 1321 et
1352 1265 1449 1324 omnia

164 1381 181 1421 o
203 1362 332 1422 litteram
356 1365 385 1421 in
409 1362 539 1441 obliquis
562 1363 681 1424 casibus
703 1364 876 1442 productam
899 1370 1017 1422 serrant
1040 1369 1162 1441 excepto
1185 1381 1257 1433 uno,
1282 1365 1355 1424 Anio
1380 1363 1448 1444 [llu-

126 1482 151 1520 eo
165 1482 232 1524 men
262 1471 307 1523 est
335 1463 468 1543 ltaliae],
501 1465 579 1543 quod
608 1467 732 1525 Anienis
760 1466 841 1527 facit.
886 1471 1070 1524 remantem
1098 1465 1314 1543 incorporalem
1336 1469 1449 1543 signiti-

163 1567 260 1626 cantia
282 1566 424 1645 pleraque
448 1585 464 1626 a
487 1565 586 1626 verbis
609 1568 829 1627 transferuntur
851 1575 880 1626 et
908 1575 978 1626 sunt
1005 1569 1126 1642 generis
1148 1567 1298 1636 feminini,
1324 1576 1355 1628 ut
1376 1568 1449 1629 haec

163 1670 259 1727 oratio
287 1669 362 1727 ratio
391 1670 467 1728 actio
495 1670 582 1727 statio
610 1668 737 1728 hortatio
760 1668 876 1745 religio.
921 1676 951 1728 et
978 1669 1050 1727 haec
1078 1669 1218 1729 similiter
1245 1672 1363 1729 nomina
1396 1689 1448 1750 per

162 1787 249 1828 casus
272 1788 374 1829 omnes
397 1789 413 1828 o
435 1769 601 1848 producunt
623 1778 743 1849 praeter
766 1766 987 1848 nomilnativum
1010 1778 1041 1828 et
1063 1773 1226 1831 vocativum
1249 1774 1365 1831 numeri
1388 1775 1448 1832 sin-

161 1871 286 1950 gularis
316 1874 487 1950 praeposita
510 1890 579 1931 vero
602 1890 619 1931 o
642 1873 759 1933 litterae
782 1872 916 1951 qualibet
938 1882 1117 1933 consonante
1141 1875 1262 1951 propria
1279 1874 1324 1933 vel
1348 1876 1447 1953 appel·

123 1973 248 2033 relativa
279 1973 432 2033 masculini
461 1981 529 2032 sunt
558 1977 691 2051 genecio,
725 1982 755 2034 ut
783 1974 831 2034 hic
861 1973 955 2034 Carbo
978 1972 1053 2033 Libo
1080 1993 1187 2053 praeco
1215 1992 1317 2034 mucro
1339 1970 1352 2055 l}
1378 1975 1448 2037 bufo

161 2075 237 2136 latro
259 2075 345 2134 horno
368 2077 427 2135 tiro
449 2093 547 2134 sermo
569 2094 643 2155 paro
666 2075 752 2144 Cato,
782 2082 906 2154 excepto
934 2095 992 2136 uno
1014 2078 1136 2154 proprio
1158 2077 1294 2136 seminini
1317 2080 1446 2153 generis,

161 2177 233 2237 haec
265 2177 353 2245 luno,
388 2186 418 2237 et
451 2178 543 2238 altero
571 2177 760 2257 appellativo,
789 2177 867 2256 quod
896 2196 913 2236 n
947 2178 1078 2238 litteram
1113 2180 1143 2237 in
1172 2176 1301 2257 obliquis
1329 2178 1447 2239 casibus

161 2281 283 2348 amittit,
307 2280 379 2339 haec
402 2298 471 2339 caro
494 2281 602 2339 carnis.
633 2280 684 2339 sed
708 2278 783 2339 duae
806 2287 874 2340 sunt
896 2280 974 2341 solae
998 2287 1206 2349 consonantes
1230 2297 1249 2356 g
1272 2287 1302 2339 ct
1323 2280 1356 2350 d,
1380 2283 1445 2360 qui·

160 2379 215 2439 hus
249 2380 496 2459 praecedentibus
524 2400 541 2440 o
569 2381 698 2441 litteram
728 2383 846 2442 nomina
879 2385 1000 2459 generis
1028 2390 1096 2442 sunt
1126 2383 1276 2451 seminini,
1310 2390 1342 2444 ut
1374 2383 1446 2444 haec

121 2498 148 2539 ιο
162 2484 273 2559 imago,
298 2483 369 2542 haec
392 2483 486 2559 caligo
509 2483 603 2560 fuligo
626 2486 710 2561 origo
730 2502 865 2562 propago
880 2485 1008 2545 hirundo
1026 2482 1165 2564 [aerugo]
1183 2484 1317 2544 harundo
1333 2488 1445 2562 magni·

160 2584 230 2643 tudo
253 2583 378 2644 altitudo
400 2585 517 2645 testudo
539 2586 666 2645 formido
690 2586 854 2646 similitudo
877 2588 1030 2655 tortitudo,
1046 2605 1121 2666 quae
1144 2605 1161 2645 o
1184 2588 1214 2647 iu
1238 2588 1247 2646 i
1270 2596 1445 2648 convertunt

160 2688 190 2746 iu
213 2684 342 2764 obliquis
365 2686 492 2747 casibus.
538 2690 728 2767 excipiuntur
750 2691 780 2748 iu
803 2697 928 2769 utraque
956 2691 1075 2766 generis
1103 2688 1257 2748 masculini
1280 2688 1367 2758 haec,
1396 2689 1445 2750 hic

159 2788 234 2865 ligo,
259 2787 307 2846 hic
332 2804 451 2865 mango,
475 2788 524 2848 hic
546 2789 671 2868 praedo,
700 2789 749 2849 hic
771 2791 844 2860 udo,
873 2790 922 2850 hic
949 2790 1053 2870 spado,
1077 2807 1152 2868 quae
1175 2808 1192 2848 n
1215 2788 1391 2868 producunt,
1415 2798 1445 2851 et

159 2889 207 2949 hic
230 2891 334 2959 cardo,
358 2890 405 2949 hic
429 2891 516 2961 ordo,
545 2909 620 2971 quae
649 2893 835 2970 superiorem
857 2893 1014 2953 formulam
1037 2899 1211 2971 sequuntur.
1256 2900 1325 2952 sunt
1346 2900 1444 2954 autern

121 3000 298 3072 eaquattuor
326 3000 440 3052 tantum
468 2993 554 3053 modo
581 3011 657 3073 quae
686 2995 832 3054 neutralia
861 3013 926 3054 esse
950 3001 1087 3072 possunt,
1117 3011 1241 3072 quorum
1266 3012 1334 3072 pars
1356 2994 1442 3054 dimi·

160 3094 208 3154 dia
237 3094 467 3154 declinationem
495 3097 619 3174 patitur,
650 3102 681 3154 ut
709 3095 767 3154 duo
797 3102 825 3154 et
854 3092 949 3154 ambo.
993 3094 1092 3173 pondo
1120 3102 1219 3155 autem
1241 3101 1270 3154 et
1292 3103 1358 3156 octo
1381 3115 1442 3156 mo·

159 3203 278 3276 noptota
300 3204 369 3255 sunt
391 3202 421 3254 et
437 3203 550 3256 tantum
565 3195 722 3275 pluraliter
737 3195 913 3263 efferuntur,
937 3201 970 3255 ut
991 3196 1064 3255 haec
1086 3195 1184 3275 pondo
1206 3196 1311 3257 horum
1333 3197 1440 3279 pondo.

156 3332 459 3342 -.—-—-—-—-—

242 3400 275 3451 32
295 3400 405 3448 olittera
424 3400 556 3448 terminata
575 3399 649 3449 Char.
670 3398 712 3462 63,
731 3399 755 3449 8.
778 3413 834 3448 erce.
856 3397 932 3450 Char.
951 3399 1012 3458 543,
1027 3401 1043 3448 t
1057 3399 1135 3450 Proh.
1158 3398 1220 3449 cath.
1237 3399 1264 3464 9,
1283 3402 1316 3451 25

158 3523 459 3531 ———....—

244 3587 343 3636 ldnita
362 3589 446 3638 om.P
516 3589 602 3636 2rete
619 3588 679 3636 retis
697 3586 783 3638 om.F
849 3589 972 3652 dpurem
991 3601 1031 3651 95
1051 3602 1114 3651 pura
1136 3589 1236 3653 Ppure
1255 3590 1279 3638 F
1345 3591 1440 3654 bqnoe

158 3658 340 3708 nominativum
359 3671 381 3708 et
401 3660 540 3707 vocativum
558 3658 639 3706 solum
660 3658 810 3706 habentem.
831 3658 865 3706 P:
884 3657 919 3717 cs,
937 3657 1064 3710 Priscian.
1081 3658 1113 3706 de
1128 3667 1222 3708 necent.
1238 3676 1265 3723 p.
1279 3659 1338 3718 522,
1356 3659 1390 3710 30

158 3729 313 3791 8gurgulio
333 3728 356 3776 F
427 3727 457 3776 10
475 3729 590 3775 utrieonis
610 3727 801 3776 PaniensisF
868 3727 899 3776 12
918 3724 1037 3791 hortatio]
1058 3729 1167 3794 portatio
1185 3728 1340 3791 Fportios
1407 3730 1440 3780 14

158 3798 301 3863 praeposita
328 3812 387 3845 uero
412 3797 527 3847 olittern
546 3798 655 3860 qualibet
676 3799 701 3845 P
724 3797 868 3862 praeposite
886 3812 946 3846 uero
966 3799 980 3845 b
1001 3799 1080 3846 littera
1097 3799 1137 3846 nel
1159 3796 1269 3861 qualibet
1288 3797 1336 3852 Fe
1408 3799 1440 3849 15

158 3863 231 3930 Libo]
250 3867 344 3931 ligoF
412 3865 482 3931 bufo]
502 3868 566 3915 bubo
586 3867 626 3922 re
697 3865 729 3916 18
747 3867 830 3915 cernis
848 3881 894 3918 nm.
912 3868 937 3915 P
1004 3869 1038 3915 20
1057 3866 1147 3934 loligo]
1167 3869 1236 3933 oligo
1255 3869 1280 3916 P
1332 3866 1439 3917 hirundo

157 3951 237 4000 erugo
251 3936 365 3985 harundo
383 3936 488 3985 altitudo
509 3937 607 3985 testudo
625 3936 764 3985 similitudo
783 3936 904 3985 fortitudo
923 3952 987 4000 quae
1006 3939 1031 3986 F
1047 3937 1153 3986 hirundo
1172 3936 1235 3985 haee
1250 3937 1346 3986 arundo
1368 3953 1440 4004 mag-

160 4006 371 4055 nitndo‘nltitndo
391 4016 414 4055 et
433 4007 506 4056 stndo
527 4005 634 4055 formido
652 4021 715 4068 quae
731 4006 756 4053 P
823 4007 857 4055 ‘22
876 4007 1036 4072 excipiuntur
1054 4009 1080 4056 in
1096 4017 1202 4070 utroque
1218 4021 1276 4071 gen.
1296 4007 1401 4059 mesoul.
1417 4011 1442 4058 P

157 4077 281 4139 excipitur
297 4089 433 4137 neutroque
455 4078 555 4142 generis
576 4076 708 4123 masculini
723 4075 747 4122 F
763 4077 923 4140 excipiuntur
942 4079 965 4125 in
987 4085 1091 4140 utroque
1106 4091 1199 4143 genere
1217 4079 1356 4127 masculina
1372 4092 1389 4134 ς

156 4145 189 4196 '23
209 4145 269 4208 redo]
289 4147 353 4194 cudo
372 4147 395 4194 F
399 4161 416 4200 ς
485 4148 518 4194 at
543 4157 600 4194 sunt
618 4155 642 4193 et
660 4154 778 4206 quattuor
793 4146 866 4201 PFs
893 4156 951 4196 snut
971 4155 1119 4211 quattuorp
1188 4148 1221 4196 at
1241 4156 1335 4196 tentum
1353 4163 1399 4200 om.
1417 4149 1442 4198 P

227 4224 253 4263 nt
274 4215 336 4264 haec
355 4216 439 4279 pondo
464 4214 551 4264 horum
578 4216 662 4280 pondo
680 4215 730 4264 duo
747 4225 830 4264 autem
847 4217 871 4266 P
897 4227 924 4265 ut
946 4215 1006 4264 haec
1030 4216 1114 4282 pondo
1138 4214 1211 4280 (nem
1230 4217 1291 4270 add,
1310 4216 1338 4280 s)
1360 4232 1438 4266 unum

156 4287 240 4350 pondo
261 4301 309 4334 non
331 4287 515 4338 di...ci,mus
534 4286 676 4348 (superscr.
696 4285 734 4333 uel
753 4284 804 4334 dici
823 4283 956 4346 scimusl‘)
975 4287 1020 4334 sed
1042 4287 1067 4334 in
1095 4287 1183 4335 libram
1203 4286 1275 4335 efferi
1298 4285 1395 4348 (ell‘erri
1411 4287 1438 4348 s)

156 4354 206 4403 duo
226 4357 291 4403 euim
312 4366 336 4404 et
354 4357 401 4403 tria
422 4356 505 4418 pondo
526 4366 549 4402 et
568 4355 688 4420 deinceps
710 4395 894 4409 ,,,,,,,,,,,,
914 4355 1047 4418 (deinceps
1065 4355 1149 4404 dicere
1172 4354 1380 4417 obsernumuss)
1399 4355 1439 4402 uel

157 4425 273 4486 quotiens
291 4426 322 4474 de
342 4438 428 4472 nerum
449 4424 580 4486 loquamur
597 4424 737 4488 (loquimur
748 4424 776 4486 s)
796 4435 911 4489 correpte
929 4425 1042 4473 dicamus
1065 4425 1151 4490 pando
1175 4426 1294 4489 (dicimus
1313 4424 1439 4489 pondos)

157 4509 170 4542 c
185 4496 309 4543 duomilia
327 4509 478 4544 nararore.
503 4496 511 4543 l
531 4504 634 4543 accentu
653 4495 720 4542 enirn
738 4494 816 4560 longo
836 4496 870 4560 (s.
887 4494 994 4542 dicimus
1010 4495 1071 4544 add.
1082 4493 1109 4560 s)
1127 4496 1178 4544 duo
1193 4494 1307 4543 homines
1321 4505 1344 4542 et
1364 4493 1438 4543 ambo

156 4563 274 4614 homines
289 4566 354 4613 duae
370 4564 487 4613 mulieres
507 4564 595 4612 horum
615 4565 754 4630 ponderum
771 4566 850 4627 (dirae
868 4563 986 4613 mulieres
1005 4573 1029 4612 et
1047 4565 1136 4614 ambae
1155 4562 1307 4624 mulieresn
1322 4563 1371 4611 duo
1391 4578 1436 4611 su-

156 4643 206 4682 tem
226 4635 251 4687 P
267 4648 293 4681 ιιι
312 4635 372 4683 haee
391 4635 475 4699 pondo
496 4649 552 4682 nam
573 4649 648 4683 unum
669 4634 753 4699 pondo
771 4633 943 4683 condicimus
962 4634 1007 4682 sed
1027 4637 1050 4681 ln
1066 4634 1155 4683 librom
1177 4632 1260 4682 efferri
1277 4640 1360 4698 potest
1375 4632 1437 4692 (uon

157 4704 207 4753 dici
226 4705 336 4753 sciemus
355 4705 441 4753 sedin
462 4705 539 4753 libros
558 4703 646 4753 relerri
660 4703 691 4769 p)
710 4704 760 4752 dno
779 4706 886 4753 enimet
904 4704 1051 4768 trlapondo
1071 4715 1095 4754 et
1113 4704 1233 4767 deinceps
1248 4701 1437 4751 obseruebimus

158 4773 197 4821 trel
217 4775 332 4832 qrrotlens
349 4775 379 4822 de
397 4784 484 4822 neutro
502 4774 627 4837 loquimur
640 4783 754 4839 correpte
767 4773 876 4824 dicimus
892 4773 976 4837 pondo
995 4775 1020 4822 in
1033 4782 1136 4822 accentu
1152 4773 1229 4833 (enim
1246 4771 1306 4824 add.
1320 4768 1347 4834 s)
1360 4771 1437 4838 longo

157 4846 207 4891 dero
227 4844 341 4892 homines
358 4853 381 4891 et
399 4845 472 4893 ambo
491 4843 605 4894 homines
617 4844 681 4893 done
695 4844 813 4894 mulieres
827 4852 851 4893 et
862 4843 951 4892 amhae
966 4842 1085 4894 mulieres
1100 4843 1217 4892 dicuntur
1235 4841 1285 4891 duo
1302 4850 1385 4891 nutem
1397 4856 1437 4908 ps
