3346 5498
776 381 847 442 ARS
1393 379 1455 442 397

192 492 259 531 su
1285 488 1430 541 emme

167 579 196 630 et
219 591 235 630 e
258 574 288 631 in
312 580 495 651 postremum
517 571 682 631 conicimus
696 589 751 650 pro
774 574 798 640 i,
822 570 900 650 quod
916 571 1012 630 iuerat
1028 572 1157 649 primum
1181 568 1262 648 (licet
1277 565 1456 648 παρέλκων

166 674 206 732 sit
234 672 307 732 baec
335 674 441 743 dictio,
471 682 503 734 ut
530 683 575 733 est
602 673 758 743 adesdum,
788 674 981 752 quodgenus
1004 673 1214 752 metaplasmus
1237 681 1378 742 nonest,
1402 673 1454 733 sed

167 777 261 852 magis
283 775 406 856 tropus).
451 775 528 856 quod
552 778 642 836 etiam
665 777 694 835 iu
718 776 919 856 metaplasmis
942 778 1062 836 evenire
1085 773 1283 854 deprehendit
1311 777 1362 855 qui
1385 774 1453 836 dili·

164 879 284 954 gentius
306 879 528 947 animadvertit,
557 885 590 937 ut
617 896 684 938 cum
712 877 840 938 dicimus
868 877 988 938 laobum
1011 896 1066 958 pro
1089 876 1203 937 Bacbo:
1227 884 1257 936 et
1278 879 1455 938 mutavimus

126 1004 139 1042 s
166 979 310 1050 litteram,
334 981 411 1061 quod
436 989 481 1042 ost
503 979 677 1050 antithesis;
707 999 775 1040 nam
798 998 853 1059 pro
875 979 894 1039 b
917 981 1069 1059 posuimus
1092 981 1116 1039 i:
1149 987 1179 1039 et
1201 997 1289 1040 unam
1312 979 1453 1059 syllabam

165 1084 196 1141 in
219 1081 291 1142 duas
314 1084 486 1153 divisimus;
511 1100 577 1142 nam
600 1082 637 1142 de
661 1081 735 1144 bach
754 1082 885 1155 fecimus
905 1080 988 1151 iacb,
1012 1081 1091 1160 quod
1114 1089 1159 1140 est
1181 1081 1334 1142 diaeresis.
1372 1081 1452 1142 aliud

165 1183 304 1262 quiddam
327 1194 381 1253 est,
406 1182 468 1264 [ut]
487 1202 555 1244 cum
571 1184 698 1244 dicimus
712 1184 860 1245 Mavortis.
892 1202 959 1244 nam
982 1191 1010 1243 et
1033 1185 1221 1244 immittimus
1244 1184 1317 1244 duas
1339 1183 1453 1245 litteras

164 1302 215 1353 vo,
244 1285 322 1364 quod
350 1296 396 1346 cst
423 1285 609 1365 epenthesis,
638 1295 668 1347 et
696 1293 864 1365 separatam
886 1294 1097 1347 consonantem
1121 1285 1206 1346 alteri
1229 1285 1360 1364 syllabae
1383 1304 1452 1346 con-

163 1389 425 1463 iungimus‚1cum
453 1390 579 1449 iacimus
605 1408 674 1460 vor;
703 1389 781 1469 quod
809 1391 912 1449 neseio
939 1408 977 1448 au
1005 1388 1150 1448 diaeresis
1178 1387 1237 1447 dici
1260 1390 1369 1466 possit:
1393 1406 1452 1449 non

127 1490 246 1552 roenim
272 1507 328 1568 per
356 1508 388 1550 se
418 1497 532 1551 tantum
555 1491 628 1552 duas
655 1491 784 1571 syllabas
805 1492 887 1551 lacit.
931 1493 1003 1550 item
1026 1491 1100 1551 aluos
1122 1489 1329 1568 metaplasmos
1351 1489 1452 1560 babes,
1484 1492 1490 1505 ‘

164 1609 230 1650 cum
260 1591 386 1652 dicimus
413 1594 503 1653 satias
530 1612 586 1672 pro
614 1579 745 1654 satietas.
791 1612 857 1654 nam
886 1601 916 1653 et
944 1592 1059 1653 mediae
1087 1592 1209 1652 dictioni
1234 1593 1314 1651 duae
1336 1592 1451 1652 litterae

162 1692 332 1754 subtractae
360 1702 443 1763 sunt,
473 1696 550 1774 quod
580 1703 626 1757 est
653 1714 795 1774 syncope,
824 1705 855 1754 et
883 1695 958 1755 duae
987 1694 1117 1774 syllabae
1145 1696 1177 1754 in
1205 1712 1293 1754 unam
1314 1694 1452 1755 redactae

162 1803 246 1865 sunt,
278 1796 356 1874 quod
385 1805 430 1857 est
457 1797 672 1877 episynalipbc.
718 1815 790 1875 ergo
817 1798 935 1858 eovacla
964 1799 1015 1877 qui
1038 1797 1111 1857 dicit
1132 1814 1187 1876 pro
1209 1796 1323 1865 cloaca,
1347 1805 1377 1857 et
1399 1815 1453 1876 per

162 1897 360 1958 adiectionem
389 1897 607 1960 barbarismum
636 1901 705 1961 iacit
735 1898 828 1977 (addit
855 1901 935 1960 enim
963 1919 979 1958 v
1008 1899 1139 1960 litteram
1161 1897 1276 1959 mediae
1299 1898 1450 1979 syllabae),

124 2007 192 2060 nec
213 2016 275 2076 per
302 2005 595 2062 transmutationem:
625 2003 634 2063 l
665 2004 744 2062 enim
771 2002 916 2070 litteram,
951 2020 1026 2080 quae
1054 2009 1118 2062 erat
1144 2003 1177 2061 in
1206 2003 1301 2079 prima
1329 2001 1450 2081 syllaba,

160 2104 372 2162 transmutavit
386 2111 416 2163 et
432 2107 462 2164 in
479 2105 583 2164 ultima
598 2107 706 2184 posuit.
730 2106 801 2163 item
823 2106 874 2183 qui
897 2103 971 2164 dicit
992 2104 1124 2163 lorbcem
1147 2121 1200 2181 pro
1223 2104 1347 2182 lorcipe.
1378 2105 1450 2164 item

161 2221 246 2280 ergo,
270 2206 424 2284 inquiunt,
454 2210 530 2267 sicut
558 2207 617 2267 duo
646 2205 823 2267 barbarismi
846 2213 877 2265 et
898 2205 956 2265 duo
978 2205 1162 2285 metaplasmi
1186 2206 1216 2264 in
1239 2223 1296 2265 una
1319 2205 1449 2284 plerum·

160 2323 218 2384 que
240 2308 382 2367 orationis
401 2302 407 2389 1
427 2315 511 2387 parte
534 2317 713 2377 cernuntur,
736 2310 780 2368 sic
802 2325 990 2388 consequens
1011 2314 1057 2368 est
1079 2315 1111 2368 ut
1132 2307 1226 2386 possit
1241 2308 1272 2367 in
1287 2325 1346 2368 una
1364 2315 1449 2387 parte

160 2410 305 2468 orationis
334 2419 363 2469 et
392 2410 587 2471 soloecismus
614 2418 644 2469 et
672 2410 876 2471 barbarismus
899 2410 1099 2490 deprehendi,
1123 2410 1213 2469 sicuti
1235 2415 1281 2469 est
1303 2416 1332 2469 et
1355 2409 1449 2470 soloe-

122 2529 148 2569 ιο
161 2512 272 2572 cismus
294 2520 323 2572 et
346 2513 566 2591 metaplasmus.
597 2512 682 2592 quale
699 2531 764 2573 esse
787 2512 861 2573 illud
877 2512 979 2573 dieunt
1001 2511 1219 2591 ‘urbemque
1236 2510 1448 2573 Fidenam’:

159 2612 384 2692 metaplasmum
413 2633 478 2673 esse
506 2615 593 2686 illud,
622 2616 699 2695 quod
728 2614 884 2695 syllabam,
919 2633 995 2693 quae
1023 2613 1111 2692 longa
1139 2621 1217 2682 erat,
1252 2617 1448 2686 contraxerit;

159 2715 369 2776 soloecismum
397 2734 462 2776 esse
491 2719 521 2776 in
552 2735 602 2787 co,
631 2717 709 2797 quod
737 2719 768 2776 in
797 2735 921 2777 numero
949 2716 1092 2794 singulari
1116 2715 1258 2776 Fidenam
1281 2716 1447 2794 protulerit,

159 2818 237 2897 quod
260 2817 382 2896 quidem
406 2819 513 2896 plurali
537 2838 655 2898 semper
677 2837 801 2879 numero
823 2822 876 2889 sit;
901 2818 1005 2879 debuit
1027 2821 1107 2879 enim
1129 2818 1229 2878 dicere
1252 2816 1374 2878 ‘urbem
1398 2817 1447 2879 Fi·

160 2919 278 2989 denas’,
303 2922 379 2980 sicut
402 2919 507 2980 Cicero
530 2920 605 2981 dixit
628 2920 775 2980 ‘urbem
798 2920 1030 3000 Syracusas’.
1067 2924 1166 2999 itaque
1190 2928 1220 2980 et
1241 2920 1447 2981 soloecismum

120 3042 145 3082 as
160 3030 190 3082 et
218 3021 439 3082 barbarismum
467 3025 549 3083 aiunt
577 3025 659 3083 cerni
687 3040 774 3102 posse
803 3025 832 3081 in
866 3040 924 3083 una
951 3029 1036 3101 parte
1064 3023 1218 3081 orationis.
1262 3029 1363 3082 contra
1391 3021 1447 3082 boc

159 3124 233 3184 nibil
257 3124 338 3184 aliud
361 3124 486 3193 dicitur,
510 3126 569 3184 nisi
591 3124 660 3193 boc,
685 3124 890 3185 animadverso
913 3125 984 3183 vitio
1006 3125 1117 3183 maiore
1142 3125 1172 3183 in
1194 3131 1279 3202 parte
1301 3126 1446 3185 orationis

159 3227 195 3286 de
218 3226 395 3285 soloecismo
418 3233 447 3285 et
469 3224 655 3285 barbarismo
678 3225 739 3286 illic
768 3225 947 3305 dispiciendi
974 3224 1071 3286 locum
1094 3244 1152 3286 non
1175 3243 1256 3285 esse:
1294 3225 1445 3287 barbaris·

158 3347 239 3387 mum
267 3329 347 3386 enim
372 3325 528 3408 [dicimus]
558 3345 637 3395 esse,
667 3329 719 3406 qui
747 3334 917 3407 corrumpat
939 3330 1085 3405 integram
1108 3328 1282 3397 dictionem,
1306 3347 1364 3388 non
1393 3330 1445 3408 qui

158 3437 329 3508 corruptam
352 3432 441 3490 etiam
465 3431 668 3510 superveniat:
691 3430 770 3509 quod
793 3432 874 3490 enim
896 3431 955 3489 iam
978 3448 1032 3508 per
1055 3432 1128 3490 artis
1151 3430 1284 3506 regulam
1307 3449 1323 3490 a
1346 3432 1444 3492 latini-

120 3553 145 3592 ιο
159 3541 217 3592 tate
241 3538 388 3591 remotum
412 3535 466 3601 sit,
490 3533 545 3591 boe
569 3530 787 3592 barbarismum
808 3534 873 3592 beri
895 3531 1060 3611 prolatione
1086 3529 1242 3611 [dicimus]
1268 3551 1326 3592 non
1348 3552 1444 3612 posse,

158 3653 224 3694 cum
257 3651 315 3692 non
349 3651 404 3711 pro
431 3634 545 3711 prolato
574 3632 677 3693 baberi
707 3633 823 3693 debeat.
867 3632 957 3693 habet
985 3633 1105 3711 quidem
1138 3633 1217 3712 quod
1245 3633 1358 3694 dicitur
1386 3654 1444 3696 non

157 3737 284 3796 nibilum
313 3737 453 3805 rationis;
488 3738 539 3796 sed
568 3744 665 3796 tamen
692 3735 728 3795 ad
756 3735 938 3796 ostendenda
967 3741 1018 3796 aut
1046 3734 1223 3796 declaranda
1250 3738 1352 3815 pueris
1375 3739 1444 3798 vitia

158 3838 233 3898 nibil
268 3836 393 3916 impedit
425 3838 541 3898 ostendi
574 3846 604 3897 et
632 3836 784 3898 emendari
811 3841 908 3917 primo
936 3836 1160 3905 soloecismum,
1191 3845 1223 3897 ut
1250 3837 1333 3898 dicas
1361 3839 1444 3900 verbi

158 3942 251 4017 gratia
285 3947 401 4000 strenas
434 3942 617 4018 singularem
650 3957 806 4000 nnmemm
839 3959 898 4000 non
931 3941 1082 4019 recipere;
1118 3947 1179 3999 tum
1207 3947 1241 3999 ut
1267 3938 1357 4000 addas
1386 3960 1444 4003 nou

246 4194 430 4244 lconiecimus
450 4194 478 4241 M
561 4209 708 4246 peraticum
730 4197 760 4246 M
779 4189 922 4260 παρέλκοι*
942 4194 1076 4244 ermerus
1098 4195 1156 4243 coll.
1175 4195 1268 4244 Donat.
1293 4197 1319 4244 ira
1340 4195 1440 4246 Terent.

158 4267 175 4318 l.
190 4281 223 4326 ε,
239 4265 300 4313 ades
318 4264 495 4328 imperativum
515 4274 561 4327 est,
581 4264 640 4313 dum
659 4258 812 4326 παρέλκοι.
832 4271 871 4312 est
888 4265 953 4313 enirn
970 4263 1101 4329 productio
1117 4273 1142 4312 et
1160 4264 1268 4315 adiectio
1284 4264 1395 4329 syllabae

157 4336 174 4383 2
191 4334 312 4383 adesdum
326 4335 459 4384 Cramer-us
474 4334 604 4383 edesteum
621 4335 667 4384 M:
689 4333 788 4386 Terent,
804 4333 889 4383 Andr.
909 4335 919 4382 l
940 4336 963 4393 l,
982 4334 998 4382 2
1015 4331 1147 4395 adesdum,
1167 4334 1255 4397 paucis
1274 4344 1297 4383 te
1316 4333 1372 4382 volo

157 4404 627 4470 tanimadvertitulmarrianam.
647 4403 708 4456 add.
728 4403 759 4451 M
811 4400 953 4454 discimus
970 4419 1014 4453 om.
1034 4403 1067 4454 M
1116 4402 1218 4452 dimisis
1237 4403 1270 4451 M
1327 4401 1442 4464 Sapien-

158 4473 236 4523 thesis
250 4473 280 4521 M
332 4475 422 4524 ileum
443 4474 549 4523 fecimus
569 4474 599 4522 M
651 4472 752 4523 diarisis
767 4473 801 4522 M
851 4470 973 4523 10babet
991 4473 1021 4522 M
1075 4473 1104 4522 ll
1125 4473 1229 4522 dictioni
1251 4472 1346 4521 litterae
1362 4473 1395 4521 M

762 4550 779 4583 u

160 4595 192 4646 12
209 4596 335 4659 sinagope
353 4596 386 4644 M
453 4595 478 4642 iu
505 4594 628 4644 unumM
698 4590 730 4643 13
749 4591 886 4643 coaelaM
938 4594 970 4643 15
987 4608 1032 4658 per
1048 4592 1141 4642 om.M
1192 4590 1391 4643 ldmotauitM

158 4665 280 4729 lorpicem
299 4680 345 4731 pro
367 4663 470 4725 foreste,
488 4674 514 4714 ut
532 4665 640 4726 uidetur,
659 4679 726 4715 corr.
747 4665 781 4715 al.
797 4677 863 4712 men.
883 4662 993 4713 forficem
1011 4678 1056 4728 pro
1075 4662 1172 4728 forcipe
1243 4660 1275 4711 18
1293 4657 1439 4726 cernuntur]

158 4743 281 4799 gerumor
296 4735 328 4783 M
378 4737 412 4787 20
427 4735 513 4783 dicunt
530 4735 556 4783 in
574 4733 711 4800 urbemque
730 4733 777 4784 M:
798 4733 877 4798 Verp.
897 4733 963 4784 Aea.
978 4735 1012 4783 Vl
1028 4731 1078 4783 77³
1135 4733 1168 4784 21
1184 4739 1342 4781 contraxerat
1359 4731 1391 4780 M

158 4806 192 4852 ‘22
211 4804 393 4869 protuleratM
450 4804 483 4855 23
502 4802 581 4872 quod]
598 4803 660 4866 dM
719 4805 754 4854 24
773 4804 915 4852 siracusses
930 4803 973 4852 M:
991 4805 1042 4857 Cic.
1059 4807 1084 4854 io
1101 4804 1178 4854 Verr.
1195 4809 1244 4850 act.
1261 4814 1313 4853 aee.
1333 4801 1378 4849 llll
1397 4800 1440 4859 52,

160 4873 208 4923 lli
280 4876 312 4923 27
329 4874 486 4938 dispiciendo
505 4875 538 4924 M
604 4871 790 4938 ebremarum]
809 4879 937 4940 sumptum
956 4873 990 4924 M
1004 4881 1127 4924 semotum
1142 4873 1305 4923 nummus
