3346 5498
673 364 909 426 COMMENTVM
1376 365 1440 430 239

1255 473 1414 526 paea-rat„

146 551 244 630 prima
266 567 392 629 persona
415 557 483 609 ante
506 547 638 609 ultimam
661 549 788 611 litteram
811 559 872 610 tres
893 551 1010 611 vocales
1032 550 1179 624 habete,
1202 560 1337 623 nicaeo,
1365 554 1385 624 i,
1407 563 1441 615 nt

145 652 246 719 audio,
271 671 299 722 n,
322 659 354 712 ut
376 669 489 712 annuo:
514 670 531 710 o
555 660 622 724 ante
644 672 661 711 o
684 672 842 733 numquam
866 652 964 724 habet,
988 672 1004 714 a
1027 663 1095 714 ante
1118 673 1136 714 o
1158 673 1319 735 numquam
1339 655 1439 718 habet.

144 763 217 833 puta
240 772 299 813 non
322 761 438 833 potest,
462 772 550 834 quem
573 754 609 815 ad
633 754 752 815 modum
773 752 845 815 illud
869 755 958 815 habet
987 762 1093 818 eante
1116 774 1148 825 o,
1176 765 1209 817 ut
1231 775 1318 828 exeo,
1347 765 1398 819 aut
1419 761 1438 827 i,

146 864 180 916 ut
208 856 311 925 audio,
335 863 393 915 'aut
421 874 454 927 n,
484 865 517 915 ut
544 875 658 926 annuo,
688 874 747 916 non
775 865 873 935 potest
900 858 1025 917 inveniri
1054 865 1161 918 aante
1183 877 1210 918 o.
1256 879 1326 921 eece
1348 859 1440 921 habes

116 976 235 1019 sunam
260 957 390 1018 vocalem
414 977 488 1038 qnae
512 957 686 1019 excluditur.
730 959 800 1018 item
824 958 880 1018 alla
903 957 1018 1027 vocalis,
1044 977 1103 1039 non
1124 962 1273 1022 invenitur
1296 981 1314 1022 o
1335 970 1439 1023 anteo

145 1069 271 1140 excepto
294 1079 355 1120 uno
378 1078 496 1137 graeco,
519 1059 589 1140 βοῶ
612 1057 694 1140 βοᾷς
715 1058 789 1142 βοᾷ,
813 1059 841 1119 id
866 1069 910 1121 est
932 1061 1041 1122 clamo:
1065 1042 1211 1141 v'ergitius
1233 1067 1388 1144 conposuit
1410 1073 1438 1124 et

143 1164 216 1223 lecit
233 1160 355 1222 latinum
374 1181 552 1231 sermonem,
569 1161 670 1231 reboo,
687 1161 862 1224 ‘reboant
885 1163 1000 1223 silvae
1017 1171 1052 1224 et
1067 1182 1217 1242 magnus
1233 1166 1436 1250 Qlympns'.

146 1266 200 1329 sed
227 1283 367 1343 graecum
391 1272 435 1325 ost
457 1264 521 1324 hoc.
560 1271 693 1324 ceterum
716 1263 838 1324 latinum
861 1263 984 1326 verbum
1007 1284 1066 1326 non
1081 1273 1179 1346 potest
1199 1269 1336 1338 inveniri,
1360 1268 1438 1346 qnod

143 1366 268 1427 verbum
291 1373 359 1426 ante
381 1365 515 1427 ultimam
539 1365 666 1426 litteram
689 1365 796 1426 lrabeat
818 1385 845 1426 o.
891 1385 962 1444 ergo
984 1369 1056 1428 istas
1078 1368 1151 1429 duas
1173 1369 1300 1458 diximus
1323 1371 1439 1431 vocales

104 1486 130 1524 ro
147 1487 209 1528 υυυ
230 1470 354 1538 invenis,
378 1488 433 1530 nec
456 1488 471 1529 a
495 1487 550 1528 nec
573 1488 599 1527 o.
633 1471 703 1529 item
726 1476 787 1528 tres
809 1477 1009 1530 consonantes
1030 1488 1090 1530 non
1111 1472 1303 1533 inveniuntur
1319 1479 1348 1549 et
1362 1472 1438 1532 dnae

144 1588 285 1648 graecae,
312 1590 329 1649 y
352 1577 427 1631 etz.
459 1571 472 1629 l
492 1589 552 1630 non
574 1573 737 1649 reperitur;
765 1571 876 1631 idcirco
899 1578 1001 1632 errant
1015 1574 1065 1650 qui
1080 1574 1123 1633 sic
1142 1573 1285 1644 scribunt,
1309 1575 1436 1642 triumlo,

147 1691 203 1752 per
225 1673 246 1732 1.
290 1691 505 1733 namnecesse
529 1680 643 1741 estut,
672 1672 799 1733 litteram
821 1673 902 1734 illam
930 1692 1066 1752 graecam
1094 1694 1210 1753 mcum
1238 1674 1365 1736 volueris
1387 1694 1437 1736 ex·

143 1776 285 1853 primore,
309 1793 400 1853 perp
424 1783 453 1835 et
475 1775 494 1835 h
517 1782 547 1835 et
568 1795 585 1835 o
608 1775 731 1837 scribas.
772 1774 904 1855 Filippus
925 1795 979 1855 per
1002 1797 1027 1856 φ
1049 1777 1198 1846 scribunt;
1228 1776 1317 1839 latine
1339 1779 1365 1838 si
1386 1797 1436 1838 vo·

143 1876 236 1936 lueris
258 1875 399 1951 scribere,
424 1895 477 1955 per
499 1896 518 1956 p
542 1885 571 1937 et
592 1877 612 1935 lr
634 1877 748 1937 scribis.
783 1886 854 1956 puta
877 1877 976 1957 φίλος
1002 1878 1093 1940 latine
1115 1899 1169 1959 per
1191 1900 1210 1960 p
1234 1888 1264 1940 et
1285 1878 1435 1950 hscribis,

100 1995 128 2036 15
145 1986 175 2039 et
197 1978 308 2039 idcirco
332 1979 482 2057 triumpho
505 1981 547 2038 sic
571 1978 576 2058 l
599 1978 688 2039 debet
715 1978 814 2039 scribi.
860 1980 930 2041 inde
959 1982 1037 2040 enim
1065 1981 1153 2042 habet
1181 1984 1341 2060 originem,
1370 1976 1436 2044 ἀπὸ

143 2081 206 2141 τοῦ
228 2077 461 2160 θριαμβεύειν.
500 2080 668 2159 triumphus
690 2081 766 2160 apud
789 2081 937 2143 Romanos
960 2101 1020 2143 non
1042 2084 1096 2144 luit
1117 2103 1173 2145 nec
1195 2085 1272 2165 apud
1296 2085 1436 2154 Graecos,

142 2182 196 2242 sed
219 2201 255 2242 er
278 2202 364 2243 cansa
387 2181 488 2243 Liberi
510 2185 612 2262 patris.
658 2182 747 2245 liber
775 2193 860 2263 pater
882 2203 951 2245 cnm
978 2187 1095 2247 vicisset
1116 2186 1205 2248 ludos
1232 2193 1262 2248 et
1291 2206 1357 2248 cnm
1379 2186 1436 2249 sal·

143 2286 254 2345 tatione
278 2295 308 2345 et
328 2288 457 2371 tropaeis
479 2285 605 2354 rediret,
630 2285 708 2365 qnod
732 2287 855 2356 vicerat,
885 2287 991 2348 exinde
1013 2296 1141 2349 tractum
1162 2275 1202 2349 'ut
1222 2289 1295 2350 haec
1318 2288 1436 2352 sollem-

142 2387 221 2446 nitas
254 2395 421 2448 serraretnr
449 2386 679 2467 imperatoribus
708 2387 877 2450 victoribus.
921 2407 990 2450 nam
1012 2390 1138 2462 idcirco,
1173 2391 1292 2472 quaudo
1315 2393 1436 2452 lincunt

98 2490 354 2568 aoimperatores‚
378 2491 526 2550 exercitus
549 2496 617 2549 ante
640 2491 720 2569 ipsos
744 2490 909 2567 ambulant,
939 2494 1123 2572 praecedunt
1151 2493 1257 2555 milites
1285 2502 1314 2553 et
1335 2494 1436 2555 dicunt

142 2593 241 2669 aliqua
264 2591 368 2653 lasciva
391 2591 426 2653 ad
450 2593 644 2653 imitationem
667 2592 848 2673 Satyrorum,
872 2613 959 2674 quem
982 2595 1017 2657 ad
1040 2596 1160 2657 modum
1183 2597 1280 2676 Satyri
1303 2604 1370 2657 ante
1385 2597 1433 2657 Li·

142 2693 248 2755 berum
278 2703 393 2773 patrem
422 2692 607 2754 ambulantes
643 2694 781 2756 dicebant
832 2694 1074 2779 [θριαμβεῦσαι
1108 2698 1210 2759 dieunt
1241 2699 1373 2760 exultare
1406 2708 1434 2759 ct

140 2806 262 2858 cantare
284 2794 461 2876 triumpho].
493 2814 564 2874 ergo
586 2798 600 2856 l
620 2804 687 2857 ante
710 2781 736 2858 o'
751 2817 810 2859 non
832 2800 955 2860 invenis.
986 2804 1053 2860 item
1075 2802 1096 2860 l<
1117 2808 1217 2862 anteo
1236 2819 1296 2863 non
1311 2804 1432 2863 invenis.

141 2898 266 2977 legimns
289 2901 367 2959 enim
391 2900 421 2957 in
444 2897 550 2958 litteris
565 2902 631 2979 quia
655 2899 674 2960 lc
697 2919 755 2961 non
778 2903 972 2980 praeponitur
994 2904 1052 2964 nisi
1066 2912 1209 2984 sequente
1223 2923 1249 2964 a.
1280 2923 1350 2982 ergo
1366 2922 1433 2964 cnm

96 3017 160 3059 υυυ
183 3008 331 3080 sequatur,
355 3018 412 3080 quo
436 3001 525 3061 modo
547 3002 679 3081 potestlr
697 3004 861 3081 praeponi?
891 3004 961 3063 item
984 3023 1003 3083 q
1025 3025 1086 3078 pon
1108 3008 1310 3086 praeponitur,
1335 3008 1390 3067 nisi
1413 3026 1432 3067 u

138 3101 294 3181 'sequutum
318 3122 385 3162 cum
408 3112 506 3163 autem
532 3122 550 3163 u
572 3123 632 3164 non
655 3114 803 3183 sequatur,
827 3108 1005 3184 qpraeponi
1021 3126 1080 3167 non
1096 3107 1193 3172 debet.
1225 3126 1297 3186 ergo
1312 3126 1432 3193 remove

139 3207 212 3264 istas
234 3224 346 3272 omnes,
371 3224 387 3264 a
410 3225 427 3264 o
450 3207 464 3266 1
483 3206 502 3265 lr
526 3215 622 3286 qyet
637 3225 666 3273 z;
690 3209 753 3267 istis
776 3209 906 3286 exceptis
928 3207 1043 3280 litteris
1068 3229 1143 3289 qnae
1166 3228 1225 3271 non
1244 3212 1433 3271 inveniuntur

139 3314 264 3376 anteo,
296 3307 426 3386 reliquae
457 3302 680 3391 [consonantes]
710 3309 779 3369 illae
807 3310 865 3369 iam
894 3311 1098 3381 inueniuntur,
1130 3331 1160 3382 e,
1184 3321 1217 3373 nt
1239 3331 1328 3381 exeo,
1354 3314 1378 3378 i.
1401 3321 1433 3372 ut

140 3408 239 3476 audio,
262 3428 290 3482 u,
313 3416 346 3468 nt
368 3428 477 3478 annuo,
502 3418 531 3469 et
553 3421 750 3472 consonantes
772 3429 875 3472 omnes
898 3411 985 3483 aliae,
1009 3423 1080 3493 puta
1102 3411 1121 3472 b
1144 3413 1228 3483 bibo,
1252 3434 1268 3475 c
1289 3415 1389 3494 placo,
1413 3415 1431 3475 d

95 3527 125 3568 eo
139 3509 242 3578 reddo,
266 3529 284 3588 g
307 3511 374 3588 ligo,
399 3511 417 3570 h
440 3511 535 3582 traho,
560 3510 568 3570 l
591 3513 711 3592 lupello,
735 3532 763 3572 m
787 3533 863 3585 amo,
887 3534 905 3575 n
929 3534 1050 3585 canor
1073 3534 1134 3586 aro,
1157 3536 1171 3576 s
1193 3516 1280 3587 lasso,
1304 3536 1322 3576 x
1345 3517 1430 3577 elixo.

139 3620 224 3690 potes
253 3615 257 3695 l
286 3615 420 3674 invenire
448 3633 552 3674 omnes
579 3614 693 3676 litteras
721 3624 789 3677 ante
817 3637 834 3677 o
865 3619 996 3695 exceptis
1023 3619 1098 3678 istis.
1148 3620 1218 3698 quin
1249 3620 1338 3680 etiarn
1362 3618 1432 3680 illae

139 3714 225 3783 dnae,
249 3717 259 3774 i
282 3722 311 3775 et
333 3734 360 3784 u,
384 3733 460 3793 quae
482 3725 638 3778 transeunt
659 3720 690 3777 in
706 3721 931 3780 consonantium
952 3728 1138 3799 potestatem,
1161 3727 1286 3800 possunt
1306 3722 1432 3782 inveniri

138 3816 275 3877 similiter
298 3815 363 3877 loco
387 3821 613 3879 consonantium
635 3822 765 3899 positae:
789 3824 845 3892 aio,
868 3824 878 3881 i
900 3829 968 3883 ante
991 3842 1023 3891 o;
1048 3842 1118 3884 eece
1140 3823 1228 3884 modo
1249 3825 1280 3884 in
1303 3842 1363 3884 non
1387 3832 1433 3885 est

138 3919 262 3990 vocalis,
287 3920 339 3980 sed
362 3923 445 3999 quasi
468 3940 634 3983 consonans
657 3931 715 3983 est:
747 3923 866 3995 adiuvo,
891 3944 960 3986 ecce
982 3927 1131 3987 invenitur
1159 3947 1179 3988 n
1208 3935 1276 3986 ante
1298 3945 1332 3995 o;
1362 3944 1431 3988 nam

209 4245 222 4294 1
247 4243 322 4294 habet
345 4246 372 4309 (e
393 4247 453 4298 ardet.
473 4246 501 4308 d)
520 4256 547 4295 ut
570 4262 633 4296 exeo
660 4246 679 4311 (i
699 4249 759 4302 add.
777 4248 804 4311 d)
826 4250 902 4298 undio
928 4249 958 4314 (u
976 4251 1036 4299 add.
1055 4251 1084 4314 d)
1104 4267 1188 4301 annito
1210 4214 1358 4302 maha
1377 4252 1383 4299 i
1403 4260 1431 4300 ut

136 4315 214 4363 aridio
232 4331 245 4361 e
263 4326 289 4364 nt
310 4332 373 4364 exeo
393 4331 408 4362 n
432 4327 457 4365 nt
476 4331 560 4365 υυυυο
575 4318 607 4366 0:
627 4328 654 4366 nt
669 4334 731 4366 exeo
750 4347 782 4355 -
803 4335 817 4368 a
835 4330 892 4368 ante
912 4334 925 4368 o
946 4335 1082 4383 numquam
1102 4322 1178 4371 lrabet
1195 4326 1221 4372 in
1239 4324 1315 4372 lituro
1333 4323 1429 4385 scripto

135 4384 211 4433 dalret
230 4402 246 4431 u
315 4386 332 4434 5
351 4387 410 4434 item
429 4388 479 4434 alin
500 4388 542 4435 ubi
563 4402 611 4434 non
628 4387 702 4438 Bou
725 4389 784 4438 item
801 4391 877 4439 aliubi
898 4405 946 4438 non
969 4391 991 4437 A
1063 4391 1146 4441 tlboo
1166 4393 1228 4442 boas
1244 4394 1317 4453 (boos
1335 4393 1364 4448 (Ἰ
1381 4392 1429 4439 bon

138 4453 221 4504 ABG
289 4453 442 4522 treboant]
468 4460 650 4521 Verqpeorp.
670 4458 783 4566 111223ι
843 4460 970 4512 etom.C
1052 4460 1198 4528 avocans]
1218 4459 1363 4510 nbiABG

138 4577 170 4625 15
190 4576 333 4640 triumphus
352 4578 390 4626 sle
408 4578 432 4624 A
522 4578 555 4628 lo
574 4594 712 4629 orrannum
734 4580 917 4631 Garranmms
937 4580 961 4628 B
980 4597 1151 4635 rarraunraru
1170 4583 1194 4632 A
1277 4583 1309 4632 17
1325 4592 1350 4630 et
1371 4594 1426 4630 cnm

136 4646 268 4695 saltatione
285 4646 360 4696 BCo
377 4656 400 4695 et
419 4663 475 4696 enm
495 4649 661 4698 exsaltatioue
677 4650 701 4697 A
773 4651 805 4700 18
824 4659 848 4699 et
866 4653 961 4717 tropeis
979 4652 1005 4701 B
1024 4694 1090 4706 ....
1107 4655 1174 4704 oreis
1192 4652 1216 4701 A
1236 4661 1259 4700 et
1278 4651 1377 4700 choreis
1394 4649 1427 4703 o*

136 4724 160 4763 et
179 4715 303 4766 chorint}
354 4718 546 4767 tritteeretcorr.
565 4717 721 4767 uinceratB
774 4722 1169 4772 tructutumAtractumestB
1238 4721 1428 4772 22tlrriambae

136 4800 198 4834 usae
218 4785 242 4849 B
261 4788 384 4835 triambne
404 4804 463 4836 usae
483 4788 715 4837 Ctriamlmenssne
729 4788 753 4836 A
824 4790 857 4839 23
876 4793 935 4841 item
955 4790 971 4840 k
988 4799 1046 4841 ante
1068 4809 1082 4844 o
1102 4807 1151 4842 non
1168 4793 1268 4841 invenis
1283 4807 1330 4845 om.
1345 4790 1429 4842 ABG

205 4857 239 4904 21
257 4858 283 4904 in
299 4857 380 4905 littero
398 4858 481 4908 ABG
549 4859 1056 4922 2llnontenonontABO,ndd.c*
1115 4861 1307 4913 ‘3⁴lnetoA
1406 4864 1408 4869 '
