3346 5498
626 382 697 445 ARS
725 383 749 443 V
771 383 918 444 4-vttt
943 380 958 442 1
1373 379 1434 444 551

173 503 195 546 ρ.
210 493 255 532 ³12.
268 492 293 531 1³
307 489 329 530 l..
1093 535 1102 547 .
1245 500 1266 540 ρ.
1279 490 1336 529 1180.
1350 489 1374 528 ³1
1388 487 1411 528 P.

148 571 321 637 inultorum,
352 579 384 630 ut
406 578 507 631 noster
529 578 640 638 vester,
670 579 720 631 aut
741 570 849 643 multos
872 572 976 638 unius,
1000 576 1033 629 ut
1053 571 1113 629 mei
1135 570 1190 628 tui.
1234 566 1308 628 ordo
1329 566 1438 628 accidit

147 655 389 736 pronominibus:
424 675 493 716 nam
520 664 571 716 aut
598 657 798 734 praepositiva
827 664 897 715 sunt
924 656 1115 735 pronomina,
1145 662 1177 714 ut
1204 655 1272 732 quis
1298 659 1436 731 quantus,

147 749 198 802 aut
220 740 423 810 subiunctiva,
447 749 480 800 ut
502 743 527 800 is
551 749 659 801 tantus.
704 741 797 818 ligura
825 742 1034 819 pronominum
1063 738 1172 817 duplex
1195 745 1254 798 ast:
1290 745 1341 797 aut
1366 738 1437 798 sim·

146 825 237 906 plicia
260 834 327 885 sunt
350 827 540 904 pronomina,
564 834 595 885 ut
618 843 673 904 ego
697 834 743 894 tu,
767 832 818 886 aut
840 827 1019 903 composita,
1043 831 1075 883 ut
1097 832 1214 902 egomet
1234 831 1338 883 tumet.
1369 839 1436 901 per·

121 929 233 980 ssona,
257 913 368 991 prima,
391 918 424 970 ut
446 929 492 970 me
515 910 604 978 milri,
637 910 781 979 secunda,
810 918 843 970 ut
866 919 894 970 te
917 910 989 979 tibi,
1019 911 1122 978 tertia,
1145 917 1178 968 ut
1200 926 1232 968 se
1255 905 1324 967 sibi.
1368 924 1436 986 per·

147 1014 218 1056 sona
240 997 334 1055 linitis
357 1004 470 1055 tantum
493 994 720 1074 pronominibus
741 995 863 1064 accidit,
888 995 1014 1055 infinitis
1037 990 1206 1071 numquam.
1251 990 1347 1071 capus
1368 1000 1437 1052 sunt

147 1099 213 1149 sex,
242 1082 453 1149 nominativus,
482 1088 515 1139 nt
542 1087 685 1158 quantus,
713 1082 878 1157 genitivus,
906 1087 940 1140 ut
961 1081 1078 1158 quanti,
1107 1078 1238 1146 dativus,
1262 1085 1293 1138 ut
1316 1086 1436 1156 quanto,

146 1167 344 1232 accusativus,
369 1173 400 1225 ut
422 1173 578 1244 quantum,
607 1163 766 1234 ablativus,
797 1172 830 1224 ιιι
857 1172 981 1244 quanto:
1011 1166 1162 1225 vocativus
1188 1180 1275 1223 rarus
1296 1171 1356 1231 est,
1384 1161 1437 1221 sed

147 1258 245 1311 tamen
268 1252 420 1310 invenitur
442 1248 479 1311 ab
501 1267 536 1309 eo
557 1250 636 1329 quod
659 1258 704 1310 est
726 1267 809 1309 meus
830 1269 848 1309 o
870 1267 963 1310 meus.

109 1444 133 1481 ro
692 1418 742 1480 DE
765 1418 890 1481 VERBO

231 1538 361 1599 Verbum
384 1545 429 1599 est
452 1557 520 1618 pars
543 1541 687 1599 orationis
709 1546 807 1599 actum
828 1545 880 1598 aut
901 1539 1103 1617 passivitatem
1124 1556 1191 1597 cum
1212 1546 1345 1617 tempore
1368 1546 1399 1597 et
1422 1536 1433 1617 ll

146 1641 273 1702 persona
300 1625 479 1700 significans.
525 1623 616 1684 verbo
644 1623 782 1684 accidunt
808 1624 936 1703 qualitas
964 1623 1140 1700 significatio
1169 1640 1312 1683 numerus
1344 1624 1437 1699 ligura

148 1716 264 1787 ternpus
286 1726 415 1788 persona
438 1711 617 1785 coniugatio.
662 1709 819 1788 qualitates
840 1717 910 1769 sunt
931 1710 1078 1787 quinque,
1101 1708 1198 1778 linita,
1222 1716 1255 1767 ut
1276 1708 1358 1785 lego,
1382 1709 1437 1768 im·

146 1796 295 1872 peratiae,
319 1801 352 1854 ut
366 1793 447 1870 lege,
471 1795 615 1872 optativa,
640 1802 672 1853 ut
687 1795 799 1853 utinam
815 1792 961 1870 legerem,
985 1792 1168 1862 adiunctiva,
1194 1800 1225 1852 ut
1240 1810 1309 1853 cum
1331 1792 1436 1870 legam,

110 1902 134 1941 rs
147 1880 306 1946 infinitiva,
330 1885 363 1937 ut
385 1876 495 1955 legere.
527 1879 758 1955 significationes
774 1886 842 1938 sunt
857 1880 1003 1957 quinqde,
1027 1880 1136 1945 activa,
1161 1885 1193 1938 ut
1207 1877 1288 1955 lego;
1311 1879 1436 1961 passiva,

147 1971 180 2024 ut
200 1962 300 2041 legor3
324 1974 445 2032 neutra,
470 1981 545 2042 quae
568 1962 658 2023 habet
680 1965 811 2041 speciem
832 1965 959 2031 activae,
989 1962 1041 2022 sed
1069 1981 1128 2022 non
1151 1961 1241 2023 babet
1263 1964 1338 2033 vim,
1367 1964 1436 2043 quia

147 2046 317 2108 nonhabet
339 2049 555 2126 passivitatem,
580 2056 612 2108 ut
634 2065 738 2117 curro;
761 2047 927 2128 deponens,
951 2065 1026 2126 quae
1042 2046 1132 2118 habet
1147 2050 1277 2127 speciem
1289 2050 1437 2127 passivae,

147 2133 199 2193 sed
222 2151 280 2194 uon
303 2132 392 2193 babet
413 2133 487 2203 vim,
516 2133 585 2213 quia
609 2150 667 2192 non
689 2131 780 2192 habet
802 2134 997 2200 activitatem,
1025 2141 1059 2192 ut
1080 2134 1233 2213 suspicor;
1261 2134 1436 2201 communis,

146 2236 222 2296 quae
245 2226 275 2277 et
296 2216 402 2295 agendi
432 2226 462 2277 et
488 2216 621 2295 patiendi
650 2219 765 2296 pariter
792 2216 908 2277 obtinet
928 2218 1225 2296 interpretationem,
1248 2225 1281 2278 ut
1303 2217 1438 2278 consolor

108 2327 133 2365 ao
148 2303 232 2363 illum
256 2309 286 2362 et
307 2302 445 2362 consolor
467 2301 504 2363 ab
527 2300 589 2362 illo.
634 2303 751 2362 numeri
773 2301 846 2371 dno,
876 2302 1049 2380 singularis,
1078 2309 1111 2361 nt
1133 2302 1213 2381 lego,
1236 2302 1376 2382 pluralis,
1406 2311 1438 2363 ut

146 2387 281 2465 legimus.
326 2388 437 2464 figurae
466 2393 535 2446 sunt
561 2394 689 2465 septem,
719 2386 858 2466 simplex,
889 2396 922 2447 ut
949 2387 1031 2466 lego,
1060 2391 1238 2467 composita,
1267 2397 1299 2448 ut
1326 2387 1436 2467 relego,

146 2473 332 2541 incohativa,
357 2479 389 2531 ut
411 2471 540 2540 calesco,
564 2472 795 2551 frequentativa,
818 2481 851 2532 ut
873 2472 989 2542 lectito,
1013 2472 1221 2543 desiderativa,
1245 2482 1277 2533 ut
1300 2472 1436 2541 dormito,

147 2558 370 2636 impersonalis,
394 2563 427 2616 ut
448 2559 532 2635 piget
555 2557 669 2625 taedet,
693 2564 723 2616 et
745 2558 869 2618 alterius
891 2558 1019 2628 formae,
1043 2565 1077 2619 ut
1098 2566 1202 2627 statur,
1225 2557 1382 2638 paragoga,
1405 2566 1438 2618 ut

146 2643 260 2702 lacesso
282 2641 396 2702 lacesso
419 2660 551 2720 capesso.
597 2649 729 2722 tempora
760 2649 830 2703 sunt
858 2645 930 2711 tria,
953 2661 1109 2722 praesens,
1133 2652 1166 2703 ut
1188 2643 1269 2720 lego,
1292 2643 1436 2721 praeteri·

108 2752 133 2792 ιι
148 2734 225 2795 tum,
255 2734 288 2785 ut
315 2727 388 2804 legi,
418 2729 566 2796 laturum,
596 2734 630 2786 ut
656 2727 763 2805 legam.
808 2731 963 2807 praeteriti
991 2727 1100 2805 gradus
1125 2736 1194 2788 sunt
1222 2735 1297 2795 tres,
1327 2729 1436 2805 imper·

146 2812 256 2879 lectuS,
287 2819 319 2870 ut
346 2810 497 2888 legebam,
526 2812 692 2890 perlectus,
721 2820 754 2873 ut
782 2811 856 2889 legi,
886 2813 1208 2892 plusquamperfectus,
1237 2820 1270 2872 ιιι
1297 2810 1435 2888 legeram.

149 2893 257 2975 [laturi
281 2895 392 2973 gradus
412 2905 482 2957 sunt
504 2897 577 2965 duo,
606 2899 774 2975 perlectus,
803 2905 836 2956 ut
858 2896 967 2973 legam,
996 2895 1318 2975 plusquamperfectus,
1341 2905 1374 2956 at
1396 2895 1436 2956 le·

147 2978 245 3060 gero]
270 2999 415 3060 personae
439 2988 509 3042 sunt
530 2991 606 3048 tres,
635 2983 746 3060 prima,
776 2989 808 3040 nt
830 2980 910 3058 lego,
940 2980 1083 3050 secunda,
1113 2989 1146 3041 ut
1167 2982 1256 3058 legis,
1279 2982 1382 3050 tertia,
1404 2988 1438 3041 ut

151 3065 232 3142 legit.
278 3067 502 3144 coniugationes
524 3074 591 3125 sunt
614 3074 753 3144 quatuor,
777 3067 882 3144 prima,
906 3068 932 3126 si
954 3066 1072 3145 quando
1093 3065 1217 3126 verbum
1239 3068 1321 3127 linita
1343 3066 1437 3145 quali·

12 3142 21 3154 ⁴
109 3180 134 3218 30
149 3158 208 3209 tate
231 3150 376 3228 singulari
398 3168 524 3211 numero
546 3152 697 3229 praesenti
726 3158 858 3228 tempore
886 3150 1016 3211 secunda
1037 3169 1165 3231 persona
1186 3168 1241 3230 per
1263 3170 1279 3212 a
1301 3159 1332 3211 et
1353 3169 1369 3211 s
1389 3150 1436 3211 lit-

147 3243 225 3295 teras
249 3236 440 3304 enan'ciatur,
471 3243 502 3295 ut
530 3233 647 3303 laudas;
676 3234 820 3303 secunda,
849 3253 917 3295 cum
946 3236 1025 3296 idern
1054 3235 1178 3296 verbum
1201 3254 1216 3295 e
1239 3244 1270 3296 et
1291 3255 1306 3296 s
1327 3235 1437 3297 litteris

145 3322 337 3389 terminatur,
369 3327 400 3379 ut
427 3320 528 3388 sedes;
556 3321 659 3387 tertia,
688 3319 864 3379 cum-idem
884 3319 1008 3381 verbum
1037 3323 1047 3380 i
1076 3329 1105 3381 et
1133 3340 1148 3381 s
1177 3322 1285 3382 litteris
1306 3323 1381 3389 exit,
1405 3329 1438 3380 ut

146 3407 259 3472 curris,
283 3411 333 3464 aut
355 3404 513 3482 producta,
544 3412 576 3463 ut
603 3405 701 3471 venis:
731 3413 850 3483 quarta,
880 3423 947 3466 cum
970 3405 1028 3466 alio
1050 3405 1184 3484 quolibet
1206 3405 1292 3466 modo
1315 3402 1437 3466 verbum

146 3489 284 3555 ellertur,
308 3497 339 3548 ut
362 3488 448 3547 odisti
472 3490 643 3548 meministi.

108 3703 133 3740 ,5
595 3686 601 3697 ·
662 3658 710 3718 os
733 3658 921 3721 novennio

231 3774 412 3836 adverbium
436 3783 482 3835 est
504 3794 574 3854 pars
596 3780 740 3838 orationis
754 3797 830 3858 quae
845 3778 930 3840 verbi
946 3781 1005 3840 vim
1020 3779 1163 3860 explicat,
1186 3790 1219 3842 ut
1234 3781 1333 3843 scribo
1348 3782 1435 3844 bene.

147 3859 287 3920 adverbio
309 3860 418 3921 accidit
440 3861 619 3938 significatio
640 3865 750 3942 positio
778 3864 872 3942 ligura
901 3864 1029 3945 qualitas
1055 3869 1215 3945 quantitas.
1259 3868 1437 3945 significatio

146 3953 191 4003 est
214 3947 244 4004 in
267 3945 430 4014 adverbiis,
454 3964 522 4006 cum
544 3956 714 4025 spectamus
735 3949 806 4026 qaid
835 3951 1011 4028 significent.
1057 3969 1125 4011 nam
1147 3960 1197 4012 aut
1219 3952 1315 4012 locum
1337 3961 1436 4015 osten·

215 4167 228 4216 1
249 4177 275 4215 ιιι
291 4167 339 4214 mei
356 4169 391 4214 rui
409 4169 449 4215 sut
464 4166 509 4222 θς
561 4169 578 4218 5
598 4165 648 4233 me]
663 4169 712 4217 mei
730 4167 805 4225 Vua
858 4171 913 4219 Ἱιιι
930 4182 1014 4220 tantas
1029 4180 1078 4221 etc.
1095 4173 1121 4221 V
1172 4170 1269 4240 llaut]
1286 4184 1312 4224 at
1330 4176 1356 4224 V
1362 4174 1383 4223 G

146 4237 178 4287 12
197 4237 273 4285 verbo
292 4237 409 4285 accidant
428 4238 535 4300 qualitas
555 4238 708 4303 significatio
725 4254 771 4289 oar.
791 4241 818 4288 V
889 4240 921 4291 11
940 4242 1053 4306 optatina
1072 4244 1168 4291 utinam
1185 4243 1296 4310 legerem
1316 4246 1342 4295 V
1347 4244 1369 4294 0

145 4308 292 4356 adiunctiua
309 4322 365 4354 curn
385 4306 468 4372 legam
490 4308 516 4356 V
520 4308 565 4362 uc
655 4308 684 4357 lb
703 4309 802 4358 inflata
822 4309 844 4358 G
922 4313 957 4361 ²2
976 4311 1120 4361 inchoatiua
1136 4313 1180 4366 σς
1252 4309 1433 4380 desiderativa]

145 4377 264 4425 desiderii
289 4377 455 4443 significarim
477 4379 501 4426 V
553 4376 587 4427 ’25
605 4379 768 4442 praeteritum
787 4394 874 4429 rursus
891 4381 1014 4430 diuiditur
1034 4383 1058 4429 iu
1077 4384 1240 4448 praeteritura
1260 4384 1435 4450 imperfectam

145 4456 172 4495 nt
191 4446 320 4512 legebam,
339 4445 617 4511 plusquamperfectum
631 4457 659 4495 ut
677 4447 787 4513 legerant
807 4463 824 4506 ς
912 4450 1085 4517 imperfectum
1103 4454 1294 4516 -lperiecturn
1313 4478 1348 4489 -
1366 4453 1437 4517 plaa-

146 4515 362 4580 qnampersectum
382 4543 415 4552 -
433 4515 573 4583 perfectam
592 4542 625 4552 -
645 4517 960 4582 plusquamperfectumo
1013 4522 1046 4572 ²7
1063 4521 1142 4573 lutari
1160 4551 1193 4561 -
1211 4522 1298 4587 legero
1316 4537 1363 4574 om.
1379 4523 1404 4571 V
1409 4533 1435 4579 ἰ,

145 4585 241 4635 addo
329 4583 363 4634 29
383 4585 479 4636 linitiua
499 4585 619 4649 qualitate
640 4587 685 4642 ὃς
768 4587 800 4638 31
824 4589 938 4639 secunda
960 4605 1016 4639 carn
1038 4591 1210 4656 pereundam
1227 4593 1333 4641 uerbum
1351 4608 1365 4642 e
1383 4603 1437 4640 eta

146 4654 235 4705 litteris
257 4655 285 4703 V
304 4656 416 4704 secanda
438 4671 495 4706 carn
517 4657 689 4720 pereundam
711 4658 816 4706 uerbum
841 4661 868 4708 in
887 4675 901 4708 e
921 4670 945 4709 et
965 4676 979 4710 a
1003 4660 1098 4712 litteras
1117 4665 1160 4718 θς
1185 4662 1298 4711 secunda
1315 4677 1372 4712 cum
1391 4676 1437 4726 per

146 4723 233 4772 eadem
252 4724 356 4773 verbnm
377 4727 402 4773 in
422 4742 435 4773 e
451 4737 475 4774 et
491 4742 502 4773 s
522 4727 617 4775 litteras
636 4726 824 4777 Lindemanaas
893 4727 927 4779 32
946 4732 1050 4780 uerbum
1068 4732 1092 4780 in
1109 4732 1116 4780 i
1135 4743 1160 4780 et
1179 4747 1192 4780 a
1214 4733 1242 4781 V
1249 4733 1271 4781 G
1288 4731 1394 4781 uerbum
1412 4739 1437 4779 et

145 4794 258 4847 ictas
327 4793 510 4861 castaneta
574 4795 721 4857 aliquolibet
745 4798 790 4853 νς
869 4797 904 4849 36
921 4801 991 4850 verbi
1010 4798 1072 4866 vim]
1094 4802 1199 4851 rrerbum
1222 4803 1249 4854 V
1327 4800 1436 4854 aarum

146 4873 307 4925 expectamus
330 4866 341 4912 l
347 4867 376 4919 ’ς
447 4864 573 4932 significet
593 4865 646 4915 VG
662 4865 819 4932 significetur
836 4878 853 4921 ς
