3346 5498
466 398 658 461 excantat
683 398 733 460 EX
755 399 870 462 conat.
892 400 929 462 ΙΝ
952 400 1037 462 DON.
1336 397 1399 462 325

506 601 561 677 Ex
586 603 707 678 codice
733 603 900 677 Leidensi
931 607 1000 676 122

195 742 307 802 Artium
336 740 441 800 ltouati
469 738 544 801 liber
573 741 612 800 ita
640 759 657 800 a
684 739 833 820 plerisque
861 742 977 801 vitiatus
1006 748 1051 801 est
1078 749 1107 801 et
1128 749 1299 819 corruptus,
1329 740 1398 801 dum

111 861 186 902 tinus
217 845 344 922 quisque
370 861 425 920 pro
453 840 536 902 libitu
564 860 619 903 suo
649 843 709 903 sive
738 861 773 902 ex
802 841 867 903 aliis'
893 841 1063 903 auctoribus
1085 842 1163 922 quod
1188 843 1216 901 ei
1237 843 1329 902 visum
1354 850 1399 902 est

112 938 237 1013 addidit,
261 946 322 1004 sire
338 943 550 1004 declinationes
566 952 616 1005 aut
631 945 854 1022 coniugationes
876 952 905 1005 et
927 952 1026 1005 cetera
1049 944 1136 1005 huius
1159 943 1239 1004 modi
1261 944 1397 1012 inseruit,

85 1053 143 1106 sut
169 1047 225 1106 nisi
253 1047 284 1105 in
313 1046 442 1122 antiquis
469 1045 620 1107 codicibus
650 1048 696 1105 vix
724 1064 817 1125 purus
846 1054 876 1106 et
902 1047 1032 1124 integer,
1055 1054 1087 1106 ut
1109 1045 1145 1105 ab
1168 1064 1203 1105 eo
1227 1053 1272 1106 est
1294 1044 1398 1130 editus,

111 1149 284 1227 reperiatur.
314 1147 392 1226 quod
416 1166 452 1207 ne
475 1166 528 1208 nos
551 1167 669 1227 quoque
691 1150 798 1209 iecisse
820 1147 986 1215 videamur,
1009 1165 1066 1225 qua
1089 1166 1124 1208 ex
1146 1165 1236 1207 causa
1258 1165 1400 1226 praesens

111 1249 320 1326 digesserimus
348 1249 538 1328 opusculum,
570 1249 699 1311 breviter
728 1252 759 1310 in
787 1251 851 1309 cius
877 1248 1006 1309 liminari
1033 1247 1168 1328 paginola
1190 1248 1398 1328 exponendum

111 1369 175 1412 esse
198 1352 381 1411 censuimus,
427 1360 573 1412 noverunt
600 1370 704 1412 omnes
732 1353 782 1432 qui
810 1352 882 1412 artis
909 1350 998 1411 buius
1030 1349 1204 1430 ampliorem
1227 1370 1316 1429 quam
1344 1371 1399 1412 nos

111 1453 263 1512 scientiam
293 1455 418 1513 assecuti
445 1464 514 1514 sunt
542 1454 619 1531 quod
649 1454 781 1532 priorem
808 1460 902 1514 artem
924 1452 1093 1532 praedictus
1115 1453 1273 1530 artigralus
1295 1452 1333 1513 ob
1354 1454 1399 1514 in·

75 1571 99 1610 to
112 1556 303 1614 structionem
325 1574 485 1635 puerorum
501 1555 557 1616 sub
573 1556 814 1633 interrogationis
837 1564 866 1615 et
889 1556 1090 1634 responsionis
1112 1556 1212 1633 specie
1235 1554 1399 1634 descripse-

112 1657 167 1726 rit,
192 1664 280 1736 prout
301 1656 412 1718 scilicet
434 1659 561 1735 ingeniis
577 1665 605 1717 et
620 1658 723 1719 studiis
738 1659 784 1718 sui
800 1659 942 1737 temporis
956 1655 1096 1718 sulficere
1117 1656 1264 1717 iudicavit.
1296 1676 1399 1718 verum

110 1760 177 1837 quia
201 1778 254 1820 nos
277 1760 429 1836 nostrique
451 1758 562 1820 similes
590 1759 663 1820 adeo
693 1759 812 1821 obtunsi
834 1777 938 1820 sumus
961 1767 989 1818 et
1012 1757 1148 1829 hebetes,
1173 1768 1205 1819 ut
1226 1757 1400 1838 plerumque

113 1859 191 1936 quod
214 1860 392 1938 regulariter
407 1859 451 1922 vel
467 1863 652 1940 interrogare
674 1860 719 1921 vel
742 1860 924 1940 respondere
946 1863 1094 1939 possimus
1116 1863 1298 1938 ignoremus,
1315 1861 1400 1922 libel·

109 1960 168 2021 lum
191 1962 270 2022 bunc
292 1964 371 2022 iuxta
396 1964 567 2041 parvitatem
590 1981 694 2023 sensus
717 1964 810 2023 nostri
832 1960 1007 2040 collegimus
1027 1962 1207 2025 acutioribus
1229 1963 1348 2042 quidem
1372 1970 1402 2023 et

74 2080 97 2119 1⁵
110 2063 312 2141 capacioribus
334 2065 456 2123 minime
479 2067 697 2134 necessarium,
721 2064 950 2144 simplicioribus
980 2083 1049 2125 rero
1073 2071 1102 2124 et
1124 2066 1222 2125 minus
1244 2067 1399 2146 promptis,

110 2172 251 2240 quantum
281 2167 495 2235 existimamus,
524 2166 636 2227 utilem.
681 2168 794 2244 inquo
824 2174 853 2226 et
883 2166 1017 2227 ordinem
1040 2167 1165 2245 praelati
1187 2168 1318 2244 artigrali
1342 2175 1401 2227 tant

111 2267 141 2325 in
165 2249 378 2343 interrogando
401 2287 488 2346 quarn
517 2270 548 2328 in
576 2267 783 2347 respondendo
806 2270 968 2338 tenuimus,
999 2278 1028 2328 et
1049 2267 1239 2347 probationes
1261 2268 1402 2346 quasdam

109 2367 238 2445 parvulis
262 2377 290 2428 et
312 2369 521 2449 incipientibus
543 2371 723 2431 necessarias
746 2389 781 2431 ex
804 2368 896 2432 latere
919 2367 1135 2450 copulavimus,
1160 2378 1189 2430 et
1211 2377 1310 2431 cetera
1326 2389 1401 2449 quae

110 2469 197 2530 buius
224 2471 304 2531 modi
332 2473 488 2532 instructio
518 2479 657 2551 expectere
679 2471 848 2542 ridebatur,
877 2473 1015 2553 quatinus
1038 2471 1153 2551 parvuli
1178 2471 1273 2532 bonae
1295 2471 1401 2532 indolis

75 2571 144 2630 arad
168 2573 253 2646 istius
280 2575 352 2633 artis
380 2592 412 2632 se
441 2572 571 2635 studium
601 2575 788 2634 coniectantes
817 2593 851 2634 ea
874 2573 911 2635 de
933 2574 1042 2651 quibus
1064 2575 1277 2650 interrogaturi
1301 2582 1401 2635 essent

110 2682 138 2733 et
160 2677 335 2752 responsuri
364 2676 418 2753 ipsi
446 2675 502 2735 sibi
530 2675 714 2755 aliquatenus
741 2675 867 2756 probare
897 2684 926 2735 ct
953 2674 1108 2756 probando
1131 2675 1245 2736 lacibus
1267 2678 1400 2737 invenire

110 2785 243 2852 possent,
273 2784 302 2836 et
331 2776 386 2836 boc
413 2779 496 2856 quasi
524 2776 593 2838 ludo
623 2779 775 2838 exercitati
803 2787 833 2838 et
860 2780 1001 2840 exercitio
1029 2779 1148 2838 excitati
1177 2777 1213 2837 ad
1234 2778 1348 2839 maiora
1371 2786 1400 2838 et

111 2876 243 2955 pleniora
266 2878 409 2957 capienda
432 2881 539 2940 tierent
559 2880 769 2959 promptiores.

651 3035 853 3044 ———

496 3135 550 3208 Ex
577 3136 698 3210 codice
723 3135 931 3208 Lavnnbinn
958 3138 1006 3206 24

74 3280 98 3319 2⁵
194 3271 252 3330 Sed
284 3270 415 3331 Valerius
444 3272 484 3331 ait
512 3271 757 3332 consuetudinem
785 3271 967 3348 antiquitatis
996 3272 1083 3332 etiam
1111 3272 1218 3338 luisse,
1247 3280 1279 3331 ut
1306 3287 1400 3347 paene

111 3410 172 3414 --—--
180 3411 183 3414 ψ
192 3408 247 3416 »ων
255 3410 350 3414 —>-—-
363 3410 411 3415 -—-

182 3477 192 3525 l
216 3476 304 3525 Cadra*
325 3477 456 3525 Leidenris
475 3475 532 3525 titt.
551 3475 619 3536 publ.
639 3475 686 3524 122
709 3488 778 3524 saec.
799 3472 838 3522 X:
857 3473 891 3530 ef.
907 3474 996 3535 praes.
1014 3490 1117 3538 gramm.
1133 3491 1156 3528 a,
1171 3475 1204 3523 tv
1220 3490 1248 3536 p.
1264 3473 1360 3524 XXXI.
1376 3476 1399 3536 s.

110 3545 143 3595 98
163 3547 261 3593 Artium
280 3545 367 3593 liotrati
389 3545 450 3593 liber
472 3572 502 3579 —
525 3547 612 3593 tierent
630 3545 807 3609 promptiores.
829 3542 834 3608 1
855 3558 981 3593 cuuaaana
998 3559 1178 3594 tratuuarrcas
1197 3559 1267 3594 ¹tarta
1288 3542 1293 3608 Ι
1315 3544 1400 3594 Partes

111 3617 232 3665 orationis
252 3625 312 3677 quot
331 3618 407 3664 suot?
427 3623 492 3663 octo.
511 3616 594 3676 quae?
611 3629 702 3663 nomeu
718 3627 855 3677 pronomen
875 3614 980 3661 uerbum
994 3614 1142 3663 nduerbium
1160 3614 1320 3679 participium
1340 3630 1399 3663 can-

111 3687 203 3734 iuuctio
223 3686 379 3750 praepositio
403 3685 551 3736 interiectio,
581 3685 694 3734 Donatus
713 3698 777 3745 quae
796 3698 855 3747 pars
874 3685 995 3732 orationis
1014 3687 1192 3738 est?.n0meu‚
1228 3699 1318 3733 nomen
1338 3685 1399 3746 quid

111 3765 148 3804 est
166 3782 200 3791 —
217 3757 240 3815 f.
264 3756 311 3805 107
332 3764 390 3803 scint
409 3765 432 3802 ct
451 3754 514 3802 aliae
534 3752 657 3818 plurimae
681 3754 883 3802 interiectiuuum
903 3753 1103 3817 significationes
1120 3770 1184 3818 quae
1203 3766 1287 3804 tamen
1308 3770 1339 3803 ex
1361 3754 1400 3803 liis

110 3835 228 3887 qcrattuor
248 3826 323 3872 rrcluti
343 3825 494 3887 quibusdam
514 3825 732 3888 perturbationum
748 3823 860 3873 lontibus
878 3824 1009 3872 dimanare
1029 3834 1175 3874 noscuntur.
1214 3826 1401 3875 corranentarr'as

110 3898 134 3944 in
153 3897 247 3944 Donati
265 3903 343 3945 artem
359 3898 474 3944 minorem

975 3943 981 3964 i

180 3982 212 4029 rt
228 3981 316 4030 Codex
332 3983 490 4030 Lauantinus
509 3982 541 4031 24
559 3979 611 4045 (L)
631 3995 698 4029 aare.
720 3979 769 4029 lX:
788 3980 823 4043 cs.
841 3980 927 4043 praes.
944 3996 1047 4045 mamni.
1068 3996 1091 4032 a.
1112 3980 1145 4028 lV
1162 3998 1190 4044 p.
1212 3981 1292 4030 xttx
1311 3983 1332 4043 f.
1351 3980 1400 4033 tt*

110 4053 136 4099 ln
154 4052 255 4098 nominc·
271 4061 372 4100 sanctae
393 4052 512 4101 trinitatis
531 4051 619 4114 incipit
638 4050 764 4113 expositio
779 4050 909 4099 latinitatis
925 4048 930 4116 Ι
945 4052 1018 4099 tertia
1037 4050 1103 4115 incipi
1119 4054 1201 4116 expirs
1215 4054 1240 4100 iu
1256 4052 1349 4101 donato
1362 4053 1401 4115 (l)

111 4123 114 4184 Ι
134 4121 239 4169 Domine
257 4122 312 4169 lesu
332 4121 435 4180 christe,
453 4122 495 4183 qui
516 4137 562 4170 uos
575 4129 630 4168 octo
643 4130 701 4169 tuas
719 4119 851 4184 discipulis
870 4135 926 4168 cum
946 4122 997 4169 tuis
1015 4120 1184 4169 beatitudines
1200 4122 1291 4171 docere
1309 4122 1401 4186 digna-

109 4203 150 4240 tus
169 4207 206 4249 es,
229 4191 350 4239 orationis
368 4192 475 4255 partium
496 4192 598 4240 totidem
617 4190 707 4239 Donati
724 4190 884 4254 grammatici
906 4189 967 4239 milti
986 4191 1117 4240 scientiam
1139 4191 1172 4240 atl
1190 4199 1248 4240 tuae
1267 4207 1400 4242 ornamen-

108 4271 160 4308 tum
180 4260 321 4325 sapientiae
344 4270 367 4308 et
390 4262 497 4325 proximi
519 4262 659 4326 proiectum
677 4259 770 4308 uolenti
788 4259 1021 4324 expossitiuuculae
1041 4275 1111 4310 meae
1131 4259 1249 4310 stillulam
1266 4262 1400 4311 infundere

109 4329 207 4395 gratiae
227 4339 283 4377 tuae
304 4345 349 4393 per
368 4332 485 4394 spiritum
506 4325 571 4379 scire
589 4330 620 4392 (l.
639 4329 767 4391 sanctum)
787 4338 885 4393 prestes
903 4357 934 4365 -
951 4330 973 4390 s.
989 4332 1023 4379 42
1042 4330 1125 4379 nolitis
1148 4346 1241 4392 quesso
1258 4340 1319 4396 poet
1337 4346 1400 4392 quo·

111 4399 224 4448 rumdam
245 4401 404 4461 eloquentiae
425 4400 518 4447 eximia
537 4409 560 4448 et
585 4400 705 4448 scientiae
724 4400 828 4448 llantina
850 4414 932 4447 meam
952 4400 1073 4449 stillulam
1093 4401 1118 4448 in
1138 4400 1226 4450 Donati
1248 4410 1314 4450 artes
1333 4402 1398 4449 deci-

109 4471 185 4517 duam
217 4469 308 4518 lraberc
337 4471 501 4534 contemptui,
538 4470 691 4532 quicumque
719 4469 786 4517 euim
811 4469 911 4518 lectioni
931 4469 1033 4519 deditus
1056 4468 1119 4518 hacc
1144 4470 1233 4520 eadem
1261 4471 1400 4531 eodemque

109 4540 195 4603 passui
221 4539 306 4588 sensui
329 4540 497 4587 intellexerint
520 4540 550 4603 (t.
571 4539 659 4588 eodem
684 4554 733 4601 qno
756 4539 830 4604 posui
848 4553 925 4588 sensu
944 4539 1123 4600 intellexerit),
1143 4540 1280 4603 quaerendi
1299 4539 1348 4588 alia
1368 4538 1419 4586 ad·

111 4610 201 4658 Donrrti
220 4609 356 4656 editionem
374 4608 558 4673 explanandam
577 4609 735 4674 grammatici
754 4609 891 4657 secundam
911 4624 1015 4658 securus
1034 4617 1101 4658 esset
1114 4609 1139 4672 (ἱ)
1151 4612 1168 4659 l.
1180 4608 1250 4669 erit).
1272 4609 1321 4656 nisi
1335 4608 1400 4657 forte

110 4688 168 4727 suut
188 4679 291 4741 quidam
302 4672 455 4745 'indigentes
470 4679 555 4740 corde,
571 4680 614 4740 qui
633 4680 705 4744 prius
719 4679 793 4727 linem
814 4678 880 4727 uitae
895 4678 1027 4727 inueniunt
1038 4694 1113 4742 quum
1131 4680 1316 4741 quaestionum.
1337 4692 1400 4740 qun·

110 4765 164 4796 rum
186 4764 251 4797 rinus
272 4791 277 4799 .
295 4789 319 4801 ,,
335 4792 340 4801 ,
356 4792 361 4802 ,
378 4751 483 4812 ...ait,
504 4763 549 4813 pro
567 4749 640 4798 dolor
658 4747 759 4812 qnando
779 4749 855 4813 incipi
874 4748 905 4810 (l.
925 4747 1029 4813 incipio)
1048 4750 1113 4798 scire
1133 4758 1191 4798 tuuc
1212 4748 1305 4812 incipio
1325 4747 1397 4797 mori.
1483 4765 1491 4779 =

110 4818 170 4865 linit.
190 4814 265 4866 Primi
281 4820 445 4883 fragmentum
457 4835 471 4867 e
485 4820 649 4882 praefatione
660 4819 828 4869 commeruerit
839 4817 870 4866 dc
882 4819 1006 4868 latinitate
1016 4822 1143 4880 petiturae
1160 4819 1247 4868 codice
1265 4817 1401 4879 descripsit

110 4888 239 4936 arar-tinas
258 4888 395 4946 Her·t:ins;
414 4892 518 4940 alteram
535 4889 625 4940 editum
643 4897 681 4938 ert
703 4891 772 4939 anai.
789 4904 891 4954 gramm.
915 4887 1024 4941 Vindab.
1039 4904 1069 4951 p.
1089 4889 1141 4939 ata
1217 4888 1251 4937 25
1270 4884 1396 4953 Valerius]
