3346 5498
282 411 345 474 614
839 412 1020 478 hasnonii

308 534 329 574 p.
343 521 444 561 itit-ts
458 519 481 562 P.

263 598 430 661 'miliarem
452 599 511 660 sibi
534 599 750 679 diphthongum
775 595 778 680 l
803 607 1019 669 convenerunt,
1046 594 1186 661 ἐκάλεον
1210 594 1374 678 ἐκάλουν,
1408 593 1582 679 ἐχράσοον

283 698 467 781 ἐχράσουνε
491 721 512 761 α
534 720 605 761 vero
620 708 651 761 et
671 719 690 761 ο
712 704 744 762 iri
766 720 805 779 ω,
830 696 966 780 ἐτίμαον
987 696 1121 780 ἐτίμων.
1157 699 1224 760 iden
1246 709 1276 760 et
1297 701 1426 762 secunda
1448 716 1581 782 persona

283 823 310 864 ω
332 806 363 864 in
386 823 418 882 α,
442 803 520 864 unde
536 804 634 864 fuerat
655 811 768 872 uatum,
792 801 918 872 reducit,
942 798 1066 882 ἐτίμων
1088 798 1221 881 ἐτίμαςι
1244 812 1287 862 ου
1302 810 1400 863 autem
1414 802 1580 883 diphthon-

281 923 352 982 gum
379 905 441 965 illic
471 913 584 973 servat,
618 903 671 965 ubi
700 905 835 984 repperit
862 905 990 984 primam
1018 905 1083 965 eius
1104 904 1234 966 litteram
1256 904 1433 966 familiarem
1459 907 1580 985 primae

281 1009 423 1086 positioni
445 1008 554 1072 fnisse.
584 1011 723 1087 χρυσοῖς
745 1001 916 1085 ἐχράσουν
937 1001 1117 1085 ἐχράσουςε
1140 1005 1182 1067 ibi
1204 1008 1366 1067 transitio
1388 1024 1430 1085 ει,
1452 1005 1505 1067 ubi
1530 1024 1607 1080 ειςε

281 1111 395 1188 primae
418 1110 559 1188 positioni
582 1109 718 1169 meminit
733 1108 902 1185 contigisse,
926 1106 1039 1181 καλεῖς
1054 1102 1200 1168 ἐκάλουν
1215 1103 1355 1180 ἐκάλεις.
1390 1109 1421 1168 iii
1436 1106 1581 1169 omuibus

282 1229 353 1271 vero
375 1209 600 1272 diversitatibus
621 1209 767 1271 detractio
789 1209 884 1270 finalis
906 1209 1026 1270 litterae·
1044 1224 1211 1289 personam,
1235 1217 1268 1270 ut
1289 1208 1425 1279 diximus,
1454 1211 1580 1271 tertiam

281 1314 360 1384 facit,
386 1309 510 1385 ἐποίεις
526 1308 644 1391 ἐποίει,
666 1307 766 1390 ἐβόας
781 1307 874 1390 ἐβόα,
898 1304 1104 1391 ἐκεραάνους
1119 1306 1319 1390 ἐκεραάνου,
1342 1310 1454 1390 ἔλεγες
1468 1309 1578 1390 ἔλεγε,

281 1413 405 1494 ἔφερες
421 1413 532 1494 ἔφερε.
561 1432 598 1474 ex
613 1413 669 1473 hoc
691 1421 815 1493 apparet
835 1413 914 1494 quod
937 1414 968 1472 in
983 1410 1098 1491 ἐλεχεν
1120 1421 1151 1473 ct
1172 1411 1295 1492 ἔφερεν
1316 1431 1338 1472 ν
1358 1428 1578 1493 supervacuum

281 1524 328 1577 est
350 1524 381 1577 et
402 1519 552 1595 integrum
575 1524 621 1576 est
642 1513 736 1594 ἔλεγε
757 1513 870 1594 ἔφερε,
892 1514 971 1595 quod
994 1516 1102 1576 asserit
1123 1521 1154 1576 et
1175 1515 1380 1594 apostrophus,
1406 1533 1482 1594 qnae
1504 1515 1579 1575 facit
1592 1532 1620 1572 ιο

281 1611 367 1696 ἔλεγ’
394 1611 501 1698 ἔφερ’.
546 1636 605 1698 quo
633 1617 719 1677 modo
741 1618 821 1677 enim
843 1615 916 1677 haec
937 1624 1148 1696 usurparetur,
1176 1620 1202 1677 si
1224 1637 1245 1678 ν
1267 1616 1444 1678 naturaliter
1465 1615 1577 1678 adhae-

283 1728 375 1789 reret,
398 1739 465 1781 cum
488 1720 562 1780 duas
584 1719 701 1779 litteras
724 1736 882 1798 numquam
904 1718 1085 1798 apostropha
1106 1719 1194 1779 liceat
1223 1718 1359 1779 excludi?
1395 1718 1507 1779 indicio
1531 1725 1579 1779 est

281 1833 309 1882 et
329 1822 533 1901 imperativus,
558 1823 644 1881 cuius
665 1821 795 1881 secunda
817 1839 943 1900 persam
965 1822 1133 1899 praesentis
1154 1838 1273 1900 semper
1295 1821 1331 1880 de
1361 1822 1449 1881 tertia
1471 1822 1576 1900 inper-

280 1925 352 1985 fecti
374 1923 526 1984 indicativi
550 1925 682 1983 nascitur
705 1925 812 1984 amissa
827 1925 859 1983 in
878 1924 976 2001 capite
1004 1922 1050 1982 vel
1077 1921 1189 2002 syllaba
1211 1922 1257 1982 vel
1278 1930 1426 2002 tempore,
1461 1917 1578 1983 ἐυάλει

281 2022 393 2104 κάλει,
423 2021 518 2104 ἐτίμα
544 2023 640 2104 τίμα,
669 2021 794 2104 ἐδήλου
821 2020 944 2104 δήλου,
976 2017 1063 2103 ήχου
1085 2017 1182 2103 ἄγου.
1228 2042 1299 2103 ergo
1327 2027 1354 2085 si
1382 2025 1576 2104 imperativus
1590 2039 1616 2080 is

281 2121 374 2205 λέγε,
397 2125 440 2186 ibi
464 2128 528 2187 sine
551 2125 644 2186 dubio
666 2125 771 2205 ἔλεγε,
794 2145 854 2186 non
875 2123 1001 2202 ἔλεγεν.
1047 2126 1098 2186 sed
1127 2145 1143 2186 ε
1172 2126 1273 2188 littera
1296 2143 1384 2205 saepe
1411 2124 1470 2186 sibi
1493 2119 1533 2187 τὸ
1555 2145 1579 2186 ν

281 2230 471 2290 familiariter
492 2228 624 2289 adhibet.
668 2236 760 2289 testes
781 2228 871 2288 huius
892 2229 936 2287 rei
961 2223 1106 2307 Αἰολεῖς,
1129 2228 1205 2308 apud
1228 2248 1301 2309 quos
1322 2224 1493 2308 λεγοίμεθα
1512 2246 1575 2307 φε-

282 2326 412 2410 popano
434 2341 464 2390 et
487 2331 595 2391 simflia
617 2330 704 2390 finale
727 2323 821 2409 ἄλφα
842 2332 873 2390 iii
896 2348 910 2390 ε
934 2337 1058 2399 mutant,
1082 2338 1112 2390 et
1134 2349 1200 2390 inor
1225 2349 1241 2390 e
1263 2330 1384 2391 advocat
1406 2329 1464 2390 sibi
1486 2321 1528 2389 τὰ
1543 2348 1578 2408 ν,

281 2440 311 2492 et
333 2436 366 2492 tit
387 2434 483 2511 prima
505 2450 633 2512 persona
656 2429 842 2512 λεχόμεθεν
863 2427 1066 2512 φερόμεθεν.
1085 2413 1200 2498 ,coutra
1222 2432 1366 2512 siquando
1388 2450 1405 2492 ε
1425 2433 1457 2491 in
1480 2423 1579 2510 ἄλφα

280 2542 423 2603 mutatur,
446 2553 467 2594 ν
490 2534 559 2594 iude
582 2533 717 2604 discedit,
741 2535 819 2594 sicut
840 2535 986 2612 Auspicis
1007 2527 1044 2594 τδ
1067 2528 1221 2615 πρόσθεν
1242 2530 1378 2614 πρόσθα
1400 2533 1503 2594 dicunt
1517 2529 1577 2594 καί
1590 2553 1617 2593 aa

280 2629 318 2697 τδ
341 2634 444 2697 ἐνθεν
466 2634 566 2697 indu:
589 2636 642 2696 sed
665 2644 696 2696 et
709 2629 836 2714 Ἴωνες,
859 2655 925 2696 cum
945 2627 1042 2718 ᾔδειν
1056 2630 1141 2717 ᾔδεα
1163 2637 1285 2705 faciunt,
1302 2630 1455 2716 ἑστήκειν
1476 2629 1578 2716 ἑστή-

281 2757 356 2806 κεα,
386 2757 407 2798 υ
434 2737 602 2817 repudiarit,
626 2756 663 2797 ne
691 2756 758 2798 cuni
786 2731 882 2818 ἄλφα
911 2740 1061 2816 iungatur.
1107 2757 1141 2799 ex
1165 2738 1213 2799 his
1234 2736 1370 2798 omnibus
1403 2737 1489 2799 facile
1513 2739 1577 2799 cnl-

280 2841 384 2919 ligitur
406 2842 542 2901 sulficere
558 2842 663 2900 tertiae
680 2859 823 2919 personae
846 2841 882 2900 de
899 2841 1025 2901 secunda
1046 2839 1209 2909 faciendae,
1233 2842 1258 2900 si
1274 2838 1377 2919 σίγμα
1390 2839 1576 2910 retrahatur,

280 2944 358 3023 quod
387 2944 417 3003 iii
445 2945 543 3021 capite
570 2944 669 3019 graeci
698 2945 883 3022 pronominis
910 2961 998 3022 saepe
1027 2943 1187 3020 contingit,
1211 2937 1320 3002 σέθεν·
1335 2936 1428 3019 ἕθεν,
1451 2937 1506 3001 σοὶ
1529 2928 1576 3002 of.

177 3097 180 3100 a
280 3045 386 3106 Graeci
416 3047 542 3125 primam
569 3044 712 3123 pluralem
741 3044 970 3124 παρατατικοῦ
998 3045 1111 3105 faciunt
1139 3046 1364 3123 interponentes
1396 3051 1615 3122 paunteau

279 3147 396 3208 finalem
419 3149 533 3225 primae
557 3145 724 3224 singularis,
750 3142 874 3208 ἐνόουν
897 3142 1078 3227 ἐυοοῦμεν,
1106 3140 1222 3225 ἑώρων
1243 3140 1418 3224 ἑωρῶμεν,
1448 3139 1576 3224 ἐφανέ-

278 3268 366 3329 ρουν
394 3245 645 3328 ἐφανεροῦμεν,
669 3246 788 3326 ἔλεγον
811 3244 985 3328 ἐλέγομενε
1009 3255 1039 3307 et
1062 3247 1190 3308 secunda
1215 3247 1275 3307 illis
1297 3246 1421 3326 pluralis
1443 3247 1577 3308 efficitur

280 3351 379 3411 addita
395 3369 431 3410 τε
447 3353 553 3411 tertiae
569 3349 723 3428 singulari,
741 3346 848 3411 ἐποίει
863 3347 1018 3429 ἐποιεῖτε,
1035 3346 1130 3430 ἐτίμα
1145 3345 1288 3430 ἐτιμᾶτε,
1303 3344 1409 3427 ἵδρου
1424 3343 1576 3429 ίδροῦτε,

279 3451 372 3530 ἔλεγε
395 3447 540 3530 ἐλέγετεε
565 3471 600 3512 ex
623 3471 680 3531 quo
703 3455 810 3512 iterum
833 3470 854 3511 ν
876 3452 974 3513 littera
995 3469 1177 3531 supervacua
1200 3450 1352 3530 probatur.
1397 3451 1486 3509 tertia
1501 3467 1577 3511 vero

279 3554 403 3633 pluralis
431 3558 462 3615 iri
489 3554 545 3614 hoc
572 3562 705 3634 tempore
738 3572 856 3633 semper
878 3554 982 3615 eadem
1004 3561 1050 3622 est
1078 3556 1192 3634 primae
1215 3553 1367 3631 singulari,
1393 3549 1396 3633 l
1422 3547 1616 3633 ἐχάμοννεο

280 3650 358 3734 ἐγώ,
382 3650 530 3736 ἐγάμουν
553 3653 691 3717 ἐκείνοις
715 3658 759 3716 sic
782 3650 915 3736 ἐτίμων,
938 3658 981 3715 sic
1005 3650 1227 3735 ἐστεφάνουν,
1250 3659 1293 3716 sic
1316 3653 1461 3733 ἔτρεχον.
1492 3655 1577 3716 unde

279 3758 425 3836 Δωριεῖς
446 3760 476 3817 in
500 3758 560 3819 iliis
584 3757 683 3819 verbis
704 3776 780 3837 quae
803 3760 834 3818 in
857 3776 897 3818 ον
919 3760 1041 3817 mittunt
1062 3760 1245 3837 parataticon
1261 3765 1290 3817 et
1305 3765 1428 3837 propter
1441 3753 1576 3837 βραχυ-

279 3854 481 3938 καταληξίαν
510 3862 539 3921 in
564 3861 651 3920 tertia
681 3863 776 3920 afine
799 3862 953 3940 patiuntur
981 3867 1136 3920 accentum
1165 3861 1282 3920 tertiam
1304 3860 1422 3920 numeri
1444 3858 1578 3937 pluralis
1653 3908 1659 3920 .

279 3961 467 4021 discretionis
489 3963 584 4039 gratia
605 3960 869 4040 βαρυτονοῦσιν,
892 3960 1028 4041 ἔτρεχον
1052 3954 1118 4039 ἐγώ
1139 3957 1454 4041 προπαροξυτόνως,
1477 3956 1577 4041 ἐτρέ-

279 4081 341 4142 χον
369 4059 493 4123 ἐκεῖνοι
521 4058 725 4142 βαρυτόυως.
769 4066 864 4143 prima
893 4080 1020 4141 persona
1047 4065 1228 4143 paracimeni
1252 4082 1370 4143 semper
1402 4068 1433 4126 iii
1460 4083 1482 4121 α
1509 4072 1619 4132 ter-ss

279 4167 424 4234 minatur,
455 4172 485 4224 ct
511 4165 548 4224 de
571 4164 626 4225 liac
648 4147 766 4226 ceterae
788 4167 852 4225 sine
886 4155 1010 4243 op'erosa
1033 4167 1209 4226 circuitione
1232 4173 1405 4227 nascuntur.
1450 4175 1578 4246 accepto

280 4269 360 4327 enim
389 4265 492 4347 σίγμα
520 4268 592 4327 facit
615 4268 773 4328 secundam
797 4275 827 4328 et
861 4266 917 4326 hoc
939 4285 1042 4328 rursus
1064 4267 1180 4328 abiecto
1202 4276 1290 4348 atque
1313 4261 1405 4347 ἄλφα
1428 4269 1458 4328 in
1475 4286 1576 4331 amu·

279 4376 340 4430 tato
370 4371 490 4430 tertiam
524 4365 625 4440 creat,¹
658 4368 823 4448 πεποίηκα
859 4368 1042 4450 πεποίηκας
1077 4369 1252 4449 πεποίηκεε
1290 4372 1416 4449 primam
1445 4364 1577 4452 linoque

281 4471 427 4549 pluralem
454 4471 553 4531 addita
581 4470 639 4532 sibi
667 4489 730 4551 μεν
757 4469 877 4550 syllaba,
906 4471 1072 4551 πεποίηκα
1099 4469 1338 4554 πεποιήκαμεν.
1384 4473 1409 4531 si
1431 4490 1486 4550 pro
1507 4493 1577 4553 μεν

369 4618 430 4622 Δ.--,
491 4618 507 4621 ..
534 4618 580 4625 ,ἡ

348 4694 361 4741 1
376 4684 513 4757 ἐχράσοον
524 4690 539 4740 i
541 4707 604 4741 (erius
617 4692 786 4755 εχρνσεονΡ
853 4693 869 4742 ό
881 4694 1001 4757 transltp
1012 4693 1112 4743 transiit
1121 4693 1146 4743 Ρ
1213 4696 1246 4745 10
1257 4702 1281 4742 et
1293 4695 1418 4759 integrum
1427 4710 1447 4759 p
1460 4708 1493 4744 ex
1505 4696 1576 4748 inte·

279 4760 391 4822 grumP
459 4762 488 4809 ll
503 4760 655 4825 quomodo]
670 4761 810 4820 quaiidoP
878 4763 1005 4812 13etou.
1019 4761 1043 4809 P
1110 4745 1370 4829 λόήχεᾶγεΙαπυε
1427 4765 1577 4817 18miitant

280 4826 526 4878 Iauiicinutaturl’
592 4829 623 4877 ii
641 4841 770 4893 torquata
787 4828 947 4892 ιστηκεαΡ
1012 4829 1181 4895 ttimiiaep
1199 4832 1309 4881 tortinf'
1375 4832 1576 4886 selinuntos

279 4895 329 4945 doe
348 4896 457 4947 Zeuai'ua
469 4897 566 4947 tertiam
579 4911 594 4944 a
606 4895 656 4946 line
668 4896 693 4946 P
760 4899 793 4946 35
810 4897 944 4964 paracimci
957 4897 981 4947 P
