3346 5498
625 394 859 457 conueniunt
960 439 964 447 .
1331 389 1388 451 141

1208 499 1367 552 peti-1011.

87 583 145 645 tibi
177 601 350 666 eognomen
380 584 442 645 est?
469 582 617 650 ridemur,
647 583 672 642 si
694 582 750 641 hoe
778 581 948 640 dixerimus.
992 587 1090 638 tamen
1113 578 1275 638 secundum
1298 586 1392 638 artem

90 686 150 746 bou
179 685 325 753 dicimus,
355 694 386 743 ut
416 685 534 744 nomina
564 683 697 744 dinamus
731 681 872 751 lamiliae,
901 683 1074 758 cognomina
1104 680 1237 739 dieamus
1269 683 1392 759 propria

91 789 230 848 nomina.
262 804 371 846 nomen
395 794 440 845 est
463 804 535 863 ergo
551 784 630 862 quod
654 792 698 844 est
719 802 877 843 commune
899 782 1041 849 familiae:
1065 800 1231 861 cognomen
1254 782 1392 860 estquod

92 896 140 948 est
167 889 328 968 proprium
357 889 445 947 unius
472 889 614 965 cuiusque
643 905 765 955 nomen,
794 893 826 945 ιιι
853 893 922 964 puta
950 884 1050 962 Scipio
1072 884 1201 943 Servius.
1245 901 1392 960 agnomen

68 999 142 1051 sest
164 989 247 1068 qoou
271 990 456 1050 extrinsecus
479 990 566 1047 venit.
611 990 689 1047 venit
711 995 809 1047 autem
825 986 862 1046 ab
885 988 980 1065 aliqua
1003 987 1129 1045 ratione.
1172 993 1242 1065 puta
1262 991 1267 1059 Ι
1292 988 1393 1046 nese-io

93 1093 145 1172 qui
173 1092 294 1153 fortiter
322 1091 406 1158 lecit,
434 1091 562 1150 Alricani
592 1092 673 1159 vicit,
703 1089 800 1149 dictus
828 1098 870 1148 est
897 1089 1066 1150 atricanusz
1101 1105 1188 1147 nares
1217 1089 1316 1147 neseio
1344 1089 1393 1166 qui

95 1195 231 1259 maiores
253 1191 370 1261 liabnit,
400 1191 496 1251 dietus
524 1199 568 1250 est
591 1190 710 1258 Nasica:
734 1189 808 1250 alter
831 1193 959 1250 maiores
980 1188 1082 1249 babuit
1105 1208 1203 1258 suras,
1231 1189 1329 1250 dictus
1350 1196 1394 1248 est

45 1322 49 1329 ·
95 1294 224 1356 Publius
250 1294 395 1354 Lentulus
422 1294 505 1353 Sura.
553 1312 623 1371 ergo
651 1295 704 1352 ista
734 1291 890 1352 trabuntur
918 1300 969 1351 aut
990 1312 1005 1351 a
1030 1290 1184 1351 virtutibus
1205 1300 1256 1350 aut
1277 1310 1293 1350 a
1316 1293 1394 1351 vitiis

94 1398 267 1475 agnomina.

63 1519 87 1555 n
186 1498 224 1558 Ει
246 1499 368 1558 omnino
392 1498 434 1556 sic
458 1496 610 1557 delinitum
634 1505 687 1557 est.
717 1497 785 1576 quid
809 1505 852 1556 est
874 1500 1075 1575 praenomen?
1112 1497 1180 1575 quid
1204 1504 1248 1555 est
1269 1497 1396 1556 nomen?
1474 1519 1479 1525 ·
1548 1573 1554 1585 ι

97 1600 170 1681 quiri
205 1610 251 1660 est
284 1601 469 1678 cognomen?
503 1599 572 1678 quid
601 1607 645 1659 est
672 1603 837 1678 agnomen?
870 1601 912 1658 sic
939 1598 1118 1659 definierunt
1140 1601 1267 1658 maiores
1290 1600 1394 1666 nostri,

97 1701 192 1763 nabes
220 1703 251 1762 in
280 1703 410 1781 antiquis
438 1700 564 1761 artibus:
599 1720 780 1780 praenomen
809 1709 855 1759 est
881 1700 960 1778 quoti
990 1701 1026 1760 ad
1052 1700 1225 1778 (lignitatem
1256 1702 1393 1779 pertinet.

98 1804 199 1866 nullus
229 1805 308 1864 enim
338 1822 442 1864 servus
465 1802 554 1862 babet
575 1822 772 1881 praenomen:
808 1800 972 1870 nonlicet,
1006 1822 1065 1862 non
1088 1810 1184 1882 potest
1206 1804 1279 1862 lieri.
1324 1809 1394 1881 puta

97 1906 283 1968 Getidentius
310 1908 432 1966 omnino
461 1924 520 1965 non
550 1913 646 1983 potest
674 1904 784 1964 babere
813 1920 1010 1982 praenomen;
1045 1923 1116 1982 ergo
1145 1906 1243 1965 omnia
1267 1923 1395 1983 praeno·

63 2011 178 2069 raniina
196 2008 378 2086 dignitatern
394 2014 504 2067 tenent.
534 2009 631 2067 omnia
654 2009 827 2084 cognomina
851 2007 1001 2084 propriam
1024 2024 1087 2065 rem
1111 2014 1228 2073 tenent;
1251 2026 1267 2065 a
1291 2014 1395 2066 natura

99 2112 237 2179 ueniunt,
261 2111 290 2169 iel
315 2119 359 2170 est
381 2116 467 2169 natus
491 2116 535 2167 est
557 2110 669 2175 inians,
697 2111 793 2168 statim
817 2107 873 2167 hoo
895 2108 1013 2167 tlioitnr.
1058 2109 1156 2167 omnia
1179 2111 1335 2186 agnomina
1358 2108 1396 2168 ab

100 2210 215 2272 actibus
243 2213 374 2271 veniunt.
421 2213 450 2270 in
478 2230 573 2290 puero
600 2209 745 2271 iniantulo
768 2229 826 2269 non
850 2211 966 2289 poteris,
984 2211 1117 2269 invenire
1139 2228 1295 2287 agnomen.
1340 2228 1395 2288 qua

100 2314 236 2373 ratione?
261 2315 327 2392 quia
352 2314 377 2373 si
399 2330 545 2391 agnomen
570 2315 646 2372 uenit
662 2332 677 2371 a
693 2311 783 2372 rebus
805 2313 909 2388 gestis,
933 2330 1050 2371 aeausa
1074 2314 1151 2390 ipsa,
1176 2313 1273 2371 statim
1297 2319 1395 2390 autem

101 2434 174 2494 puer
204 2423 290 2476 natus
320 2433 379 2474 non
408 2413 497 2475 babet
526 2434 576 2475 res
602 2423 699 2492 gestas
722 2423 772 2473 aut
794 2432 898 2473 causas
920 2413 1046 2492 aliquas,
1070 2413 1149 2473 unde
1171 2415 1262 2492 possit
1286 2410 1396 2473 babere

65 2534 264 2595 eoagnomen,
289 2516 356 2578 itleo
379 2517 436 2576 lure
459 2519 488 2575 in
512 2515 657 2576 infantulo
680 2535 738 2575 non
756 2525 851 2594 potest
873 2517 1008 2576 inveniri.
1039 2532 1112 2591 ergo
1127 2517 1283 2595 agnomina
1299 2513 1396 2573 omnia

102 2639 118 2679 a
147 2619 240 2680 rebus
266 2621 389 2679 reninnt
417 2621 521 2696 gestis:
556 2619 731 2696 cognomina
754 2620 837 2696 quasi
860 2594 1003 2678 naturalia
1027 2629 1110 2686 sunt,
1135 2616 1290 2677 nobiseum
1314 2617 1397 2692 quasi

103 2729 279 2786 nascentum
302 2722 400 2782 statim
424 2722 502 2780 enim
526 2719 756 2789 denitunam,
783 2719 901 2799 quando
924 2721 985 2780 nati
1007 2720 1163 2779 fuerimus:
1189 2721 1305 2778 nomina
1329 2725 1398 2778 sunt

103 2841 177 2902 quiae
201 2830 273 2882 sunt
295 2824 461 2882 communia
486 2822 626 2881 familiae:
647 2824 864 2899 {praenomina
887 2829 956 2881 sunt
971 2840 1046 2900 uitae.
1069 2824 1220 2899 pertinent
1242 2820 1278 2879 ad
1302 2819 1396 2898 eligni-

103 2932 207 2991 tatem,
230 2932 349 2983 servant
371 2926 450 2985 enirn
473 2925 694 3001 ingenuitatem.
729 2923 827 2983 nullus
849 2925 928 2983 enini
951 2943 1055 2983 servus
1076 2933 1174 3002 potest
1196 2922 1307 2982 babere
1330 2921 1395 2983 boc.

72 3026 155 3087 aased
179 3045 240 3086 iton
264 3034 294 3085 te
317 3025 445 3104 decipiat
467 3027 593 3086 ista'res
610 3043 665 3085 neo
689 3024 779 3084 lallat.
817 3025 990 3104 plerumque
1012 3027 1177 3085 invenimus
1199 3027 1255 3084 ista
1279 3033 1397 3084 mutata.

105 3146 207 3189 seruus
237 3147 322 3188 ineius
352 3127 415 3187 volo
445 3136 476 3187 ut
504 3139 623 3187 voretur
652 3127 773 3194 lunius:
805 3126 861 3185 hoe
888 3127 969 3194 volo,
1005 3126 1061 3186 boo
1090 3128 1161 3186 milii
1191 3127 1295 3205 placet.
1340 3128 1397 3185 iarn

107 3228 212 3290 lucius
240 3230 317 3289 iorte
346 3229 418 3289 mibi
446 3231 503 3290 erit
532 3248 725 3308 praenomen.
765 3227 835 3287 mibi
865 3228 984 3304 quidem
1014 3246 1195 3307 praenomen
1225 3239 1283 3294 est,
1312 3246 1397 3286 seruo

106 3340 202 3391 autem
227 3349 286 3391 non
310 3340 353 3390 est
375 3351 572 3411 praenomen,
596 3331 648 3392 sed
672 3338 717 3391 est
739 3349 915 3406 cognomen.
947 3338 1015 3408 pnta
1040 3332 1187 3389 notarium
1210 3348 1309 3389 meum
1332 3329 1398 3388 rolo

106 3450 209 3493 vocare
237 3431 417 3493 Africanum.
456 3436 481 3493 si
508 3432 564 3493 boe
589 3453 696 3494 nomen
720 3434 848 3510 aceepit,
878 3432 995 3510 qtianilo
1019 3440 1185 3500 natusest,
1209 3431 1297 3490 modo
1319 3433 1396 3492 Atri-

73 3552 196 3595 ncanus
224 3534 303 3613 quoti
332 3535 452 3603 elicitur,
481 3537 538 3595 iam
569 3554 627 3595 non
658 3536 714 3595 erit
741 3553 902 3612 agnomen,
932 3533 983 3593 sed
1007 3535 1065 3592 erit
1090 3551 1264 3610 cognomen.
1309 3533 1359 3594 ille
1382 3553 1397 3592 a
1421 3603 1427 3616 .

106 3636 182 3696 iacto
209 3636 305 3696 dictus
333 3646 378 3695 est
405 3638 573 3705 atricanus,
603 3638 680 3716 qnoil
705 3639 771 3697 vicit
793 3637 936 3706 Africani,
965 3632 1015 3695 ille
1037 3643 1134 3695 autern
1158 3633 1266 3714 [quod]
1290 3638 1397 3703 statim,

107 3738 223 3816 quando
254 3747 338 3798 natus
366 3747 424 3808 est,
455 3738 511 3799 boc
540 3738 704 3819 appellatus
733 3748 785 3799 est.
831 3737 912 3797 rides
935 3756 1006 3816 ergo
1028 3738 1168 3816 quoniam
1191 3739 1247 3796 ista
1271 3757 1329 3799 non
1352 3757 1398 3798 se·

108 3839 236 3900 eundum
267 3850 402 3900 naturam
432 3849 515 3909 ιιιιιι,
543 3840 595 3900 sed
624 3840 788 3900 secuudum
818 3838 985 3900 lectionem.
1022 3839 1156 3899 dieamus
1184 3837 1256 3900 illutl
1285 3840 1398 3901 lortius.

109 3944 208 4002 nescio
236 3944 285 4020 qui
315 3940 365 4001 ilat
392 3943 463 4001 anilii
493 3943 649 4002 lectionem
678 3941 819 4020 aliquam,
850 3950 879 4000 et
907 3943 1024 4001 inuenio
1051 3951 1120 4020 puta
1144 3939 1265 4001 Publius
1292 3942 1401 4003 Lucius

75 4042 272 4103 aSallustius.
318 4043 375 4103 lion
398 4046 524 4104 invenio.
569 4048 732 4122 interrogat.
761 4064 808 4103 nie
836 4044 902 4103 ‘otc
925 4045 1012 4111 mibi,
1041 4043 1118 4122 qttotl
1147 4051 1191 4102 est
1218 4055 1401 4121 cognomen?

109 4146 175 4223 quia
198 4152 227 4203 et
250 4143 374 4205 Publius
397 4146 504 4207 dieitur
526 4148 642 4226 Scipio,
666 4147 804 4225 quoniam
827 4165 1009 4223 praenomen
1034 4156 1097 4215 esi,
1122 4155 1151 4204 et
1167 4145 1275 4205 Lurius
1290 4147 1399 4227 Scipio,

175 4405 193 4452 2
211 4412 239 4451 nt
258 4404 361 4452 nomina
378 4403 448 4452 dieas
467 4404 549 4452 Alit:
617 4406 633 4452 4
651 4405 751 4453 sentius
772 4403 834 4453 θαι
850 4418 941 4451 semna
959 4403 983 4451 B
1000 4418 1058 4451 ser.
1073 4440 1079 4451 .
1092 4438 1115 4450 ..
1139 4405 1162 4452 A
1233 4404 1249 4452 5
1269 4415 1330 4468 puta
1349 4402 1399 4450 lor·

109 4472 165 4520 titer
185 4473 333 4537 nescioqui
353 4474 451 4523 sortiter
475 4475 532 4522 lecit
555 4473 658 4522 alricum
678 4476 738 4523 nieit
760 4478 782 4521 Α
808 4482 867 4536 puta
889 4474 974 4521 neseio
996 4474 1038 4535 qui
1063 4472 1161 4521 fortiter
1181 4472 1285 4521 alrieam
1305 4473 1365 4519 uicit
1381 4470 1402 4518 C

110 4551 168 4606 puta
184 4542 249 4592 lorte
269 4544 355 4593 ireseio
373 4545 415 4606 qni
434 4544 538 4592 nlrieom
555 4545 613 4592 nirit
631 4544 661 4593 b:
678 4557 737 4609 pntn
754 4543 852 4591 sortiter
869 4547 955 4590 neseio
974 4544 1016 4604 qni
1035 4544 1143 4592 naiores
1163 4543 1247 4591 babuit
1264 4542 1288 4590 B
1305 4543 1401 4590 oniisrie

109 4614 226 4678 reliquia,
248 4629 314 4678 quae
337 4613 397 4664 odd.
416 4613 431 4661 b
520 4615 535 4662 7
556 4615 640 4662 ιιιιιὶιιι
662 4615 712 4664 BC
727 4622 763 4674 et,
782 4621 809 4661 ιιι
826 4613 938 4674 uidetur,
958 4612 982 4659 A
1002 4627 1063 4660 traso
1079 4628 1095 4660 n
1186 4614 1216 4663 Γ.)
1235 4614 1332 4660 ortibus
1352 4610 1402 4658 lit:

110 4685 222 4746 paratum
243 4683 268 4731 A
342 4683 370 4732 11
390 4685 681 4748 poterisutuideiurA
700 4683 884 4748 potestBCn‘
956 4682 1167 4731 inuenireABC
1184 4683 1293 4729 inueniri
1312 4681 1345 4728 a*

113 4752 217 4817 18,quia
237 4749 272 4817 ei]
294 4754 366 4813 ιιιιιιιί
383 4755 406 4801 Α
474 4756 506 4802 et
534 4765 637 4802 sortiunt
661 4755 726 4801 enim
749 4753 930 4817 ingenuitatem
954 4768 1000 4804 uin.
1023 4754 1055 4810 C,
1072 4753 1134 4802 udal.
1149 4770 1163 4800 ι·
1181 4761 1313 4799 seruantur
1333 4752 1398 4798 enini

110 4822 308 4941 iegeixaitat‘imB
394 4824 423 4872 31
449 4826 490 4886 qni
516 4825 600 4871 statim
621 4822 644 4871 B
730 4822 763 4871 36
784 4832 808 4870 et
829 4823 920 4871 lunius
944 4823 1032 4889 Seipio
1048 4824 1168 4886 qiiotiiam
1190 4835 1343 4886 praenomen
1362 4830 1401 4869 est

108 4906 151 4941 ωιι.
201 4909 244 4957 ,a
284 4911 326 4942 .n
1057 4916 1066 4929 ·
