3346 5498
192 398 255 463 630
743 398 924 463 nicaenii

192 587 287 636 tionum
300 601 402 635 surarum
415 601 546 635 numerum
559 587 660 636 deusde
672 588 825 641 contineant.
841 588 974 636 verborum
987 596 1069 635 tamea
1083 585 1195 635 omnium
1205 587 1269 636 bina
1278 587 1386 637 divisio
1397 596 1451 637 est.
1464 597 1505 635 ant

192 655 294 703 enimin
308 652 515 719 aspernaremur,
526 655 549 702 id
564 667 603 705 est
618 656 642 703 in
656 650 685 703 ea
698 670 764 718 quae
776 654 1109 715 nltinramcireumliectant,
1123 665 1167 703 aut
1178 655 1202 703 iu
1216 650 1388 719 deprimet.
1404 656 1456 705 hoc
1468 666 1504 704 est

193 722 373 786 paenultimam
387 736 489 784 gravem
503 721 629 781 habentia,
642 722 797 774 dividuntur.
823 723 921 772 addunt
934 722 1036 786 quidam
1050 722 1149 770 tertiam
1160 723 1277 788 speciem
1292 736 1379 786 qnam
1395 735 1503 788 ηρησο-

194 806 247 854 τηι
265 787 340 852 (fort.
354 789 504 855 epicoenon)
527 799 631 848 vocant,
648 792 673 839 id
693 800 731 840 est
748 790 874 840 actualem:
892 790 968 840 habet
979 790 1056 845 euim,
1074 798 1102 838 nt
1114 789 1211 843 dieunt.
1230 800 1343 840 acutum
1357 791 1384 841 in
1401 791 1501 841 initiata,

194 857 335 907 Macrobius
349 872 408 906 vero
421 859 484 906 duas
497 867 594 908 tantum
607 859 705 922 species
719 859 844 919 ostendit,
857 872 933 909 uuam
947 859 971 906 iu
984 856 1024 906 his
1036 857 1061 904 iu
1075 858 1176 918 quibus,
1192 869 1219 907 ut
1231 858 1366 920 diximus,
1381 860 1499 908 ultimam

194 940 295 990 semper
311 926 488 975 circumflexus
505 937 572 974 tenet
588 935 722 987 occentus,
739 934 815 990 atque
832 926 888 975 iden
905 919 1102 989 περιοπωμένη
1119 925 1209 974 meruit
1225 925 1372 991 appellari.
1392 928 1499 975 aiteram

194 1007 268 1057 quae,
281 994 341 1042 dum
353 994 542 1042 immutabiliter
553 995 577 1042 iu
591 993 861 1059 paenultimagravem
874 1005 967 1053 teneat,
981 993 1078 1042 nullum
1090 996 1210 1041 tamenin
1224 992 1278 1043 line
1291 1005 1398 1043 certum
1412 1005 1498 1060 potest

195 1061 285 1111 habere
302 1075 401 1110 sonum.
427 1061 537 1124 denique
555 1063 678 1125 barytoua
695 1061 796 1125 dieitur,
814 1062 839 1110 id
858 1073 897 1111 est
913 1073 972 1111 tono
989 1070 1109 1109 extranea
1126 1062 1150 1109 iu
1170 1061 1268 1122 ultima,
1288 1063 1429 1126 nunquia
1448 1078 1497 1111 aon

194 1129 293 1183 habeat,
306 1128 350 1176 sed
363 1128 431 1192 quod
443 1140 538 1178 eertum
553 1128 718 1191 stabilemque
730 1127 823 1178 habere
836 1144 884 1179 noo
899 1130 989 1194 possit.
1013 1128 1149 1189 aliquando
1162 1142 1275 1192 namque
1286 1143 1431 1193 gravatur.
1450 1130 1496 1179 ali-

194 1198 295 1259 quando
314 1212 373 1246 vero
389 1197 497 1249 acuitur.
514 1211 651 1259 numquam
671 1208 755 1246 tamea
768 1198 980 1247 circumflectitur.
1004 1194 1052 1245 hoc
1065 1197 1140 1244 etiam
1153 1197 1253 1246 vitietur
1264 1211 1318 1246 non
1333 1212 1398 1247 esse
1411 1211 1495 1247 trans·

194 1266 314 1322 eundum,
335 1265 416 1327 quod,
439 1280 495 1314 cum
517 1264 676 1327 quorundam
696 1265 833 1314 auctoritas
854 1265 909 1314 sola
930 1266 1106 1330 perispomeua
1122 1264 1256 1329 ipsiusque
1272 1266 1369 1314 tertiae
1387 1267 1494 1331 speciei.

194 1348 271 1395 quam
283 1333 318 1380 ilii
331 1333 438 1394 addunt,
452 1333 527 1382 rerba
539 1348 561 1382 ω
574 1332 719 1381 naturaliter
735 1332 858 1396 producto
871 1332 998 1382 terminari
1011 1331 1156 1392 contendat,
1174 1333 1300 1396 barytona
1313 1347 1378 1382 vero
1391 1348 1496 1399 semper

194 1416 209 1450 ο
222 1400 366 1449 naturaliter
379 1412 504 1466 correpto,
518 1402 603 1449 omnia
615 1400 769 1449 Graecorum
781 1401 858 1450 verba
870 1415 921 1450 aaa
933 1400 1073 1463 eademque
1084 1399 1178 1458 littera,
1197 1401 1327 1464 producta
1343 1402 1449 1451 scilicet
1460 1416 1493 1457 rs.

194 1468 353 1519 Theodosius
371 1468 436 1517 iiuiri
453 1469 604 1532 pronuntiet.
634 1467 692 1516 inde
710 1467 739 1516 iit
755 1479 782 1517 nt
799 1469 898 1518 illorum
915 1468 990 1518 durem
1008 1480 1128 1516 accentus
1146 1467 1289 1533 discernat,
1309 1482 1363 1518 nou
1378 1480 1490 1533 tempos.

194 1538 294 1586 vitietur
305 1550 406 1600 quoque
418 1536 484 1584 idem
498 1537 573 1584 simili
586 1536 684 1585 ratione
695 1534 769 1598 velle,
788 1551 838 1586 noa
852 1549 934 1585 tamea
948 1535 1083 1594 alilrraare,
1097 1535 1181 1583 omnia
1193 1533 1344 1585 Latinorum
1358 1538 1440 1586 verba
1451 1550 1492 1586 ra—

194 1605 336 1654 tionabilius
357 1604 496 1654 secundum
517 1618 634 1668 graecam
657 1602 762 1652 iormam
781 1618 796 1652 ο
813 1604 936 1670 producto
959 1604 1075 1653 concludi
1091 1617 1167 1665 quam
1185 1614 1320 1668 correpto,
1338 1619 1401 1652 cnm
1420 1605 1492 1654 iuxta

196 1688 275 1736 paene
288 1688 376 1721 omues
389 1671 537 1720 dichronum
550 1673 591 1724 sit.
618 1671 698 1736 prima
712 1672 787 1735 igitur
799 1672 897 1736 species
910 1672 934 1720 iu
949 1673 1030 1721 tribus
1043 1671 1263 1733 coniugationibus
1276 1673 1451 1729 concluditur,
1465 1674 1489 1721 iu

195 1743 288 1804 quibus
301 1741 480 1789 circumflexus
493 1740 603 1788 ultimam
620 1751 750 1801 tamqnam
767 1751 916 1805 perpetuam
936 1741 1049 1805 possidet
1061 1739 1155 1790 sedern.
1182 1740 1297 1787 secunda
1311 1752 1374 1788 vero
1389 1756 1437 1789 sex
1450 1742 1490 1787 rei

195 1819 291 1874 septem
309 1809 410 1858 videtur
426 1807 630 1871 conprehendere
647 1809 775 1871 syzygias,
793 1821 899 1870 quarum
920 1808 1087 1871 paenultimas
1102 1807 1171 1869 gravi
1185 1817 1291 1855 accentu
1306 1820 1358 1856 non
1372 1807 1490 1857 dubitant

197 1876 341 1926 naturaliter
354 1891 412 1926 esse
423 1890 566 1940 possessus.
592 1889 698 1938 qnorum
711 1877 824 1924 omnium
842 1874 943 1938 regulas
957 1877 1031 1924 modo
1043 1873 1174 1939 generales
1188 1874 1262 1923 modo
1275 1875 1421 1939 speciales.
1440 1890 1489 1924 non

197 1956 278 1994 buaren
296 1947 379 2010 plene,
397 1943 526 1992 docendae
545 1958 601 1992 esse
618 1942 789 2007 promisimus.
815 1944 839 1990 ia
853 1958 902 2005 qna
916 1958 1000 1992 tamen
1019 1942 1185 2007 promissione
1198 1941 1321 1990 lectorem
1335 1957 1488 2007 praemone-

196 2028 262 2067 mus.
283 2029 313 2060 ae
326 2013 385 2078 plus
399 2024 510 2073 quaerar.
530 2013 590 2074 quia
604 2026 648 2059 uec
661 2010 719 2075 plus
732 2011 850 2067 iuvenior,
864 2026 940 2072 quam
953 2026 1018 2074 quae
1031 2011 1156 2074 pertinum
1168 2010 1199 2057 ad
1212 2004 1413 2060 ‹leubaationem
1428 2026 1490 2060 eon-

196 2082 423 2142 iormatiooemque
441 2082 583 2133 verborum.
600 2080 625 2126 in
642 2079 734 2141 quibus
752 2094 833 2144 paene
850 2087 902 2127 tota
919 2077 995 2127 huius
1008 2077 1086 2127 libelli
1101 2078 1202 2130 ruditas.
1223 2078 1244 2124 si
1257 2076 1420 2140 aliquantula
1433 2081 1490 2142 qai·

196 2149 253 2197 deur
267 2160 314 2206 est,
328 2161 450 2198 versatur.
477 2146 534 2195 hiue
547 2147 595 2194 iarn
609 2158 715 2194 tractare
729 2147 889 2210 incipientes,
903 2147 985 2210 primo
999 2146 1030 2194 de
1042 2147 1227 2210 peris-pomeriis
1240 2145 1364 2204 dicemus,
1380 2162 1490 2209 qnorum

197 2218 277 2280 prima
290 2234 312 2266 ιο
324 2216 472 2282 productum
486 2216 581 2280 primae
594 2228 716 2278 personnae
728 2214 752 2262 iu
768 2229 809 2271 stc
821 2212 1005 2279 diphthongum
1020 2226 1171 2262 convertens
1184 2214 1324 2261 secundam
1338 2213 1421 2262 eflicit
1433 2228 1492 2280 per·

196 2301 294 2346 aonam,
314 2294 340 2334 ut
353 2281 426 2348 φιλῶ
440 2284 542 2344 φιλεῖς,
561 2284 616 2347 ipsa
629 2293 712 2330 autem
725 2283 838 2331 secunda
851 2279 938 2346 σίγμα
951 2282 1049 2331 sublato
1063 2282 1160 2329 tertiam
1173 2281 1263 2344 giguit,
1277 2281 1370 2344 φιλεῖ.
1398 2292 1491 2331 notan·

197 2353 307 2415 dumque,
324 2352 390 2413 quod
409 2366 495 2399 omncs
512 2364 636 2416 personae
654 2349 797 2413 singulares
820 2351 844 2397 ia
863 2350 909 2397 hac
927 2350 1117 2413 coniugatione,
1139 2350 1204 2397 sicut
1220 2358 1243 2395 et
1262 2348 1286 2395 iu
1308 2348 1366 2398 aliis
1389 2349 1492 2399 duabus

197 2422 310 2469 eiusdem
329 2421 433 2485 speciei,
451 2430 474 2467 et
492 2419 621 2481 aequalem
640 2417 795 2480 syllabarum
818 2431 950 2466 numerum
968 2427 1069 2466 teneant
1086 2428 1112 2465 et
1128 2417 1319 2464 circumflexum
1338 2431 1445 2482 semper
1466 2419 1491 2467 in

199 2490 283 2537 ultima
295 2488 449 2537 custodiant.
474 2488 554 2551 primu
568 2487 643 2534 etiam
656 2485 760 2549 pluralis
772 2500 787 2532 a
799 2485 922 2550 singulari
936 2487 1016 2548 primu
1030 2486 1166 2547 egreditur,
1179 2498 1301 2532 converso
1316 2485 1418 2532 scilicet
1430 2502 1453 2535 ω
1466 2488 1491 2533 iu

197 2574 231 2607 ου
244 2557 427 2621 diphthongum
442 2554 540 2602 adiecta
557 2553 654 2616 syllaba
668 2567 729 2615 μεν,
748 2550 821 2615 φιλῶ
835 2549 988 2614 φιλοῦμετς
1007 2552 1117 2601 secunda
1131 2550 1236 2617 pluralis
1249 2565 1264 2599 a
1277 2553 1350 2599 tertio
1362 2553 1494 2616 singulari

197 2626 282 2673 aututini
299 2641 338 2689 τε,
357 2624 439 2687 φιλεῖ
452 2623 573 2685 pilelas:
592 2620 664 2668 tertia
683 2634 742 2667 vero
759 2619 864 2683 pluralis
881 2637 895 2668 a
913 2619 994 2683 prima
1011 2621 1123 2668 ciusdem
1143 2621 1238 2668 numeri
1257 2620 1372 2667 nascitur
1392 2631 1492 2669 unitata

197 2708 250 2758 μεν
268 2694 292 2742 iu
311 2708 347 2752 σι,
366 2690 505 2754 φιλοῦμεν
521 2687 655 2752 φιλοῦσιν
670 2686 700 2750 (Ι.
716 2685 852 2753 φιλοῦσι),
879 2689 915 2736 sic
934 2687 1009 2751 igitur
1021 2690 1124 2736 verbum
1142 2688 1250 2735 nocivum
1265 2689 1413 2750 praesentia
1425 2702 1492 2739 tcm-

199 2763 266 2826 poris
284 2761 386 2810 indicati
403 2758 432 2822 (l.
447 2754 588 2820 imlirativi)
606 2756 674 2804 modi
692 2756 787 2819 primae
803 2756 989 2819 coniugatiouis
1009 2755 1251 2805 circumllexibiliuur
1271 2754 1394 2815 ilectitnr,
1415 2755 1493 2819 φιλῶ

198 2830 292 2893 φιλεῖς
306 2831 391 2892 φιλεῖ,
405 2827 534 2892 pluraliter
547 2821 688 2888 φιλοῦμεν
700 2825 810 2886 φιλεῖτε
828 2822 969 2886 φιλοῦσιν.
994 2824 1090 2888 passivi
1104 2837 1204 2886 quoque
1219 2823 1321 2885 generis
1334 2824 1420 2888 prima
1433 2840 1493 2889 prr·

199 2913 261 2946 noua
274 2897 409 2962 singularis
423 2898 453 2942 nb
466 2895 548 2943 activa
561 2893 641 2955 prima
654 2892 776 2953 singulari
789 2891 816 2940 llt
834 2905 956 2940 conuerso
969 2908 991 2940 ω
1004 2893 1028 2940 iu
1041 2906 1076 2941 ou
1089 2903 1113 2939 et
1125 2891 1336 2964 adsumptaptnt,
1350 2890 1430 2953 φιλῶ
1442 2908 1493 2955 φι-

199 2965 316 3030 λοῦμαι;
334 2963 447 3014 accumla
460 2976 559 3024 semper
573 2961 653 3008 minor
666 2973 715 3007 tum
728 2958 825 3022 syllaba
843 2975 918 3022 quarn
931 2960 1012 3023 prima
1025 2959 1159 3018 iuvenitur,
1180 2969 1204 3006 et
1216 2959 1239 3007 iu
1254 2973 1308 3023 ητα
1321 2958 1429 3022 desiuit,
1443 2976 1493 3023 φι-

199 3032 303 3095 λούμαι
322 3029 404 3098 quiri:
423 3031 495 3077 tertia
512 3044 571 3077 cero
587 3042 601 3073 a
620 3027 699 3092 prima
718 3027 830 3074 eiusdem
847 3029 948 3091 generis
961 3038 1056 3076 mutato
1068 3043 1087 3089 μ
1101 3028 1125 3076 iu
1139 3043 1154 3076 τ
1166 3038 1190 3074 et
1202 3025 1361 3090 diphthongo
1374 3041 1413 3076 ov
1426 3029 1453 3077 in
1468 3044 1494 3079 ει

199 3103 384 3163 diphthongum
405 3112 536 3148 conversa.
559 3093 699 3159 φιλοῦμαι
720 3095 855 3158 φιλεῖται,
881 3109 1031 3159 semperque
1052 3095 1132 3160 prima
1154 3106 1178 3142 et
1199 3093 1269 3141 tertia
1289 3096 1495 3158 aequaoqllabae

200 3172 272 3221 iirrut.
296 3171 376 3236 primu
395 3180 502 3230 persona
520 3163 624 3228 pluralis
641 3178 655 3211 a
678 3163 755 3227 prima
773 3161 865 3226 plurali
883 3165 967 3212 artira
984 3163 1082 3212 abieoto
1101 3180 1118 3212 ι
1135 3176 1159 3211 et
1174 3161 1260 3210 addita
1277 3160 1320 3210 θα
1339 3163 1438 3224 ubique
1455 3166 1494 3224 iit,

200 3237 341 3302 φιλοὺμεν
354 3223 532 3299 priorprior:
547 3231 657 3280 secunda
671 3229 775 3295 pluralis
786 3232 869 3278 activa
878 3240 961 3280 movet
972 3227 1027 3279 ταῦ
1041 3231 1143 3278 ultimae
1155 3245 1217 3279 errae
1229 3230 1254 3276 iu
1265 3228 1352 3294 αι’γμα
1363 3242 1389 3279 ct
1399 3231 1495 3295 θῆτα,

200 3308 277 3366 litque
295 3306 397 3370 passivo
415 3301 522 3361 φιλεῖτε
536 3300 682 3362 φιλεῖσθει
701 3300 774 3346 tertia
792 3298 895 3362 pluralis
908 3314 923 3346 a
942 3299 1014 3346 tertia
1027 3298 1151 3361 singulari
1164 3298 1265 3362 passiva
1278 3298 1359 3345 oritur
1371 3300 1465 3350 addito
1478 3317 1496 3349 v

200 3375 231 3421 ad
245 3392 260 3424 τ
272 3388 296 3421 er
314 3371 467 3437 paerrnltiuut
486 3370 579 3433 primae
596 3381 720 3431 personne
738 3366 874 3430 singularis
887 3376 995 3416 serrata.
1010 3367 1136 3429 φιλεῖται
1150 3363 1312 3428 φιλοῦνται.
1337 3366 1418 3429 igitur
1432 3384 1493 3433 pas

200 3443 247 3490 sivi
265 3443 332 3489 uerbi
350 3440 485 3487 declirnuio
503 3437 538 3483 sic
557 3447 607 3485 est:
625 3431 763 3499 φιλοῦμαι
781 3431 851 3499 φιλῇ
869 3434 1004 3497 φιλεῖται,
1022 3433 1151 3499 pluraliter
1169 3427 1334 3495 φιλούμεθα
1352 3436 1496 3497 quintode

201 3509 360 3574 φιλοῦνται.
