3346 5498
681 373 917 437 COMMENTVM
1385 379 1447 443 311

1264 499 1285 541 p.
1299 488 1388 529 tat-tu
1402 486 1424 528 1.

158 580 228 640 ergo
251 563 372 623 omniuo
395 570 466 622 tuuc
489 569 533 623 est
553 563 657 630 ironia,
674 563 940 643 quotienscumque
955 565 1017 625 sola
1033 567 1234 644 pronuntiatio
1251 568 1321 629 lacit
1335 567 1448 628 discre-

159 665 266 726 tionem
296 663 341 724 vel
368 666 569 725 corrhrmantis
598 663 643 724 vel
667 665 811 742 negantis
858 664 1036 744 antiphrasis
1063 673 1107 726 est
1128 669 1216 727 unius
1237 667 1319 728 verbi
1341 669 1447 739 ironia,

158 767 182 827 si
202 766 283 828 dieas
310 765 436 834 bellum,
461 766 539 846 quod
568 784 629 827 non
651 776 695 827 est
717 765 842 835 bellum,
871 766 986 836 lucum,
1010 767 1088 847 quod
1111 786 1170 829 uon
1193 768 1302 839 luceat,
1327 770 1446 841 Parcae,

159 868 235 947 quod
260 887 318 929 non
340 877 471 949 parcant.
509 867 617 946 Aquilo
640 876 744 928 ventus
767 868 803 928 ab
826 867 881 929 bac
902 869 1018 929 ratione
1041 869 1139 931 dictus
1162 879 1215 938 est,
1239 871 1319 950 quod
1343 890 1447 952 aquam

121 984 145 1024 5
160 988 216 1031 noa
239 971 324 1039 lacit,
346 971 536 1031 serenitatem
559 971 638 1030 enim
661 971 743 1038 lacit,
773 987 789 1030 e
812 971 970 1031 conhario.
1016 973 1150 1050 aenigma
1174 980 1234 1042 est,
1263 992 1320 1053 quo
1342 973 1449 1036 ludunt

160 1074 246 1134 etiam
267 1069 382 1152 parvuli
403 1073 482 1132 iuter
503 1090 544 1139 se,
568 1071 686 1152 quando
708 1071 762 1131 sibi
787 1080 957 1152 proponunt
979 1074 1230 1152 quaestiunculas,
1254 1094 1328 1155 quas
1349 1074 1448 1136 nullus

160 1173 308 1253 intellegit.
353 1173 401 1234 dic
422 1172 504 1242 mibi,
528 1174 598 1251 quid
623 1182 667 1234 est
689 1173 754 1240 hoc,
781 1182 826 1234 est
848 1173 991 1254 quaedam
1014 1173 1072 1235 lilia
1095 1177 1198 1235 matris
1221 1184 1250 1236 et
1271 1185 1367 1238 mater
1390 1177 1448 1238 ulta

154 1283 201 1337 est
222 1274 299 1337 tiliae
320 1277 410 1336 suae?
434 1275 491 1335 hoc
514 1277 564 1355 qui
586 1283 684 1356 potest
705 1272 889 1353 intellegere,

308 1384 402 1438 mater
424 1395 472 1438 me
494 1379 604 1455 genuit,
629 1376 730 1438 eadem
755 1395 822 1437 mox
843 1377 976 1456 gignitur
999 1396 1034 1438 ex
1056 1382 1124 1439 me?

108 1487 150 1531 10
159 1481 292 1558 aenigma
308 1487 366 1548 est;
389 1477 447 1540 hoe
462 1486 559 1540 autem
575 1479 735 1557 siguificat,
759 1495 863 1556 aquam
880 1477 974 1540 soluta
990 1478 1084 1559 glaeie
1106 1500 1193 1560 posse
1208 1485 1371 1562 procreari,
1394 1485 1448 1545 ite·

155 1599 220 1643 rum
247 1583 341 1659 ipsam
369 1599 476 1659 aquam
505 1588 636 1642 coactam
663 1579 787 1658 glaciem
816 1599 904 1660 posse
932 1582 1039 1643 lacere.
1091 1601 1163 1661 ergo
1192 1591 1221 1644 et
1249 1583 1286 1645 de
1314 1604 1389 1665 aqua
1417 1588 1451 1646 lit

150 1682 273 1760 glacies,
297 1690 326 1743 et
348 1681 385 1743 de
406 1684 469 1762 ipsa
491 1682 585 1761 glacie
607 1684 639 1743 ht
661 1701 746 1761 aqua.
775 1683 911 1761 aenigma
934 1691 980 1744 est
994 1682 1060 1745 hoc.
1091 1683 1318 1748 charientismos
1341 1686 1448 1748 dicitur

151 1791 261 1866 tropus
283 1786 333 1863 qui
356 1792 490 1846 versatur
513 1786 601 1846 etiam
630 1783 709 1864 apud
736 1783 930 1845 scholasticos
952 1785 1201 1862 frequentissime.
1247 1787 1320 1849 dicit
1342 1787 1449 1869 aliquis

145 1887 207 1949 ‘da
231 1888 365 1956 vinum',
390 1894 420 1946 ει
441 1886 513 1946 dicit
534 1886 577 1947 illi
600 1906 702 1948 servus
724 1904 796 1947 suus
818 1884 1001 1957 ‘abundat',
1025 1887 1083 1948 boc
1105 1889 1246 1949 estnihil
1270 1889 1366 1952 habet.
1398 1898 1450 1951 aut

104 1996 127 2037 ⁶
146 1998 226 2070 puta
248 1989 321 2050 dicit
343 1988 397 2050 ‘da
421 1992 569 2061 acetum';
592 1989 680 2068 quod,
703 1989 771 2067 quia
793 2006 927 2049 amarum
941 1990 988 2058 sit,
1012 2007 1072 2050 non
1087 1989 1167 2059 dicit,
1190 1990 1242 2051 sed
1265 1991 1320 2052 ‘da
1339 1991 1447 2053 duloe’.

146 2091 380 2153 charientismos
396 2099 450 2160 est,
467 2091 603 2169 quotiens
620 2110 635 2150 e
652 2091 801 2150 contrario
824 2090 957 2151 dicimus.
989 2088 1132 2152 habemus
1148 2094 1238 2153 etiam
1253 2093 1331 2174 apud
1347 2103 1448 2156 aucto·

150 2214 204 2256 ros
226 2193 296 2254 hoe:
328 2211 397 2254 ecce
419 2191 561 2253 habemus
582 2195 613 2253 in
636 2193 765 2260 Afranio,
788 2193 953 2269 interrogat
974 2211 1092 2253 servum
1115 2192 1289 2255 adulescens
1306 2191 1311 2277 Ι
1328 2200 1448 2256 ‘num-

151 2298 237 2379 quis
259 2314 313 2356 me
335 2296 559 2374 quaesivit‘i’
583 2304 613 2355 et
634 2293 683 2355 ille
705 2312 808 2354 servus
829 2292 991 2373 respondet
1013 2293 1123 2356 ‘bona
1145 2297 1332 2367 lortuna',
1357 2297 1384 2358 id
1405 2308 1450 2359 est

155 2397 270 2468 nullus;
303 2399 386 2475 quasi
413 2415 476 2457 rem
507 2395 609 2457 duram
639 2396 719 2457 dictu
747 2397 847 2456 mitius
875 2395 958 2456 dixit.
1004 2414 1063 2473 quo
1085 2397 1175 2458 modo
1198 2397 1302 2458 dieunt
1323 2397 1449 2460 Rouraui

103 2507 134 2546 ῑ·
157 2503 350 2579 ‘ignoscente
372 2496 491 2559 calciavi
516 2516 563 2558 me
571 2502 591 2580 ',·
625 2498 850 2559 charientismos
873 2507 918 2559 est
939 2507 969 2559 et
983 2500 1014 2559 in
1031 2497 1095 2559 aliis
1110 2499 1210 2568 rebus,
1227 2519 1315 2580 quem
1331 2500 1369 2560 ad
1383 2520 1447 2560 mo·

156 2602 225 2663 dum
250 2600 411 2681 loquuntur
433 2600 519 2679 plane
542 2601 680 2679 quoniam
706 2599 743 2660 de
765 2601 818 2660 ista
847 2598 994 2661 redeunt
1020 2601 1187 2661 invenimus
1209 2601 1287 2681 apud
1311 2609 1449 2663 auctores

156 2702 213 2766 tale
236 2702 357 2781 aliquid¹
375 2704 502 2782 positum
531 2712 560 2763 et
588 2701 644 2761 alia
667 2701 834 2763 elocutione
857 2702 999 2780 positum,
1030 2721 1088 2782 qua
1117 2701 1279 2783 loquimur:
1319 2711 1352 2764 ut
1377 2711 1449 2784 puta

157 2825 215 2887 quo
243 2805 332 2867 modo
360 2805 462 2866 dicunt
488 2803 676 2864 honestiores
702 2805 749 2864 isti
779 2803 1000 2880 ‘ignoscente'.
1046 2805 1117 2883 quin
1140 2806 1231 2866 immo
1260 2804 1339 2885 quod
1361 2804 1449 2884 vulgo

157 2908 274 2978 dicunt,
298 2927 357 2968 non
381 2916 425 2968 est
448 2909 526 2968 enim
547 2906 684 2966 latinum:
708 2905 760 2966 sed
783 2924 841 2985 quo
863 2890 952 2966 modo
974 2905 1089 2978 dicunt,
1119 2908 1220 2967 ‘venia
1242 2908 1386 2975 aurium’,
1410 2925 1447 2968 an

103 3013 288 3072 25‘veniam
312 2993 456 3079 aurium',
486 3019 585 3070 utrum
607 3026 662 3087 per
688 3007 860 3078 ablativum,
890 3025 927 3067 au
955 3026 1009 3086 per
1040 3009 1260 3069 accusativum?
1284 3009 1449 3069 invenimus

158 3115 235 3174 enim
265 3114 296 3172 in
325 3131 378 3171 risu
406 3113 446 3171 ita
475 3110 574 3170 dicere
598 3128 701 3170 omnes
731 3109 865 3169 homiues
889 3108 1089 3181 honestiores,
1119 3111 1169 3189 qui
1198 3111 1297 3170 sciunt
1319 3108 1446 3170 litteras:

157 3217 237 3276 venit
258 3215 359 3295 pesclo
382 3215 432 3292 qui
454 3213 543 3272 homo
566 3213 659 3291 turpis
681 3219 766 3291 puta,
795 3212 927 3271 ‘veniam
955 3212 1070 3272 aurium
1101 3219 1234 3280 tuarum,
1265 3211 1334 3271 leno
1357 3215 1448 3272 erat'.

133 3316 233 3397 ¹apud
256 3315 429 3376 disertiores
460 3314 595 3374 lrorniuos
623 3313 733 3390 ubique
760 3331 816 3392 per
843 3314 1041 3374 accusativum
1063 3311 1205 3391 legimus:
1239 3314 1321 3373 venit
1344 3314 1446 3373 nescio

157 3421 206 3497 qui
230 3419 335 3498 turpis,
359 3418 494 3477 ‘reniam
510 3418 626 3476 aurium
644 3424 758 3476 tuarum
768 3421 787 3483 ',
811 3423 844 3474 ut
865 3412 1075 3474 subaudiamus
1098 3414 1261 3493 ‘inploro',
1285 3423 1318 3476 nt
1338 3412 1447 3475 subau-

116 3522 270 3583 :udiamus
292 3518 401 3599 aliquid
424 3539 478 3599 per
501 3519 708 3579 accusativum.
753 3516 802 3577 illa
826 3523 924 3576 autem
951 3515 1076 3596 simplex
1106 3524 1159 3577 est.
1203 3518 1354 3596 paroemia
1377 3536 1446 3597 pro·

157 3621 291 3684 verbium
314 3621 403 3682 latine
426 3622 543 3681 dieitur.
578 3629 646 3698 puta
670 3619 706 3678 de
729 3620 830 3679 nescio
853 3635 912 3695 quo
935 3616 1113 3698 loquebaris,
1138 3625 1168 3677 et
1188 3615 1286 3680 subito
1309 3620 1446 3688 venitis,

157 3725 230 3786 dicis
252 3732 283 3784 tu
307 3724 408 3803 ‘lupus
430 3724 460 3782 in
484 3721 617 3783 tabula’:
650 3723 751 3782 nescio
773 3722 823 3800 qui
845 3719 938 3781 voluit
960 3719 1104 3782 molestus
1127 3739 1192 3780 esse
1215 3727 1244 3780 et
1265 3739 1370 3782 caesus
1393 3728 1446 3791 est,
1527 3717 1530 3729 '

156 3827 229 3887 dicis
251 3834 282 3885 tu
305 3826 466 3887 ‘adversus
488 3822 647 3907 stilmulum
671 3822 799 3884 ealces':
825 3831 854 3882 et
877 3823 974 3883 omnia
997 3840 1072 3900 quae
1094 3821 1230 3901 legimus.
1272 3824 1374 3883 neseio
1397 3824 1448 3901 qui

157 3937 225 4008 puta
249 3931 296 3988 lur
319 3930 416 4007 rapuit
445 3928 543 3987 neseio
571 3923 640 4004 quid
669 3932 698 3984 et
724 3925 800 4002 lugit
828 3932 896 3985 aute
919 3924 1039 3985 domum
1068 3925 1132 3985 eius
1161 3925 1209 3984 cui
1231 3933 1386 4004 rapuerat,
1415 3931 1447 3984 tu

122 4049 146 4089 aa
158 4031 232 4091 dicis
254 4029 326 4090 illud
350 4029 427 4107 quod
451 4028 576 4106 legimus
598 4029 628 4086 iu
651 4027 801 4095 Terentio,
823 4027 889 4086 ‘ita
913 4027 1035 4104 fugias
1058 4045 1101 4086 ne
1124 4033 1277 4104 praeter
1299 4030 1447 4088 easam’.

158 4151 229 4212 ergo
251 4134 516 4212 quotienscumque
539 4132 650 4190 utimur
672 4127 852 4206 proverbiis,
877 4126 1129 4189 accommodatum
1159 4126 1250 4189 rebus
1281 4135 1311 4188 et
1332 4135 1447 4208 tempo·

160 4255 262 4262 ..-....
276 4255 369 4259 -—-,
393 4254 456 4258 Ἠ

226 4321 328 4383 hquod
348 4319 437 4367 ludunt
455 4319 529 4367 etiam
548 4316 648 4381 paruuli
668 4316 734 4365 inter
751 4332 779 4366 se
799 4316 900 4380 quaudo
920 4315 1057 4380 disponunt
1073 4314 1263 4378 questiunculas
1281 4317 1306 4364 P
1354 4313 1371 4363 6
1390 4330 1447 4378 par·
1467 4359 1474 4377 ,

158 4388 221 4457 vuli]
245 4391 339 4455 passini
355 4388 431 4438 BOS
490 4389 677 4453 ‘proponuntur
694 4385 744 4435 BS
815 4387 844 4436 11
865 4395 977 4436 coactum
995 4389 1167 4449 neperscripto
1185 4385 1343 4451 coagulatam
1362 4382 1389 4431 B

159 4462 190 4510 15
209 4461 276 4523 qnod
296 4460 368 4522 quasi
387 4473 498 4507 amarum
518 4458 551 4505 ait
569 4455 647 4506 BOS
662 4457 729 4520 quod
748 4471 804 4505 cum
823 4457 856 4504 ait
874 4470 988 4504 amarum
1007 4457 1032 4503 P
1102 4457 1132 4505 17
1154 4472 1211 4504 ecce
1232 4456 1256 4503 iu
1271 4452 1388 4501 arrlrauio
1408 4453 1446 4499 in-

156 4539 268 4594 terrogat
287 4544 388 4578 seruum
405 4528 548 4577 aduliscens
566 4526 637 4576 Nunc
656 4527 712 4588 quis
730 4543 770 4576 me
784 4526 892 4590 quaesiit
909 4524 951 4574 ille
968 4539 1057 4573 seruus
1076 4527 1141 4574 bona
1157 4524 1256 4573 fortuna
1270 4524 1295 4572 P
1344 4537 1446 4570 aerarum

157 4615 232 4650 suum
251 4599 436 4648 atloleseensC
507 4597 538 4647 18
559 4595 703 4660 quaesiitS
757 4594 934 4661 rosponditC,
954 4593 1064 4643 oncBS
1133 4595 1330 4659 20ignoseente
1348 4590 1447 4641 BSPc

157 4671 282 4732 ignoscite
298 4670 317 4718 C
335 4671 482 4734 ignoscente
502 4677 525 4716 te
541 4667 725 4716 Lindemannna
804 4665 909 4713 salviani
923 4679 992 4717 corr.
1011 4665 1116 4714 calciaui
1135 4668 1160 4714 P
1244 4672 1269 4711 ct
1287 4677 1333 4713 orn.
1352 4660 1378 4709 B

156 4740 189 4790 ‘tl
211 4741 287 4804 plana
306 4742 337 4791 P.
361 4740 473 4800 fortasse
492 4738 582 4803 plaiae,
604 4738 722 4798 quoniam
741 4738 773 4785 de
792 4736 840 4783 iste
862 4750 889 4783 re
913 4733 1058 4793 dubitatur,
1084 4734 1227 4785 invenimus
1246 4731 1314 4796 apud
1332 4740 1447 4780 auctores

156 4811 206 4860 tale
226 4810 321 4872 aliquid
341 4811 461 4873 positum,
482 4820 505 4858 et
522 4809 572 4856 alia
587 4807 729 4857 elocutione
749 4806 858 4871 positum
873 4819 947 4868 quam
966 4804 1093 4866 loquimur
1161 4802 1195 4852 23
1212 4804 1274 4865 quiu
1292 4802 1369 4850 immo
1386 4816 1447 4864 quo·

157 4881 226 4929 niam
245 4880 323 4944 uulgo
343 4881 429 4928 dicunt
445 4895 493 4929 nou
510 4890 549 4928 est
566 4878 672 4926 latinum
688 4879 713 4926 P
779 4875 814 4927 35
834 4876 858 4924 iu
878 4871 1006 4941 Terentio]
1029 4875 1129 4927 Plione.
1146 4873 1169 4922 V
1187 4871 1246 4932 23
