3346 5498
734 366 803 426 ARS
1348 361 1409 427 531

121 554 183 618 hac
212 574 289 617 vero
316 559 386 615 arte
413 550 519 614 aliena
545 557 620 614 sunt
649 548 765 613 omnia.
810 571 914 636 neque
939 548 1008 615 ulla
1035 551 1105 614 eius
1134 548 1292 615 memoria
1320 558 1412 615 cxtat

122 663 253 742 praeter
275 654 403 718 codices
426 661 563 738 excepto
585 674 649 716 11116
665 649 894 737 Neapolitano,
911 674 1006 738 quem
1022 652 1056 716 in
1072 652 1282 717 adnotatione
1302 675 1333 738 p.
1349 652 1411 716 527

121 757 281 839 indicavi,
304 756 365 820 sub
388 755 484 818 linem
507 751 610 840 quinti
633 752 750 816 docimi
773 752 896 819 saeculi
919 755 1068 839 scriptos.
1105 754 1234 819 etiamsi
1256 755 1357 839 igitur
1379 763 1412 818 et

121 859 191 946 ipsc
225 858 308 923 liber
340 866 373 921 et
404 879 523 922 nomen
551 857 693 920 auctoris
721 857 774 920 cui
801 855 997 921 adscribitur
1025 854 1190 942 aliquanto
1219 855 1411 942 antiquioris

122 960 240 1025 aetatis
263 958 359 1024 fidem
387 957 523 1040 habeat,
551 978 648 1043 quam
670 956 875 1022 Palaemonis
897 980 968 1039 ars,
997 981 1080 1044 quac
1108 981 1173 1021 una
1194 980 1268 1022 cum
1289 955 1347 1021 illo
1370 957 1412 1021 ab

122 1061 216 1127 Italis
239 1070 272 1124 ct
294 1059 416 1144 scripta
438 1068 471 1123 et
492 1057 581 1123 edita
603 1069 668 1143 est,
696 1068 806 1124 tamen
832 1082 873 1124 nc
900 1059 976 1125 huic
998 1060 1130 1146 quidem
1152 1058 1235 1124 libro
1258 1059 1412 1124 maiorem

123 1164 349 1228 auctoritatem
372 1161 491 1226 tribuo.
522 1172 588 1226 tam
612 1160 714 1226 multa
735 1163 820 1229 enim
844 1171 876 1226 et
898 1161 932 1225 in
954 1160 1197 1227 delinitionibus
1221 1162 1307 1225 etin
1331 1159 1412 1224 divi-

125 1266 273 1330 sionibus
302 1264 444 1349 partium
471 1262 626 1328 orationis
656 1264 743 1328 etin
766 1264 875 1329 verbis
898 1264 1016 1351 quibus
1039 1273 1214 1350 praecepta
1235 1264 1316 1327 artis
1340 1261 1413 1327 effe-

124 1377 240 1432 runtur
267 1376 299 1430 et
327 1365 361 1428 in
388 1387 506 1450 genere
534 1364 696 1429 tractandi
722 1389 742 1430 a
770 1387 859 1431 more
893 1367 1100 1452 antiquorum
1129 1365 1415 1449 grammaticorum

125 1468 337 1548 dissentiunt,
361 1476 398 1532 ut
420 1466 559 1531 recentis
583 1469 691 1553 potius
714 1490 811 1554 quam
839 1468 959 1534 vetoris
988 1468 1154 1554 scriptoris
1184 1487 1315 1530 manum
1341 1487 1416 1551 pro·

126 1572 214 1635 dant.
259 1568 347 1656 quod
380 1590 575 1655 quamquam
608 1569 816 1634 manifestum
847 1593 920 1635 esse
953 1580 1032 1657 puto
1063 1571 1118 1632 uni
1151 1569 1281 1654 cuique,
1313 1566 1415 1650 siquis

126 1673 205 1737 haec
226 1693 300 1736 cum
322 1671 361 1735 iis
384 1692 468 1756 quae
490 1669 531 1734 de
553 1671 669 1735 iisdem
692 1672 790 1737 rebus
817 1693 836 1735 a
858 1671 1023 1737 veteribus
1051 1670 1273 1756 grammaticis
1296 1667 1416 1734 tradita

126 1786 202 1839 sunt
228 1794 406 1859 conparare
433 1772 598 1855 voluerit,
628 1783 738 1837 tamen
766 1796 830 1838 non
857 1770 947 1837 nulla
972 1796 1055 1860 quae
1083 1772 1145 1837 huo
1169 1771 1330 1858 pertinent
1351 1793 1416 1834 non

126 1878 288 1942 distinctis
311 1873 496 1959 generibus,
520 1874 577 1938 sed
601 1875 747 1939 ordinem
770 1873 846 1939 libri
868 1883 997 1938 secutus
1019 1875 1054 1939 in
1076 1897 1139 1937 uno
1162 1882 1338 1958 conspeetu
1360 1893 1416 1959 po-

126 2003 217 2060 nam,
241 2002 273 2064 p.
298 1976 572 2040 messeanam
596 1984 764 2056 pereqriua
791 1983 931 2050 namium
962 1976 1007 2040 ib.
1031 1982 1148 2057 syllaba
1175 1988 1218 2039 est
1244 1980 1415 2039 litterarum

127 2090 205 2146 iuter
234 2102 264 2144 se
291 2084 459 2143 coeuntium
487 2100 550 2142 vva
577 2085 719 2143 iunctura
726 2105 737 2151 ;
765 2101 797 2165 p.
823 2078 903 2142 1726
931 2079 1083 2164 exempla
1105 2076 1307 2161 syllabarum
1329 2076 1417 2161 posi·

127 2186 213 2249 tione
246 2181 415 2265 longarum
449 2180 624 2243 inaximam
654 2190 780 2266 partem
807 2179 939 2245 diversa
965 2182 1006 2245 ab
1034 2181 1073 2244 iis
1102 2202 1182 2266 quos
1211 2178 1417 2264 grammatici

128 2306 246 2372 ponere
268 2292 506 2347 consueverunt
529 2282 639 2365 (certis
663 2283 748 2346 enim
771 2292 803 2347 et
824 2306 887 2348 usu
908 2282 1036 2347 traditis
1053 2280 1209 2368 exemplis
1231 2281 1266 2345 in
1280 2280 1342 2346 hoc
1364 2304 1417 2365 gc-

128 2385 274 2451 uersuti
296 2382 429 2466 solent),
452 2406 518 2448 non
540 2383 629 2448 nulla
652 2407 728 2450 vcro
751 2387 849 2450 etiam
871 2383 967 2471 plano
989 2407 1143 2473 perversa
1165 2393 1257 2467 sunt,
1280 2408 1311 2471 p.
1337 2385 1417 2448 1728

127 2498 157 2553 iv
181 2493 286 2568 quibus
315 2490 427 2549 duobus
450 2489 698 2564 frequentissime
726 2495 917 2568 comparatio
943 2502 971 2552 et
996 2494 1163 2570 superlatio
1185 2498 1356 2567 spectatum
1385 2509 1417 2571 p.

130 2592 210 2655 1729
237 2612 277 2654 ex
306 2593 362 2653 lioe
389 2610 476 2651 sensu
503 2601 563 2662 est;
591 2589 637 2653 ib.
663 2612 723 2654 vna
751 2596 955 2670 appellatione
979 2611 1036 2670 per
1058 2611 1158 2655 omues
1180 2592 1326 2653 articulos
1346 2595 1417 2667 effe-

128 2684 253 2765 rimtur;
277 2715 308 2777 p.
335 2691 415 2754 1730
433 2696 545 2769 positio
566 2704 610 2755 est
631 2714 691 2770 qua
712 2702 878 2772 spectatur,
901 2704 1000 2757 utrmu
1023 2698 1245 2770 interroqativa
1266 2695 1327 2753 siut
1343 2710 1417 2768 pru

129 2802 249 2859 vervina
271 2830 312 2838 —
335 2804 388 2856 aut
408 2799 583 2872 responsiva
604 2832 646 2841 -
669 2805 722 2859 aut
742 2801 935 2873 seqreqativv
957 2833 997 2842 —
1021 2805 1074 2858 avt
1090 2799 1264 2874 privativas
1288 2814 1319 2876 p.
1338 2791 1416 2853 1731

126 2906 246 2975 tiqurve
267 2909 335 2959 suut
356 2907 483 2975 septem,
507 2901 650 2975 simplex,
676 2909 707 2959 ut
727 2903 810 2978 teqo,
834 2903 1016 2976 composita,
1040 2908 1071 2960 ut
1093 2902 1210 2971 releqo,
1235 2897 1417 2967 inchoativa,

130 3012 161 3062 ut
183 3003 315 3074 calesco,
336 3001 585 3075 frequentativa,
604 3009 636 3061 ut
656 3004 774 3075 lectito,
805 3002 1023 3073 desiderativa,
1049 3008 1080 3060 ut
1102 3001 1247 3071 dormito,
1271 3001 1418 3074 imperso-

130 3109 223 3178 nalis,
248 3113 280 3164 vt
298 3106 382 3179 piqet
404 3104 519 3175 taedet,
548 3108 578 3161 et
599 3104 725 3162 alterius
744 3102 884 3176 formae,
915 3111 947 3164 ut
967 3109 1079 3175 statur,
1106 3117 1288 3178 paraqoqa,
1312 3107 1344 3160 ut
1361 3099 1418 3172 sa-

130 3226 211 3267 16616
233 3210 346 3266 lacesso
368 3221 509 3281 capesso;
537 3199 583 3264 ib.
606 3211 716 3279 quartu
745 3202 976 3284 (coniugatio),
1003 3221 1070 3265 eum
1099 3206 1159 3263 alio
1181 3203 1310 3279 quolibet
1331 3203 1419 3263 modo

130 3312 249 3371 verdum
282 3311 425 3383 effertur,
461 3315 492 3366 ut
525 3307 616 3365 odisti
645 3308 820 3375 memim'sti;
852 3325 884 3388 p.
909 3302 990 3366 1732
1020 3307 1165 3366 adverbia
1190 3309 1267 3378 liunt
1298 3339 1331 3347 —
1366 3311 1419 3365 aut

130 3413 259 3482 elective,
284 3418 316 3468 vt
333 3410 445 3483 potius,
470 3416 523 3467 (rut
544 3409 715 3481 discretive,
740 3418 771 3469 ut
793 3425 939 3480 seorsum,
965 3417 1018 3468 aut
1039 3411 1268 3483 eouqreqative,
1298 3415 1330 3467 ut
1357 3425 1419 3468 una

126 3515 246 3587 pariter
267 3512 370 3584 simul,
394 3518 447 3568 aut
469 3511 663 3585 declinative,
692 3519 723 3569 ut
741 3509 900 3581 funditus·
923 3506 968 3570 ib.
992 3513 1123 3584 qualitas
1145 3520 1172 3569 et
1193 3512 1345 3585 quantitas
1368 3526 1419 3569 ae·

131 3614 235 3671 ciduut
258 3611 410 3684 adverbio,
434 3628 501 3671 eum
524 3619 577 3671 avt
599 3613 736 3672 absoluta
750 3618 820 3671 suut
839 3613 999 3685 adverbia,
1024 3619 1056 3671 ut
1078 3613 1150 3671 deve
1172 3613 1242 3684 alte,
1267 3621 1320 3671 aut
1341 3629 1418 3671 eom-

128 3714 281 3789 parvtiva,
307 3718 338 3771 ut
359 3714 463 3773 melius
485 3715 590 3784 altius,
616 3722 670 3773 aut
690 3715 890 3791 superlativa,
916 3722 948 3774 ut
969 3716 1079 3790 optime
1100 3715 1259 3782 altissime;
1281 3731 1313 3794 p.
1338 3710 1420 3773 1733

133 3819 175 3875 vis
195 3821 254 3886 est,
277 3831 343 3873 eum
366 3823 419 3874 aut
440 3817 657 3891 complectendi
675 3824 745 3877 suut
765 3817 989 3877 coniunctiones
1008 3849 1040 3857 —
1060 3823 1113 3875 eut
1135 3817 1293 3891 repetendi
1305 3848 1347 3860 -
1368 3824 1421 3876 aut

132 3920 598 3980 1111611111-(1111661166111111111
621 3952 660 3961 -
683 3927 736 3979 aut
762 3920 948 3979 eonneaivve
967 3927 1037 3978 sunt
1059 3919 1284 3978 coniunctiones
1310 3952 1344 3961 —
1368 3927 1422 3979 aut

131 4021 367 4093 siqverveaivae;
395 4038 427 4100 p.
452 4016 534 4081 1734
561 4015 601 4080 (16
629 4015 925 4102 praepositionibus
954 4022 1127 4081 accusativo
1154 4029 1252 4080 autem
1280 4024 1422 4082 adverae

128 4124 305 4198 plerumque
334 4124 543 4182 adverbiorum
572 4125 630 4181 vim
657 4122 782 4192 labeum
810 4141 842 4204 p.
867 4118 949 4184 1736
976 4124 1143 4183 interiectio
1165 4130 1269 4183 est-
1293 4132 1346 4184 aut
1367 4141 1421 4183 re-

128 4224 278 4296 fectionis,
304 4232 336 4282 ut
357 4243 445 4285 evax.
490 4221 524 4283 in
553 4221 613 4284 hoe
641 4219 740 4304 igitur
767 4220 808 4284 ab
838 4219 1077 4306 antiquioribus
1105 4220 1326 4305 grammaticis
1356 4220 1421 4283 dis-

134 4344 232 4385 sensu
255 4343 319 4384 non
343 4323 439 4386 debet
461 4344 612 4408 magnam
634 4323 702 4386 vim
723 4321 844 4387 habere
867 4321 955 4408 quod
977 4323 1138 4409 quaedam
1161 4345 1249 4404 sane,
1273 4345 1356 4408 quae
1378 4320 1420 4384 ab

133 4423 315 4508 antiquiore
341 4425 497 4489 memoria
524 4424 652 4510 possint
677 4433 855 4512 propagata
883 4423 1005 4508 videri,
1032 4425 1066 4489 in
1093 4423 1154 4489 hoc
1185 4423 1269 4489 libro
1299 4425 1421 4508 scripta

133 4535 217 4589 sunt.
248 4548 324 4590 nam
347 4526 425 4591 nihil
449 4549 490 4590 ex
516 4527 577 4590 hoc
599 4549 717 4612 genere
740 4535 802 4609 est,
825 4526 912 4614 quod
935 4550 1001 4591 non
1017 4525 1059 4591 ab
1075 4526 1148 4591 aliis
1164 4546 1292 4614 quoque
1314 4546 1419 4607 gram·

133 4629 272 4708 matteis,
295 4629 330 4692 in
352 4628 464 4715 primis
480 4629 586 4693 Mario
609 4640 643 4693 et
657 4629 801 4694 Maximo
816 4629 1003 4710 Victorino,
1026 4651 1106 4715 quos
1130 4629 1269 4714 scriptor
1291 4637 1420 4692 secutus

134 4751 204 4792 esso
232 4731 376 4814 videtur,
405 4731 557 4795 traditum
587 4731 639 4796 sit.
685 4754 763 4817 ergo
793 4732 820 4794 si
847 4753 961 4796 verum
989 4740 1055 4812 est,
1083 4730 1171 4817 quod
1198 4728 1328 4815 quidem
1355 4751 1419 4792 uno

133 4829 339 4916 Neapolitani
366 4833 485 4899 codicis
512 4835 696 4899 testimonio
725 4843 866 4916 constat,
894 4835 960 4899 iam
987 4832 1158 4899 undecimo
1187 4829 1316 4898 saeculo
1345 4833 1420 4901 huic
