3346 5498
763 389 834 451 ans
1034 374 1041 381 '
1403 386 1442 449 al

1251 510 1271 550 p.
1287 496 1418 537 umam.

158 578 291 659 qualitate
316 577 484 644 verborum,
508 579 575 657 quia
597 575 808 655 intelleguntur
823 576 976 654 participia
1000 595 1035 635 ex
1052 577 1160 656 quibus
1176 576 1275 637 verlris
1297 578 1442 637 oriuntur.

157 683 287 741 oriuntur
315 687 414 741 autem
442 697 477 739 er
507 679 643 740 omnilms
671 685 737 737 octo
763 674 951 755 qualitatibus
981 678 1153 748 verborum,
1183 681 1250 758 quia
1279 686 1345 739 octo
1376 687 1445 739 sunt

156 781 309 863 qualitates
326 779 369 842 rel
392 799 500 860 genera
518 779 689 847 verborum,
714 777 846 839 neutrale
868 780 993 841 activum
1016 781 1163 859 passivum
1187 780 1341 860 deponens
1363 799 1443 842 com·

155 902 241 944 mune
263 884 462 944 inelroatinrm
486 881 731 960 frequentativum
755 879 941 942 defectivum.
985 881 1111 962 qualitas
1138 900 1232 959 genus
1256 890 1310 950 est,
1333 885 1444 961 signifi·

129 986 227 1050 seatio
250 986 377 1064 species.
405 982 578 1062 [verborum
607 981 718 1042 similes
746 988 822 1042 sunt.
870 983 979 1052 eultes,
1005 985 1031 1043 si
1057 985 1163 1061 recipit
1184 980 1443 1063 conlssparationem

155 1105 260 1149 nomen
284 1098 343 1155 est;
367 1087 392 1146 si
415 1095 564 1163 tempora,
589 1084 786 1163 participium,
832 1083 1028 1144 declinatione
1052 1085 1277 1156 discernuntur,
1301 1094 1333 1146 ut
1355 1087 1442 1154 visus,

155 1191 177 1249 si
207 1196 331 1269 quartae
361 1186 567 1247 declinationis
600 1193 660 1255 est,
694 1203 802 1245 nornen
831 1195 890 1252 est:
925 1188 950 1246 si
977 1187 1142 1256 secundae,
1170 1181 1379 1271 participium].
1406 1221 1442 1231 -

156 1291 368 1352 Praesentis
394 1288 574 1367 temporis
603 1294 639 1346 et
665 1287 795 1355 interi,
825 1295 862 1347 ut
888 1287 1018 1366 legens
1047 1287 1230 1350 lecturus:
1253 1291 1284 1349 in
1308 1288 1562 1360 cornitoseeeeo

157 1389 411 1469 coniugationibus
439 1387 667 1450 custodiendum
695 1391 862 1467 praesentis
891 1391 1034 1469 temporis
1056 1392 1211 1470 participia
1234 1410 1293 1471 qno
1315 1391 1403 1452 modo
1426 1410 1446 1451 a

129 1491 322 1559 onominihus
351 1491 468 1552 distent.
514 1509 616 1551 amans
642 1489 723 1550 illins
747 1489 751 1567 l
774 1508 880 1552 nomen
903 1499 932 1552 et
954 1510 1057 1552 amans
1078 1491 1160 1552 illum
1183 1494 1379 1574 participium.
1402 1527 1446 1538 -

157 1594 192 1654 lit
218 1594 354 1662 loturi,
385 1600 423 1652 ut
450 1591 599 1653 luctans
628 1591 791 1653 luctatus
819 1593 1030 1654 luctaturus
1059 1593 1125 1672 (hoe
1149 1594 1269 1656 verbum
1293 1595 1489 1675 deponensae

157 1698 342 1776 participium
366 1695 458 1755 loturi
480 1695 625 1773 temporis
648 1693 684 1753 alr
708 1695 801 1753 activo
825 1694 977 1772 vindieat);
1007 1713 1021 1754 a
1045 1699 1230 1758 communi
1253 1705 1443 1777 quattuor,

155 1799 368 1877 praesentis
395 1797 599 1876 praeteriti
628 1805 662 1856 et
691 1795 796 1856 duum
821 1796 1046 1866 interorum,
1077 1805 1115 1858 ut
1142 1801 1348 1860 criminans
1371 1799 1445 1859 cri·

156 1901 313 1961 minatus
336 1899 605 1959 criminaturus
626 1897 895 1958 criminandus:
927 1900 1079 1977 quaeritur
1101 1908 1199 1960 uuum
1227 1907 1383 1960 sancturus
1406 1917 1443 1958 an

128 2004 320 2067 nsancitnrus
340 2000 462 2060 dicatur.
495 1999 530 2059 ad
554 2000 706 2078 praeteriti
728 2000 852 2078 perlecti
874 1999 1007 2076 regulam
1030 2000 1244 2062 recurrendum
1268 2010 1325 2062 est:
1350 2000 1387 2061 ab
1410 2019 1445 2060 eo

155 2103 225 2201 Ψ]
249 2109 295 2163 est
315 2109 436 2163 sanetus
459 2099 528 2161 tolle
551 2119 574 2168 s,
598 2100 673 2160 adde
695 2118 756 2168 rus.
779 2101 849 2160 lacit
871 2111 1038 2163 sancturus.
1070 2104 1095 2162 si
1117 2105 1263 2172 sancitus,
1288 2104 1356 2163 lacit
1378 2120 1444 2162 san-

154 2207 270 2267 citurus.
318 2203 371 2263 sed
397 2203 465 2263 ideo
496 2202 551 2262 hoc
580 2200 723 2263 debemus
751 2202 926 2281 intellegere
955 2203 991 2263 ab
1019 2205 1129 2264 activo:
1160 2206 1226 2284 quia
1257 2206 1328 2264 lacit
1350 2205 1443 2273 sanxi,

147 2307 217 2390 lacit
244 2314 380 2372 sanctus;
410 2307 436 2365 si
464 2304 577 2364 laceret
605 2305 712 2372 sancii,
741 2304 853 2365 laceret
880 2307 1021 2374 sancitus:
1051 2306 1102 2367 sed
1132 2307 1201 2367 lacit
1228 2306 1326 2374 sanxi,
1356 2324 1444 2385 ‹puam

131 2409 251 2469 ,sancii
298 2413 435 2468 mortuus
463 2413 561 2465 tamen
590 2405 646 2466 hoe
673 2405 768 2467 solum
796 2414 899 2468 eontra
927 2406 1058 2487 regulam
1082 2408 1168 2468 istam
1191 2415 1350 2487 repugnat,
1375 2408 1443 2486 quio

126 2527 209 2577 „non
231 2509 304 2569 lacit
327 2515 460 2568 mortuns
482 2516 665 2578 mortuorus,
689 2508 741 2568 sed
764 2510 835 2569 lacit
856 2511 1025 2571 moriturus.
1042 2542 1085 2553 -
1107 2508 1298 2570 Delectiva
1322 2511 1442 2570 inter·
1456 2522 1545 2582 asne

155 2609 232 2670 dum
259 2608 428 2670 alicuius
457 2617 545 2669 sunt
572 2611 766 2688 temporis,
796 2607 801 2690 Ι
832 2618 870 2672 ut
898 2610 999 2671 soleo
1027 2610 1154 2671 solens
1181 2610 1333 2672 solitus:
1364 2610 1445 2671 soleo

155 2720 284 2792 tempore
318 2712 479 2790 praeterito
506 2710 639 2789 perlecto
668 2731 722 2772 nec
745 2711 822 2773 solui
845 2714 913 2773 lacit
936 2720 965 2772 et
986 2713 1088 2774 loturo
1110 2721 1243 2792 tempore
1262 2721 1360 2781 caret:
1384 2731 1445 2773 non

154 2814 217 2875 lacit
244 2812 395 2875 solendus.
441 2812 489 2872 odi
516 2822 614 2874 autem
641 2812 751 2874 lectum
780 2821 824 2874 est
851 2823 880 2874 et
908 2833 976 2875 osus
999 2822 1028 2874 et
1050 2833 1173 2883 osorus;
1202 2815 1253 2875 sed
1285 2814 1332 2875 hie
1355 2813 1479 2874 Tullii·
1521 2864 1524 2868 ,

154 2925 259 2995 pugnat
281 2916 452 2976 auctoritas.
481 2949 522 2959 -
551 2915 685 2976 Notanda
709 2923 754 2975 est
776 2914 832 2976 alia
855 2915 1027 2985 declinatio,
1058 2935 1116 2997 qno
1138 2917 1227 2978 modo
1250 2918 1444 2996 partieipiao
1527 2928 1528 2933 ’

127 3017 321 3089 acuminibus
348 3025 538 3095 separentur,
568 3026 600 3077 ut
628 3016 664 3078 ab
693 3036 728 3076 eo
756 3017 834 3098 quod
863 3026 907 3078 est
934 3036 1049 3088 amane,
1078 3022 1103 3080 si
1124 3021 1260 3097 genetivo
1282 3018 1445 3079 armantium

154 3120 231 3189 lacit,
257 3119 447 3199 participium
470 3126 528 3185 est;
551 3120 576 3178 si
599 3128 760 3188 amantum,
786 3138 904 3180 nomen.
926 3153 960 3163 -
985 3120 1026 3178 Vt
1048 3120 1090 3180 al)
1113 3119 1271 3200 eoquod
1296 3128 1351 3180 est
1372 3135 1473 3181 mee-t

155 3223 238 3281 mini
262 3218 406 3281 nullum
429 3221 676 3299 participium
699 3222 906 3281 invenitur:
938 3223 1059 3282 memini
1088 3225 1253 3283 meminens
1276 3222 1444 3281 meminitus

155 3323 317 3391 coniecit,
342 3323 410 3398 quia
434 3324 849 3402 utroqueparticipiocnret.
890 3357 924 3367 -
960 3323 1010 3385 lb
1040 3323 1200 3403 eoquod
1231 3329 1287 3383 est
1309 3321 1472 3386 studeoe

153 3424 319 3485 studens:
343 3423 506 3483 studiturus
529 3441 588 3484 non
611 3426 688 3485 lacit.
707 3459 748 3467 -
770 3423 818 3486 tt
841 3423 1079 3504 impersonali
1104 3424 1214 3484 verbo
1237 3426 1471 3504 participiaa

126 3527 224 3591 enisi
247 3534 427 3603 usurpata
450 3543 521 3585 non
545 3528 712 3587 veniunt:
737 3526 853 3606 pudens
873 3530 1028 3607 paenitens
1051 3529 1211 3606 quaeritur,
1236 3535 1334 3587 utrum
1357 3517 1445 3587 iaciat

153 3626 187 3686 ab
207 3625 388 3706 inpersouali
412 3626 511 3687 verbo.
541 3628 702 3688 notandum
725 3629 762 3689 nb
784 3629 1026 3708 inpersoualibus
1050 3626 1147 3688 verbis
1168 3629 1323 3707 partieipia
1347 3629 1443 3688 lutura

154 3746 209 3789 non
225 3730 326 3789 venire
343 3728 399 3787 nisi
417 3735 565 3806 usurpata.
586 3732 591 3800 Ι
610 3765 651 3772 -
666 3731 848 3791 Numerus
863 3733 1081 3810 participiis
1104 3730 1246 3791 accidit
1267 3741 1472 3808 morenos

152 3829 363 3909 singularis
386 3839 422 3889 ut
444 3829 504 3890 hie
527 3829 672 3908 legens:
707 3831 860 3892 sciendum
891 3851 1078 3893 communem
1108 3851 1265 3894 cuntorum
1289 3835 1443 3912 participia

153 3932 258 3993 haltere
281 3950 342 3992 non
365 3950 461 4010 posse.

119 4066 140 4102 Β
232 4037 274 4094 Vt
297 4034 496 4094 tunicatus
523 4034 708 4111 galeatus:
739 4055 797 4095 non
827 4036 896 4095 lacit
925 4039 1025 4097 tunico
1054 4037 1155 4114 gnleo;
1180 4036 1251 4097 illud
1281 4045 1325 4096 est
1353 4037 1488 4115 parti-12

219 4274 374 4324 CedBern.
391 4271 436 4321 xit
455 4268 559 4322 {ti—7.
631 4271 808 4339 ilpnssieum]
831 4274 1044 4336 ireqnentntinum
1117 4272 1276 4341 Bnmnibns]
1299 4276 1444 4323 nominibus

218 4344 333 4392 tlaeru.
406 4343 439 4393 10
460 4357 613 4393 nomeuour.
687 4344 718 4392 li)
742 4341 834 4408 abeo]
860 4355 935 4393 uteo
1007 4345 1038 4396 18
1057 4346 1141 4395 snriesi
1164 4361 1239 4407 qurum
1259 4346 1339 4394 enneli
1409 4343 1444 4392 ‘20

150 4410 460 4476 monuorostornoros
531 4413 564 4460 22
584 4414 711 4478 praeteriti
730 4413 835 4478 perlecti
907 4413 940 4463 23
958 4415 1010 4463 odii
1081 4417 1114 4463 24
1136 4418 1222 4479 pigent
1241 4431 1310 4464 corr.
1328 4417 1440 4466 almon.

149 4493 247 4547 pugnat
316 4484 349 4531 27
369 4482 531 4530 inueniuntur
601 4483 635 4531 ’28
653 4483 743 4532 etrrdeo
763 4483 867 4532 studens
884 4484 991 4532 stridens
1008 4485 1148 4534 studiturus
1202 4485 1350 4548 impudens
1370 4494 1438 4529 taen·

147 4554 212 4601 dens
231 4553 311 4615 (corr.
326 4550 427 4615 ledeos)
447 4538 547 4615 pellitus
570 4560 651 4600 utrum
722 4552 755 4605 32
775 4553 901 4602 odeedunt
969 4555 1002 4604 35
1023 4554 1092 4619 gotio

216 4740 360 4803 dqrrnlitas
381 4741 483 4804 perieris
504 4750 542 4788 est
565 4740 728 4806 significatio.
755 4743 856 4804 speeies
876 4743 1008 4791 verlmrnm
1027 4741 1123 4789 similes
1143 4750 1200 4789 stunt
1222 4739 1359 4788 Pntnrlius.
1387 4755 1441 4784 ver-

145 4798 236 4861 lrorum
252 4811 350 4859 similes
364 4826 394 4858 ee
406 4812 534 4873 pertinere
548 4811 658 4866 uidetur,
672 4812 740 4873 quod
749 4812 945 4874 aipnifieationee
957 4813 1147 4873 participiorum
1158 4808 1374 4874 sipnifienticnilms
1387 4825 1443 4858 uer-

146 4883 243 4939 borum,
260 4897 277 4928 o
297 4879 385 4944 quidue
402 4881 525 4943 oriuntur,
540 4881 630 4929 enrrilee
649 4895 705 4930 ease
717 4881 834 4930 dicuntur
896 4881 927 4932 ll
946 4881 1050 4930 medens
1063 4881 1194 4946 poenitens
1211 4889 1293 4927 utrum
1309 4878 1443 4930 Petsrhr'us
