3346 5498
237 311 297 376 104
802 307 942 371 Ponant

262 420 408 477 ψη

236 501 315 562 illam
344 501 380 560 ad
409 499 495 561 aliam
524 498 667 568 litteram,
697 505 727 557 et
749 496 813 558 vide
836 498 903 577 quia
926 480 1051 557 non'sic
1073 505 1175 567 sonat,
1197 496 1250 558 sed
1272 499 1410 577 pinguius
1431 507 1526 568 sonat,

237 602 343 665 vulnus
372 620 470 662 nanus.
517 599 657 680 numquid
685 601 728 660 sic
756 607 844 660 sonat
870 616 962 669 uuus,
993 604 996 677 ξ
1021 599 1138 677 quaudo
1161 618 1179 659 tt
1202 599 1263 660 sola
1287 605 1350 660 est?
1378 618 1453 669 non,
1476 599 1528 660 sed

241 706 368 766 tenuiter
396 711 489 764 sonat.
535 720 624 764 tantas
652 701 769 781 qnando
797 700 879 768 dico,
907 702 1046 780 pinguior
1073 719 1163 761 sonus
1190 709 1245 762 est.
1288 701 1431 782 numquid
1455 700 1530 763 dicis

237 827 256 868 ιι
279 825 294 866 a
319 807 390 866 nus?
418 823 490 882 ergo
519 802 600 863 tides
631 805 715 882 quia,
743 805 769 863 si
791 811 941 882 ponantur
961 801 1055 873 solae,
1084 811 1203 864 munem
1226 822 1332 865 sonum
1355 803 1480 872 babent,
1504 805 1530 864 si

238 911 398 985 iungantur
422 905 457 966 acl
480 904 552 967 alias
574 904 700 974 litteras,
724 907 850 984 pingues
871 912 986 965 sonant.
1009 903 1145 965 similiter
1168 913 1196 965 et
1217 907 1227 965 i
1250 907 1293 967 sic
1314 908 1434 985 patitur.
1457 908 1556 975 itur,s

239 1029 308 1071 eece
330 1009 449 1069 tenuius
471 1015 570 1076 sonat;
594 1010 619 1066 si
642 1006 723 1067 dicas
745 1006 853 1076 Titius,
877 1008 1017 1086 pinguius
1038 1015 1124 1067 sonat
1146 1015 1175 1067 et
1197 1007 1295 1086 perdit
1315 1027 1421 1070 sonum
1444 1027 1531 1070 suurn

239 1119 269 1171 et
295 1111 405 1190 accipit
433 1107 561 1170 sibilum.
607 1125 678 1187 orgo
706 1127 764 1188 quo
793 1107 881 1169 modo
910 1107 1003 1174 dixit,
1029 1116 1135 1169 sonant
1163 1109 1292 1178 mediae,
1321 1108 1350 1169 id
1379 1119 1423 1170 est
1451 1109 1531 1190 quod

238 1212 318 1274 solae
340 1212 424 1273 aliter
447 1218 567 1278 sonant,
591 1208 676 1270 aliter
699 1212 832 1276 iunctae,
855 1210 966 1271 idcireo
991 1209 1129 1271 dicuntur
1151 1211 1280 1281 mediae,
1304 1213 1443 1292 quoniam
1466 1230 1530 1273 me-

238 1316 320 1377 dium
352 1313 462 1375 babent
490 1330 611 1382 sonum,
635 1329 690 1371 neo
713 1311 877 1373 naturalem
901 1330 956 1372 nec
979 1314 1142 1392 proprium.
1187 1322 1258 1373 sunt
1280 1315 1367 1374 etiam
1390 1331 1467 1393 quae
1488 1312 1532 1374 di·

239 1425 346 1479 cuntur
374 1415 528 1484 idiomata,
558 1432 632 1494 (puae
660 1421 753 1476 artem
783 1433 841 1475 non
865 1413 989 1484 babent,
1013 1414 1065 1474 sed
1088 1433 1142 1475 usu
1165 1416 1368 1494 proteruntur.
1411 1423 1483 1495 puta
1506 1417 1569 1477 siro

240 1519 321 1580 tllcas
344 1519 442 1578 ‘venit
469 1515 589 1597 quidam
617 1517 688 1584 vir’,
713 1514 844 1597 [quando
873 1513 960 1596 dicis]
990 1514 1056 1576 illae
1084 1515 1200 1577 litterae
1223 1535 1281 1577 non
1304 1525 1418 1578 sonant.
1464 1536 1532 1579 narn

240 1617 404 1681 naturalem
428 1617 538 1679 babent
560 1634 675 1678 sonum.
706 1635 774 1678 nam
797 1618 822 1677 si
844 1625 986 1678 sonarent
1007 1619 1088 1697 ipsae
1111 1616 1242 1689 litterae,
1267 1637 1284 1679 u
1308 1621 1334 1680 ir
1357 1619 1532 1690 diceremus,

241 1731 271 1783 et
293 1729 371 1781 esset
394 1719 457 1780 vilis
485 1737 584 1780 sonus.
627 1718 739 1780 babent
766 1719 895 1780 medium
924 1719 1070 1797 quendam
1094 1739 1214 1790 sonum,
1239 1739 1297 1781 non
1320 1719 1403 1782 illum
1426 1728 1532 1783 sonunt

241 1840 329 1901 quem
353 1821 472 1882 babent.

123 1931 228 1993 sauna
326 1924 381 1984 ista
404 1924 571 1984 communia
595 1932 665 1985 suut
686 1925 764 1985 inter
787 1932 940 2001 utramque
963 1923 1100 1984 litteram.
1145 1925 1202 1984 iam
1226 1923 1390 1994 videamus,
1414 1924 1570 2003 quaudors

123 2000 182 2128 ἒξῗζ
196 2000 228 2117 ξι
242 2026 348 2087 accidit
376 2045 393 2086 u
423 2025 538 2086 litterae
566 2033 597 2086 ut
625 2026 747 2087 omuino
776 2025 848 2086 nibil
871 2027 916 2086 sit.
962 2024 1080 2105 quando
1103 2045 1121 2086 n
1145 2025 1218 2086 nibil
1241 2027 1303 2086 est?
1325 2034 1395 2087 tunc
1417 2047 1437 2089 n
1460 2026 1534 2087 nibil

242 2129 312 2196 erit,
342 2127 406 2187 vide
435 2146 491 2206 ιιιιιι
521 2125 680 2188 subtilitate
709 2127 781 2187 nihil
810 2129 882 2194 erit,
912 2129 937 2187 si
966 2127 1046 2188 dicas
1075 2129 1268 2204 ‘quoniam’z
1304 2137 1418 2207 quet
1439 2147 1456 2188 o
1480 2137 1533 2190 est.

243 2233 296 2290 ista
321 2248 338 2289 u
361 2230 431 2309 quid
460 2231 534 2289 erit?
561 2228 687 2290 vocalis?
719 2248 777 2289 non
806 2237 912 2308 potest.
959 2247 1025 2289 nam
1054 2237 1124 2289 tunc
1152 2237 1263 2290 tantum
1295 2228 1404 2291 vocalis
1427 2239 1486 2298 est,
1509 2232 1534 2291 si

243 2329 303 2390 sola
328 2330 429 2391 luerit:
459 2329 547 2390 modo
570 2329 655 2391 alteri
678 2329 769 2392 vocali
792 2332 891 2390 iuncta
914 2339 966 2391 est.
1011 2348 1082 2408 ergo
1105 2330 1172 2391 ideo
1195 2350 1253 2391 nott
1276 2338 1462 2409 potestesse
1485 2349 1535 2391 vo·

244 2433 330 2502 calis,
355 2435 422 2510 qnia
447 2431 534 2492 babet
556 2441 622 2511 post
643 2451 674 2493 se
698 2431 845 2493 vocalem.
885 2451 955 2492 uum
978 2433 1056 2492 forte
1078 2451 1243 2493 consonans
1266 2434 1326 2493 estl
1350 2450 1405 2495 neo
1427 2451 1573 2494 conso-ao

244 2553 318 2596 nans
341 2541 393 2595 est.
426 2536 535 2614 quaro?
558 2535 627 2612 quia
650 2552 709 2594 non
733 2542 777 2594 est
800 2535 889 2612 prior.
922 2551 993 2613 ergo
1010 2543 1115 2594 utnon
1131 2537 1170 2595 sit
1191 2534 1298 2595 vocalis
1320 2534 1369 2594 illa
1390 2534 1535 2604 reslacit,

244 2639 310 2716 quia
333 2637 431 2696 iuncta
455 2644 500 2694 est
521 2634 606 2695 alteri
629 2633 737 2703 vocali;
762 2643 875 2696 utnon
898 2638 935 2696 sit
957 2654 1122 2697 consonans
1143 2636 1191 2697 illa
1215 2655 1263 2697 res
1285 2638 1362 2706 lacit,
1385 2638 1453 2714 quia
1476 2655 1537 2698 non

245 2747 290 2799 est
312 2739 404 2818 prior.
448 2737 486 2797 ita
515 2739 547 2797 fn
573 2745 605 2798 ut
633 2755 687 2798 nec
716 2737 823 2800 vocalis
850 2740 888 2798 sit
911 2757 965 2799 nec
988 2756 1162 2800 consonans.
1209 2755 1280 2817 ergo
1303 2736 1375 2799 nibil
1398 2740 1467 2798 erit.
1512 2739 1537 2798 si

246 2839 316 2900 nihil
341 2840 410 2907 erit,
435 2838 503 2917 quid
527 2837 616 2898 babet
639 2842 723 2899 esset
746 2838 828 2899 nibil.
859 2857 949 2916 qnare
972 2857 1044 2918 ergo
1066 2839 1108 2899 ibi
1131 2839 1289 2900 scribitur?
1311 2847 1433 2920 propter
1455 2839 1536 2900 illam

245 2959 377 3007 causant,
402 2941 469 3017 quia
493 2958 561 3020 pars
584 2947 628 2999 est
650 2939 763 3001 litterae
786 2940 1000 3019 praecedentis.
1031 2959 1048 3000 tt
1073 2941 1168 3000 littera
1191 2959 1261 3018 ergo
1283 2941 1460 3020 aliquotiens
1483 2923 1575 3002 nec'aa

246 3060 414 3103 consonans
443 3050 486 3102 est
513 3062 569 3103 nec
593 3040 714 3111 roralis,
743 3051 813 3102 tnnc
836 3042 953 3122 quando
976 3044 1095 3122 ponitur
1117 3045 1147 3101 in
1171 3042 1268 3103 medio
1290 3062 1309 3122 ιι
1331 3040 1538 3120 praecedentis

247 3155 276 3208 ct
298 3148 510 3225 cuiuscumque
538 3145 645 3205 vocalis
671 3146 835 3224 sequentis,
866 3151 899 3204 ut
921 3144 945 3204 si
967 3143 1048 3203 dicas
1077 3145 1226 3224 quoniam.
1272 3143 1390 3225 qnando
1412 3142 1538 3205 dicimus

247 3251 400 3331 qtrottiam,
430 3266 489 3328 qu
513 3253 542 3306 ct
564 3267 582 3307 o
605 3255 657 3307 est.
703 3267 722 3307 u
750 3248 835 3307 istam
863 3245 932 3325 quid
956 3245 1105 3306 dicemus?
1134 3245 1263 3308 vocalem
1287 3265 1347 3307 non
1368 3264 1536 3325 possumus,
1572 3267 1574 3272 ¹

248 3354 315 3431 quia
338 3353 473 3431 sequitur
502 3347 623 3418 vocalis,
649 3357 678 3409 et
699 3349 834 3428 quotiens
854 3347 962 3408 vocalis
984 3349 1133 3424 sequitur,
1158 3351 1262 3408 transit
1290 3351 1320 3409 in
1348 3349 1539 3409 consonantis

248 3461 433 3533 potestatem.
478 3469 533 3511 nec
556 3468 723 3510 consonans
747 3460 800 3519 est,
823 3452 892 3530 qnia
914 3458 986 3510 tunc
1009 3458 1055 3509 est
1076 3468 1251 3518 consonans,
1276 3448 1393 3530 quando
1415 3467 1537 3528 praece·
1551 3474 1575 3512 st

249 3554 300 3615 dit.
333 3572 403 3631 crgo
428 3570 483 3612 nec
506 3551 614 3612 vocalis
637 3560 758 3612 estnec
781 3570 960 3621 consonanS,
985 3553 1123 3630 quoniam
1148 3560 1176 3611 et
1198 3550 1288 3612 babet
1308 3558 1375 3630 post
1395 3570 1428 3611 sc
1450 3549 1537 3612 aliam

249 3655 305 3716 sibi
330 3653 459 3714 vocalem
482 3655 611 3714 iunctam
634 3662 663 3713 et
686 3671 745 3713 non
767 3655 828 3732 ipsa
852 3652 1013 3732 praecedit.
1045 3653 1115 3732 quid
1139 3670 1210 3731 ergo
1233 3651 1383 3713 dicemus?
1405 3651 1539 3714 dicemus

250 3775 315 3816 eam
343 3754 425 3815 nibil.
470 3755 544 3815 dicis
572 3753 661 3821 nibil;
693 3753 744 3814 sed
772 3762 870 3814 tamen
894 3762 937 3814 est
959 3753 1065 3815 littera.
1111 3755 1182 3834 quid
1205 3756 1260 3814 erit
1281 3755 1354 3814 ista?
1390 3773 1459 3834 pars
1481 3758 1540 3816 erit

251 3858 364 3919 litterae
387 3855 601 3936 paraecedentis.
632 3857 741 3916 etenim
764 3857 857 3935 ipsam
880 3855 1006 3916 litteram
1029 3856 1258 3937 praecedentem
1279 3862 1374 3917 sonat.
1412 3864 1441 3917 et
1462 3857 1538 3927 vide,

252 3977 339 4037 quent
366 3959 402 4018 ad
431 3957 550 4019 modum
573 3965 672 4026 sonat,
702 3964 731 4017 et
757 3958 890 4018 invenies
918 3960 1059 4035 quoniam
1081 3957 1246 4019 naturalem
1270 3977 1376 4019 sonum
1399 3957 1488 4020 babet
1511 3970 1578 4020 etas

255 4063 386 4124 istarum.
419 4059 537 4137 quando
561 4059 729 4136 dicisque,
753 4057 822 4137 quid
845 4067 929 4119 sonat
952 4061 1006 4119 nisi
1030 4077 1047 4136 ιι
1070 4069 1098 4119 et
1121 4062 1153 4120 e?
1176 4078 1247 4138 ergo
1269 4060 1338 4120 inde
1360 4061 1510 4122 invenitur
1534 4062 1538 4140 Ι

322 4248 334 4298 l
356 4249 477 4314 pinguius
496 4246 571 4296 BLa
594 4246 699 4312 pinguis
716 4245 768 4296 Ac
836 4248 850 4295 t
871 4262 933 4310 ergo
951 4261 1007 4296 eum
1029 4247 1076 4295 ltoc
1097 4247 1202 4296 dixitL
1273 4248 1304 4297 ll
1324 4260 1383 4296 nam
1399 4249 1539 4298 naturalem

255 4318 309 4369 Ab
327 4333 401 4381 quern
420 4318 558 4366 naturalem
577 4317 661 4367 Bae:
680 4330 737 4364 nant
758 4330 803 4367 ont.
823 4317 844 4367 C
896 4316 928 4366 15
947 4317 1011 4365 inter
1029 4329 1160 4380 utramque
1178 4316 1285 4367 litteram
1302 4317 1345 4367 Oa
1362 4318 1386 4366 itt
1406 4328 1540 4382 utramque

254 4390 361 4439 litteram
377 4389 401 4436 A
411 4388 434 4437 B
453 4388 567 4449 intraque
585 4387 692 4435 litteram
714 4385 737 4433 L
810 4387 839 4437 l'l
855 4401 903 4448 qua
920 4387 1057 4435 subtilitate
1072 4386 1182 4437 intulerit
1199 4387 1392 4439 [noemam.
1411 4389 1541 4438 excidisse

253 4460 350 4510 uidetur
371 4459 411 4509 aei
432 4458 542 4519 definitio
562 4459 601 4506 oet
618 4458 753 4520 exemptum
771 4474 787 4506 n
810 4458 910 4506 litterae
928 4472 973 4505 ner
998 4459 1090 4506 boemis
1109 4473 1155 4507 nec
1176 4460 1337 4507 consonantis
1352 4459 1406 4506 loco
1429 4460 1541 4520 poeitae,

254 4542 312 4579 tutto
334 4544 349 4577 tt
374 4526 436 4577 nibil
454 4528 515 4584 erit,
539 4525 641 4590 quando
660 4526 724 4574 dieis
742 4528 902 4589 ‘qnoniam’.
932 4536 956 4573 et
975 4527 1033 4574 tide
1051 4542 1099 4591 qua
1118 4529 1255 4576 subtilitate
1270 4525 1333 4575 nibil
1349 4526 1405 4588 erit,
1427 4529 1450 4576 si
1468 4529 1541 4578 dicas

252 4607 300 4650 ete.
353 4613 368 4661 ιι
389 4613 404 4646 ιι
423 4605 447 4644 et
462 4611 477 4645 o
495 4599 543 4645 ista
560 4612 576 4645 n
590 4594 639 4645 Bc
655 4612 734 4658 quero
750 4597 798 4645 ista
817 4598 870 4645 uA
880 4595 947 4659 (tta
1003 4595 1035 4646 18
1053 4612 1101 4645 non
1115 4605 1267 4662 potestesse
1283 4611 1340 4645 nam
1354 4605 1450 4647 tautum
1463 4599 1489 4647 A

254 4669 288 4719 ao
307 4683 338 4718 ne
357 4668 420 4718 forte
442 4681 585 4717 consonans
602 4676 640 4715 est
657 4666 730 4716 BCa
749 4680 780 4715 ne
796 4666 860 4715 torte
880 4680 1024 4716 consonans
1037 4677 1104 4715 esset
1123 4668 1147 4715 Α
1216 4666 1251 4716 ’29
1268 4667 1383 4729 sequitur
1398 4669 1542 4732 posteriore

253 4741 308 4789 loeo
326 4737 438 4788 onorii)
483 4735 910 4786 cottsonantiaBaconsonantium
928 4735 980 4786 Ac
1030 4735 1063 4786 34
1081 4738 1162 4803 ipsatn
1176 4736 1283 4785 litteram
1297 4737 1362 4799 AL,
1379 4753 1448 4790 corr.
1465 4740 1540 4788 ἰιιιιιιι

256 4807 280 4856 B
298 4808 407 4859 istnmC
462 4805 496 4855 bd
512 4803 571 4871 qne]
592 4804 783 4869 quaeABCL
854 4807 903 4855 nisi
921 4822 936 4869 ιι
955 4814 979 4854 et
998 4806 1079 4857 eno
1096 4807 1144 4855 uisi
1161 4820 1192 4855 na
1210 4806 1234 4854 A
1253 4807 1279 4855 ui
1299 4822 1330 4856 ue
1348 4807 1373 4856 L
