3346 5498
238 393 301 457 642
794 398 975 461 mltnoun

266 517 285 555 p.
300 508 343 546 ron.
359 508 384 546 57
399 505 424 543 V.

389 605 446 654 ne,
471 588 595 664 pueri,
618 605 663 652 ne
687 594 789 646 tanta
812 589 950 647 aninris
974 589 1185 647 assuescite
1208 585 1323 655 bella,

390 707 458 748 nen
481 690 628 767 patriae
652 688 795 748 validas
818 691 855 748 in
878 689 1030 748 viscere
1052 690 1190 748 uertite
1214 689 1315 748 vires

239 808 293 868 pro
317 808 352 850 ne
376 798 473 868 petas,
496 808 554 850 nen
578 789 697 858 credas,
721 808 758 849 ne
781 790 972 858 assuescetis,
997 807 1055 849 nen
1078 792 1208 850 vertatis.
1240 799 1336 850 amato
1359 796 1470 849 ancaeo
1493 790 1546 849 vel

239 900 317 952 umet
344 901 474 952 amatote
501 898 600 951 ament
627 891 674 952 vel
702 900 833 960 amanto,
865 891 969 951 doceto
996 891 1100 951 doceto
1124 892 1167 951 vel
1190 891 1294 952 doceat
1316 891 1459 951 docetote
1485 889 1540 950 do·

152 1010 155 1015 ·
239 1003 325 1054 ceant
347 993 391 1053 rel
415 994 553 1062 docento,
578 993 679 1053 audito
701 993 800 1054 andito
815 994 860 1053 rel
883 993 984 1053 audiat
1006 993 1138 1053 auditote
1161 969 1282 1054 audiant
1304 993 1350 1053 vel
1372 993 1564 1062 audiuntne

240 1097 331 1173 legito
354 1096 444 1172 legito
468 1095 511 1154 sel
534 1095 612 1172 legat
634 1095 755 1172 legitote
778 1095 876 1173 legant
898 1094 943 1154 vel
966 1094 1094 1173 legunto.

324 1197 417 1259 Ornne
440 1198 646 1276 imperativum
668 1200 817 1276 passivum
839 1199 982 1276 temporis
1004 1197 1170 1276 praesentis
1193 1195 1272 1255 idem
1294 1197 1354 1255 erit
1375 1195 1458 1275 quod
1484 1198 1538 1254 in-

236 1303 316 1372 finiti
337 1300 416 1360 modi
439 1301 526 1359 activi
549 1317 705 1378 praesens,
730 1317 828 1360 amare
845 1298 953 1359 docere
976 1298 1079 1359 andire
1101 1297 1211 1375 legere.
1241 1299 1326 1358 cuins
1348 1298 1439 1358 tertia
1462 1316 1535 1377 per·

239 1421 308 1462 sona
332 1402 368 1461 de
392 1403 479 1461 tertia
502 1402 552 1461 liet
573 1403 660 1462 activi
689 1403 854 1479 praesentis
876 1400 973 1461 addita
996 1418 1033 1460 nr
1054 1398 1179 1479 syllaba,
1209 1406 1288 1458 amet
1309 1407 1443 1468 ametur,
1468 1418 1533 1459 mo·

240 1513 309 1564 neat
338 1512 507 1571 moneatur,
537 1503 637 1562 audiat
665 1502 817 1575 audiatur,
846 1502 925 1579 legat
953 1502 1077 1579 legatur.
1122 1500 1252 1561 secunda
1274 1499 1398 1580 pluralis
1422 1519 1461 1561 ex
1484 1518 1572 1561 sero

240 1606 336 1666 cunda
358 1607 456 1664 veniet
478 1598 583 1683 pldrali
607 1607 774 1684 praesentis
796 1606 884 1665 activi
900 1614 929 1664 te
945 1596 1046 1664 ultima
1061 1605 1092 1662 in
1109 1604 1181 1662 mini
1198 1600 1325 1680 syllabas
1340 1610 1532 1672 commutata,

240 1717 334 1768 amate
358 1709 512 1775 amamini,
537 1715 653 1767 monete
676 1708 852 1775 monemini,
877 1706 974 1766 andito
998 1705 1156 1773 audimini,
1181 1704 1269 1780 legite
1292 1703 1437 1780 legimini.
1471 1713 1531 1763 ter·

241 1812 280 1870 tia
309 1809 433 1888 pluralis
459 1826 499 1870 ex
526 1811 616 1869 tertia
643 1811 742 1869 verriet
771 1808 879 1887 plurali
908 1808 1074 1886 praesentis
1102 1807 1189 1865 activi
1220 1823 1254 1864 nr
1277 1804 1375 1866 addita
1405 1805 1532 1885 syllaba,

240 1920 339 1972 anrent
373 1919 521 1979 ornentur,
558 1919 696 1971 moneant
723 1920 915 1978 moneantur,
953 1909 1052 1987 legant
1084 1910 1229 1985 legantur.
1274 1924 1380 1967 umore
1412 1918 1534 1969 ametor

240 2031 374 2074 uremur
396 2017 540 2073 amamini
560 2021 713 2087 amentur,
743 2031 864 2073 monere
892 2019 1047 2072 moneatur
1073 2031 1246 2072 nroneamur
1275 2013 1439 2071 monemini
1470 2030 1532 2070 mo·
1547 2028 1570 2065 ra

240 2124 381 2183 nearrtnr,
411 2115 514 2174 andire
543 2116 680 2176 arnliatnr
709 2115 865 2175 audiamur·
893 2113 1036 2174 audimini
1071 2114 1245 2181 audiantur,
1279 2113 1379 2190 legere
1412 2112 1534 2189 legatur

240 2218 373 2294 logamnr
401 2216 534 2293 legimini
560 2218 705 2294 legantur.
751 2236 836 2276 omne
859 2219 992 2276 l'ntnrum
1021 2223 1137 2294 tempus
1160 2218 1308 2294 passivum
1331 2214 1411 2274 modi
1435 2215 1533 2293 impe-

242 2319 328 2378 rativi
358 2338 393 2377 ex
421 2337 474 2378 sno
501 2320 552 2378 strat
580 2321 675 2378 activo
703 2319 802 2378 addita
826 2337 840 2377 r
863 2319 976 2385 littera,
1002 2325 1033 2376 nt
1056 2326 1152 2377 amato
1175 2328 1302 2386 errarator,
1327 2324 1446 2376 moneto
1470 2335 1533 2376 mo·

241 2428 340 2489 netor,
369 2418 469 2479 audito
496 2420 628 2488 auditor,
658 2420 748 2496 legito
771 2420 889 2496 legitor.
920 2416 924 2498 Ι
956 2422 1116 2487 tertiaant
1138 2419 1241 2479 eadem
1264 2421 1321 2478 erit
1343 2438 1418 2498 quae
1443 2437 1533 2497 prae-

239 2524 347 2589 sentis,
379 2530 495 2581 ametur
521 2530 677 2581 moneatur
704 2522 841 2582 audiatur
868 2521 997 2598 legatur,
1028 2529 1077 2581 arnt
1106 2540 1162 2582 nna
1192 2521 1354 2599 eademque
1377 2539 1449 2580 roc-e
1473 2538 1571 2599 quasa

240 2623 369 2684 secunda
392 2626 576 2702 proferetur,
600 2626 642 2682 sic
665 2632 697 2682 nt
720 2624 750 2683 in
774 2625 868 2683 activo
890 2625 999 2691 l'uturo,
1025 2631 1137 2683 amator
1160 2630 1282 2691 amator,
1306 2630 1444 2682 rnonetor
1468 2640 1532 2682 mo·

241 2734 324 2786 notor
353 2732 382 2784 et
410 2726 533 2804 reliqna.
578 2725 708 2786 secunda
736 2725 859 2804 pluralis
887 2725 1019 2785 eiusdem
1042 2727 1185 2804 temporis
1208 2743 1244 2784 ex
1266 2723 1396 2784 secunda
1417 2724 1533 2784 lorma·

241 2828 323 2887 bitnr
345 2829 432 2887 activi
457 2827 564 2907 plurali
589 2828 731 2906 temporis
753 2827 887 2887 eiusdem
911 2834 970 2886 tote
993 2827 1114 2906 syllabis
1137 2828 1167 2885 in
1190 2827 1288 2884 minor
1310 2827 1474 2895 conversis,
1500 2835 1535 2884 ιιι

240 2937 365 3006 amatote
400 2930 577 3002 amaminor,
610 2936 759 2988 monetote
793 2930 992 2996 moneminor,
1027 2929 1158 2989 auditote
1188 2928 1369 2994 audiminor,
1404 2926 1534 3004 legitote

240 3031 406 3108 legiminor.
452 3032 539 3089 tertia
569 3030 692 3109 pluralis
720 3031 852 3090 eiusdem
881 3032 1024 3108 temporis
1051 3038 1101 3090 aut
1129 3030 1231 3091 eadem
1260 3031 1318 3089 erit
1339 3048 1414 3107 qnae
1439 3046 1570 3107 prae-ss

240 3135 347 3202 sentis,
371 3141 421 3193 ant
443 3150 479 3191 ex
502 3135 588 3191 tertia
612 3134 711 3192 reniet
733 3134 827 3192 activa
849 3133 965 3192 mrnreri
994 3133 1128 3192 eiusdem
1157 3142 1186 3191 et
1208 3132 1352 3209 temporis
1374 3129 1477 3190 addita
1501 3132 1533 3189 in

241 3232 342 3293 ultima
365 3252 380 3292 r
403 3234 518 3302 littera,
544 3243 575 3293 nt
597 3244 714 3293 amanto
737 3241 884 3302 amantor,
911 3234 1035 3293 docento
1059 3233 1214 3302 docentor,
1239 3233 1380 3293 audiunto
1403 3231 1534 3292 andiun-

241 3346 301 3404 tor,
325 3337 446 3412 legunto
468 3335 616 3411 leguntor.
661 3343 774 3395 amator·
798 3344 911 3396 ornator
934 3336 978 3396 vel
1002 3344 1117 3396 ametur
1140 3318 1303 3397 amaminor
1325 3341 1463 3393 amentur
1488 3334 1535 3394 sel

240 3448 389 3506 amantor,
419 3445 553 3497 monetur
583 3446 718 3497 monetor
746 3438 792 3497 rel
816 3446 970 3498 moneatur
992 3441 1178 3499 moneminor
1202 3445 1376 3497 moneantur
1398 3435 1444 3494 rel
1470 3454 1534 3495 mo·

240 3548 360 3607 nentor,
390 3539 506 3598 amlitor
535 3539 651 3599 auditor
679 3538 724 3598 vel
752 3539 888 3599 audiatur
916 3539 1082 3602 audiminor
1109 3539 1267 3599 aridiantnr
1289 3538 1334 3598 vel
1358 3537 1574 3606 audiuntor,so

242 3642 350 3718 legitor
372 3640 479 3717 legitor
502 3641 545 3699 rel
570 3641 685 3718 legatur
707 3641 864 3718 legiminor
886 3639 1021 3718 legantur
1044 3641 1088 3700 rel
1110 3640 1257 3718 leguntor.

122 3741 180 3795 ⁶²0»
194 3740 223 3787 12
326 3742 368 3801 lle
391 3745 519 3821 optativo
542 3743 638 3803 modo.
683 3746 713 3802 in
736 3743 792 3801 hoc
815 3744 902 3803 etiam
923 3743 1010 3803 modo
1032 3745 1198 3803 communis
1212 3742 1334 3802 Graecis
1355 3739 1537 3820 Latinisque,

239 3846 374 3924 quaestio
397 3855 498 3904 exorta
522 3853 580 3914 est,
615 3848 639 3904 si
668 3847 862 3923 praeteritum
892 3854 1008 3924 tempus
1032 3846 1124 3924 possit
1145 3844 1315 3911 admittere,
1339 3844 1409 3920 qnia
1433 3842 1538 3905 nullus

241 3965 377 4025 nmquam
401 3964 476 4025 quac
504 3949 562 4007 iam
592 3949 669 4006 saeta
691 3956 760 4006 sunt
782 3954 895 4025 sperat,
926 3965 993 4008 cnm
1016 3950 1125 4007 inlecta
1149 3947 1213 4006 lieri
1236 3964 1294 4004 non
1317 3945 1448 4023 possint,
1480 3946 1536 4006 sed

239 4051 270 4107 in
293 4065 435 4127 praesens
457 4048 502 4107 vel
525 4051 555 4107 in
579 4051 711 4109 lntnrnm
735 4048 844 4127 aliquid
869 4056 996 4127 optetur.
1036 4049 1086 4108 sed
1110 4055 1291 4108 transactum
1314 4062 1431 4124 quoqne
1456 4055 1536 4108 tem·
1550 4068 1575 4106 as

240 4169 295 4229 pus
318 4151 431 4229 optanti
456 4153 655 4211 necessarium
680 4149 869 4229 adprobatur.
916 4169 982 4209 nam
1005 4169 1108 4229 saepe,
1139 4168 1204 4208 cnm
1229 4152 1260 4209 in
1284 4149 1455 4225 longinquis
1479 4149 1536 4209 ali-

239 4254 307 4330 quis
335 4252 513 4310 constitutus
541 4252 576 4311 de
605 4271 637 4311 rc
668 4270 755 4330 qnam
783 4251 932 4311 desiderat
959 4254 1091 4312 incertus
1114 4254 1167 4320 sit,
1192 4254 1267 4310 rotis
1289 4258 1386 4309 tamen
1410 4249 1538 4312 adiuvat

239 4353 408 4431 cupidinem
433 4372 530 4421 snam,
562 4363 592 4412 nt
615 4354 643 4412 id
667 4361 806 4432 precetur
835 4355 891 4413 iarn
915 4356 1050 4413 evenisse
1074 4354 1150 4433 qnml
1174 4356 1275 4431 cupit:
1299 4359 1424 4429 utputa
1450 4356 1536 4413 nari-

239 4454 378 4532 gantihus
400 4456 477 4523 suis,
507 4457 531 4514 si
555 4463 714 4533 tempestas
737 4457 829 4515 inerit
852 4463 963 4524 exorta,
987 4456 1045 4515 diis
1067 4455 1237 4534 supplicans
1260 4461 1400 4532 exposcat
1423 4462 1456 4514 nt
1480 4474 1536 4533 pa·

239 4576 309 4617 rens
331 4565 381 4616 ant
403 4556 480 4616 filins
502 4565 552 4615 aut
574 4565 716 4633 cognatus
739 4560 865 4617 evaserit
888 4557 1059 4617 discrimina
1084 4564 1238 4616 ventorum
1268 4574 1300 4615 ac
1323 4557 1383 4614 rim
1405 4574 1536 4634 supera·
1551 4580 1577 4618 ao

243 4710 541 4719 -ς--ῇ

308 4814 320 4860 1
340 4827 370 4859 ne
384 4815 465 4876 poteri
479 4812 514 4860 B:
532 4812 609 4874 Verp.
624 4812 690 4861 Aen.
706 4813 799 4861 ll833
856 4813 884 4860 il
903 4807 938 4875 te]
955 4809 1006 4858 eB
1060 4813 1090 4861 15
1107 4811 1242 4859 moriemini
1254 4826 1323 4863 corr.
1336 4812 1495 4860 moneanimi
1511 4813 1538 4862 B

244 4878 440 4939 lili-gaminiB
488 4882 519 4929 18
532 4876 654 4944 monetor]
668 4878 821 4928 moneturB
866 4878 1037 4927 erutumoli
1081 4876 1299 4944 3lsnntlsimB
1345 4878 1539 4930 38ueuisseB
