3346 5498
679 367 915 432 cntrnssrtrvn
1386 364 1446 432 179

1261 489 1282 530 p.
1298 475 1422 518 aaa-901.

150 557 250 625 tione,
282 557 337 616 nisi
366 575 443 635 qnae
470 555 619 616 resolutae
647 559 796 635 integrum
824 556 945 617 iaciunt.
991 575 1050 617 non
1072 575 1231 636 possumus
1254 574 1326 635 ergo
1348 557 1449 617 dicere

152 659 323 737 conpositas
347 677 424 728 csse,
449 659 505 718 nisi
528 656 674 718 resolutas
696 677 818 721 revoces
840 657 877 720 ad
899 660 1056 736 integrum.

239 760 302 821 Hoc
330 759 408 840 qnod
436 758 509 821 dicit
535 762 606 821 satis
629 759 699 821 ntilc
728 769 786 830 est,
817 759 959 840 pleraque
981 759 1060 840 apud
1081 759 1203 821 Latinos
1225 761 1344 820 nomina
1366 761 1447 822 inve·

152 863 277 923 ninntnr
304 864 344 922 ita
373 881 498 933 conexa,
527 871 561 923 nt
588 862 625 922 de
653 861 769 924 dnobus
791 863 978 923 nominativis
1000 862 1085 936 liant,
1111 872 1142 923 nt
1165 870 1285 942 praetor
1307 860 1447 922 urbanus

123 963 212 1024 ahoe
237 965 279 1023 sic
308 964 402 1024 babeo
430 963 544 1034 dicere,
580 965 662 1044 qnasi
690 984 782 1026 nnnm
805 965 843 1024 sit
870 982 1032 1033 conexum,
1068 964 1333 1043 praetorurbanns,
1363 963 1448 1043 quasi

153 1085 246 1127 nncnn
270 1067 316 1126 sit.
364 1075 392 1126 et
421 1085 496 1146 qnae
524 1069 580 1128 erit
609 1066 730 1145 regula?
761 1068 1025 1146 quotienscumque
1054 1067 1199 1144 contingit
1220 1075 1254 1126 ut
1275 1085 1310 1127 ex
1333 1065 1449 1128 duobus

152 1169 341 1229 nominativis
371 1187 478 1229 nomen
507 1177 707 1249 conponatur,
737 1177 863 1249 utraque
892 1176 976 1247 parte
1004 1166 1213 1228 declinandum
1236 1175 1295 1235 cst,
1325 1175 1447 1247 utputa

131 1279 275 1362 'praetor
305 1268 451 1331 urbanus:
490 1270 493 1352 l
524 1280 645 1350 praetor
677 1271 874 1331 nominativus
905 1278 962 1340 est,
997 1268 1128 1331 urbanus
1157 1271 1355 1330 nominativus
1389 1276 1448 1338 est;

154 1380 280 1451 utraque
300 1364 387 1452 'parte
409 1373 465 1434 boc
488 1392 597 1434 nomen
621 1372 795 1440 declinatur,
818 1371 868 1433 bic
890 1381 1010 1452 praetor
1032 1370 1172 1441 urbanus
1195 1371 1282 1432 buius
1304 1372 1450 1451 praetoris

113 1484 141 1522 1⁰
155 1472 275 1562 urbani,
310 1474 379 1535 bnic
412 1477 542 1555 praetori
577 1474 708 1546 urbano,
742 1475 822 1536 bunc
850 1484 1017 1554 praetorem
1047 1472 1208 1543 urbanum,
1243 1482 1273 1534 et
1304 1476 1362 1534 iam
1394 1491 1450 1553 per

154 1595 258 1637 omnes
286 1595 380 1638 casus.
425 1579 450 1636 si
479 1584 575 1637 antem
605 1578 787 1638 nominativo
816 1585 845 1637 et
871 1594 1058 1657 quocumque
1082 1574 1138 1636 alio
1162 1594 1233 1636 casn
1255 1582 1448 1654 conponatur,

103 1719 111 1734 .
155 1696 276 1740 necesse
305 1687 349 1739 est
376 1677 424 1738 illa
451 1697 522 1758 pars
551 1677 727 1739 declinanda
755 1679 809 1755 sit,
837 1696 913 1756 qnae
934 1677 1025 1738 babet
1046 1679 1274 1746 nominativum
1303 1676 1352 1739 illa
1380 1695 1450 1758 pars

154 1779 281 1848 vacabit,
311 1799 389 1856 qnae
410 1783 619 1842 nominativum
646 1782 822 1851 nonhabet,
846 1787 968 1860 utputa
992 1778 1129 1841 tribunus
1151 1779 1290 1841 militnm:
1313 1778 1451 1840 tribunus

155 1884 353 1943 nominativus
376 1890 436 1952 est;
460 1882 588 1944 militum
611 1902 671 1944 non
695 1890 740 1943 est
761 1884 968 1944 nominativus.
1001 1899 1072 1960 ergo
1088 1881 1161 1942 baec
1184 1901 1253 1962 pars
1275 1881 1450 1943 declinanda

117 1993 142 2033 ¹⁵
156 1993 216 2053 est,
239 2004 314 2064 qnae
338 1994 383 2047 est
405 1985 553 2050 tribuous.
592 1985 729 2048 similiter
751 1993 872 2047 senatus
894 1982 1071 2045 consultum.
1110 2002 1169 2045 non
1192 1992 1222 2044 te
1243 1982 1324 2045 fallat
1345 1993 1451 2065 quarta

154 2082 321 2147 declinatio.
368 2107 435 2149 nam
458 2097 487 2149 ct
509 2096 630 2151 senatus
652 2087 818 2149 consultum
840 2088 936 2168 prima
958 2095 1043 2166 parte
1066 2105 1124 2147 non
1148 2085 1326 2158 declinatur,
1351 2096 1450 2167 poste·

153 2188 233 2247 riore
256 2188 432 2252 declinatur.
470 2199 589 2252 senatus
613 2191 691 2251 enim
714 2188 803 2251 modo
827 2208 884 2250 non
910 2196 954 2251 est
976 2190 1187 2259 nominativus,
1210 2188 1262 2250 sed
1285 2191 1449 2269 genetivus,

155 2287 203 2349 bic
235 2300 355 2352 senatus
388 2291 476 2353 buins
509 2285 657 2354 senatus
683 2294 763 2354 celer
796 2292 832 2352 ad
860 2292 988 2372 aliquam
1011 2291 1225 2361 elocutionem,
1254 2299 1283 2351 et
1305 2292 1448 2352 invenies.

155 2408 225 2452 ecce
253 2395 278 2453 si
306 2392 386 2454 dicas
413 2394 487 2454 ‘boc
516 2394 681 2456 consultum
710 2396 794 2455 cnius
823 2394 902 2455 estl'
932 2392 1036 2473 plebis.
1082 2393 1156 2453 ‘boc
1179 2391 1343 2454 consultum
1367 2394 1451 2454 cnins

115 2494 235 2553 westl'
257 2496 364 2572 gentis.
402 2497 444 2557 sic
468 2499 555 2557 etiam
579 2495 903 2558 senatusconsultum:
929 2513 987 2560 non
1010 2497 1067 2557 erit
1089 2496 1301 2564 nominativus,
1325 2495 1377 2556 sed
1399 2513 1450 2574 ge·

155 2597 280 2658 netivns.
325 2597 436 2658 idcirco
467 2598 556 2659 etiam
585 2597 621 2679 [si
643 2597 769 2659 dicimus
791 2598 839 2658 bic
861 2606 980 2660 senatus
1002 2596 1092 2659 buius
1114 2606 1250 2659 senatus:
1282 2597 1357 2658 ‘boc
1379 2615 1449 2658 con·

154 2698 263 2760 sultnm
292 2701 375 2761 cuins
404 2702 484 2761 estl'
518 2696 653 2783 senatus]
692 2699 740 2761 illa
775 2719 845 2781 pars
878 2701 936 2762 erit
968 2697 1144 2769 immobilis,
1178 2701 1271 2779 prior.
1316 2697 1450 2760 similiter

154 2810 239 2880 pater
266 2799 407 2862 iamilias:
441 2808 525 2881 pater
554 2803 750 2865 nominativus
773 2811 831 2872 est;
861 2801 988 2863 lamilias
1010 2819 1070 2863 noo
1094 2811 1140 2863 est
1161 2803 1373 2870 nominativus,
1397 2800 1449 2862 sed

155 2901 338 2965 declinamus
365 2905 422 2973 ita,
452 2903 540 2966 bnins
567 2906 660 2986 patris
688 2903 827 2975 familias,
857 2904 927 2965 hnic
954 2905 1031 2984 patri
1059 2903 1200 2974 iamilias,
1229 2903 1307 2964 bunc
1335 2910 1450 2982 patrem

117 3003 294 3074 aaronitas,
319 3015 348 3065 ct
369 3006 503 3067 similiter
526 3015 634 3069 cetera.
659 3007 662 3090 l
687 3009 718 3068 in
747 3007 804 3068 hoc·
832 3008 953 3068 nomine
975 3007 1142 3067 invenimus
1165 3002 1332 3087 [exemplo]
1356 3005 1450 3066 varias

157 3106 377 3167 declinationes.
423 3107 601 3187 aliquotiens
628 3108 671 3169 sic
698 3107 876 3178 declinatur,
906 3127 993 3188 qnem
1022 3107 1057 3168 ad
1081 3107 1202 3168 modum
1224 3104 1327 3185 regula
1350 3107 1449 3184 erigit,
1533 3180 1541 3203 ἱ

155 3216 188 3269 ιιι
208 3210 248 3269 ita
271 3209 421 3278 dicamus,
445 3210 494 3271 bic
516 3218 600 3289 pater
622 3209 763 3279 iamilias,
788 3210 875 3272 huius
896 3212 988 3290 patris
1011 3209 1149 3278 iamilias,
1172 3209 1242 3271 hnic
1264 3210 1341 3289 patri
1364 3209 1448 3268 lami·

156 3309 223 3379 lias,
253 3311 332 3373 bunc
359 3320 473 3392 patrem
503 3311 643 3381 iamilias,
673 3332 690 3373 o
718 3320 802 3393 pater
830 3311 967 3382 iamilias,
996 3311 1033 3371 ab
1060 3311 1116 3372 boc
1144 3320 1227 3392 patre
1256 3309 1395 3379 iamilias,
1419 3308 1451 3369 bi

156 3414 418 3492 patresfamilias,
447 3415 553 3475 borum
577 3422 694 3494 patrum
717 3413 855 3482 iamilias,
885 3413 931 3475 bis
958 3412 1090 3493 patribus
1113 3411 1251 3482 iamilias,
1274 3412 1330 3473 bos
1351 3419 1451 3491 patres

119 3526 144 3566 ω
158 3516 300 3584 lamilias;
326 3524 356 3577 ct
378 3535 414 3576 ex
438 3515 545 3577 ordine
565 3516 638 3578 illud
662 3518 719 3577 erit
738 3514 901 3578 immobile.
945 3515 1121 3594 aliquotiens
1142 3518 1173 3575 in
1196 3532 1322 3576 numero
1344 3511 1451 3594 plurali

158 3624 299 3686 mutatur,
324 3626 353 3678 ct
374 3619 540 3679 invenimus
563 3618 593 3679 bi
616 3618 882 3698 patresfamiliae,
907 3626 936 3679 ει
957 3620 1015 3679 iam
1038 3625 1141 3678 mutat.
1170 3618 1247 3678 scire
1264 3616 1354 3677 (lebes
1369 3614 1450 3696 quod

158 3727 186 3778 et
206 3718 398 3780 immobiliter
425 3719 495 3780 licet
524 3721 611 3781 nobis
640 3720 789 3782 declinare
811 3721 868 3782 boc
891 3739 999 3803 nomen
1022 3728 1058 3780 et·
1072 3717 1236 3790 mobiliter,
1260 3718 1290 3780 id
1314 3727 1359 3780 est
1380 3736 1449 3779 cum

158 3823 352 3881 conversione
376 3819 553 3903 [constare]
584 3821 656 3884 illud
679 3841 750 3885 vero
773 3824 937 3904 quaesitum
960 3830 1019 3892 est,
1044 3830 1074 3882 et
1094 3820 1260 3902 prudenter
1283 3821 1449 3901 quaesitum

158 3933 214 3991 est,
239 3923 364 3984 lamilias
387 3924 436 4002 qni
459 3942 545 3985 casus
568 3931 620 3985 est.
655 3942 713 3985 non
738 3924 794 3986 boc
817 3927 982 4004 quaesitum
1005 3932 1057 3999 est,
1081 3923 1228 4004 quemad
1252 3922 1374 3985 modum
1398 3923 1450 3984 de-

120 4023 297 4086 aaclinetnr:
327 4044 395 4087 nam
425 4027 580 4107 accepistis
607 4026 679 4087 duas
705 4045 770 4096 res;
799 4045 867 4088 nam
895 4037 944 4089 aut
966 4028 1008 4088 sic
1032 4007 1215 4096 declinatur,
1238 4034 1271 4086 nt
1291 4023 1451 4086 immobilis

158 4126 194 4186 sit
215 4145 282 4206 pars
311 4130 471 4207 posterior,
501 4136 552 4189 ant
579 4136 612 4191 nt
638 4131 676 4190 sit
698 4128 830 4190 mobilis:
861 4127 933 4190 illnd
956 4131 1119 4209 quaesitum
1142 4137 1200 4200 est,
1224 4129 1275 4209 qui
1297 4147 1381 4190 casus
1402 4127 1449 4198 sit,

157 4245 459 4256 ——-—-.-...-.-.

226 4317 241 4364 4
258 4316 290 4364 de
309 4316 408 4367 dnobus
428 4316 572 4365 nominibns
590 4315 651 4365 liant
666 4316 751 4366 ABG
818 4317 834 4367 b
853 4316 901 4367 boc
920 4317 956 4365 sic
975 4315 1018 4365 ua
1036 4316 1078 4365 iric
1092 4317 1129 4366 sic
1148 4316 1201 4366 AO
1252 4328 1350 4365 conexu
1370 4314 1394 4363 A

160 4384 190 4434 13
209 4401 273 4448 qnae
291 4387 474 4437 nominativum
493 4401 542 4436 non
560 4385 635 4436 babet
647 4401 693 4436 cm.
707 4386 790 4437 ABG
844 4387 875 4438 ln
892 4385 973 4451 plebis
992 4385 1040 4435 boc
1060 4387 1201 4436 consultum
1220 4387 1293 4434 cuius
1312 4395 1350 4433 est
1366 4383 1449 4450 gentis

160 4454 229 4504 nea
247 4456 329 4521 plebis
351 4456 391 4504 nel
412 4458 497 4522 gentis
516 4455 550 4505 A.
570 4471 601 4505 eu
616 4473 680 4521 quoe
697 4464 834 4523 aequantur
851 4467 894 4507 aut
910 4455 1080 4506 additamento
1096 4458 1195 4522 aliquo,
1215 4454 1284 4519 quod
1298 4456 1451 4513 notant-atat

156 4526 304 4586 perturbato
330 4526 461 4577 verborum
484 4527 572 4575 ordine
593 4534 716 4591 conopeo
739 4536 809 4591 aunt,
833 4535 859 4576 ut
882 4525 945 4575 baec
966 4527 1025 4588 sere
1051 4526 1184 4589 scripserit
1202 4526 1390 4589 prummoticas,
1412 4523 1450 4574 sic

158 4595 230 4643 etiam
251 4596 511 4646 senatusconsultum
530 4597 552 4645 si
571 4595 694 4655 dicimus,
713 4607 816 4646 senatus
835 4610 884 4645 non
902 4595 949 4643 erit
970 4596 1156 4657 nominativus,
1175 4595 1221 4644 sed
1237 4595 1387 4660 genetivus,
1408 4591 1449 4640 inc

159 4675 261 4715 senatus
276 4666 351 4716 brrins
366 4676 483 4726 senatus:
501 4665 566 4714 ‘boc
584 4665 726 4715 consultum
743 4667 814 4716 cuius
828 4667 901 4716 est?'
918 4675 1032 4718 senatus.
1054 4665 1147 4715 idcirco
1159 4665 1235 4713 etiarn
1250 4664 1291 4712 illo
1311 4678 1370 4727 pars
1386 4677 1449 4725 quae

159 4744 197 4783 est
213 4736 283 4802 prior
306 4737 354 4785 crit
380 4737 515 4786 immobilis
585 4736 619 4786 25
637 4737 781 4786 invenimus
799 4753 845 4788 ona.
864 4735 903 4796 A,
921 4736 982 4788 add.
1002 4754 1018 4785 α
1088 4734 1120 4785 31
1135 4736 1249 4797 sortasse
1267 4731 1292 4780 bi
1312 4743 1396 4799 patres
1412 4731 1449 4780 la-

159 4805 281 4855 miliarum
336 4806 369 4856 35
387 4807 521 4872 accepistis
537 4805 611 4856 Boo
629 4806 749 4871 accepisti
767 4805 792 4854 A
845 4806 879 4858 ab
896 4815 939 4856 arat
963 4816 990 4854 ut
1012 4805 1044 4855 sit
1063 4803 1164 4854 mobilis
1182 4798 1271 4853 nea*
1291 4812 1333 4851 arrt
1350 4803 1374 4851 si
1396 4816 1449 4851 mo·

159 4874 221 4924 biles
235 4877 260 4925 A
322 4891 396 4927 casus
413 4878 446 4926 sit
464 4875 537 4926 Bca
555 4891 631 4927 casus
648 4877 696 4926 iste
709 4875 742 4925 ait
759 4877 784 4926 A

1183 4955 1248 5019 12*
