3346 5498
670 395 905 456 COMMENTVM
1369 385 1429 452 195

1245 496 1404 551 puta-251,

139 585 195 645 boc
218 602 319 644 verum
343 586 427 644 esse?
450 602 519 644 ecce
542 585 670 661 optimus
692 591 722 642 et
743 591 891 661 optumus
922 581 1065 660 numquid
1088 580 1155 654 dico
1178 579 1332 658 optumus?
1354 580 1430 639 istae

138 689 218 766 ipsae
247 686 321 745 duae
349 683 464 746 litterae
492 687 570 744 iuter
597 704 629 744 se
658 693 782 763 possunt
810 685 998 751 commutari.
1027 685 1089 742 iet
1109 702 1138 742 u.
1184 681 1266 751 ideo,
1291 683 1430 759 quoniam

111 788 195 875 :hoc
216 787 282 848 loco
305 790 473 849 necessarie
503 796 547 847 est
570 796 691 865 propter
714 786 939 855 discretionem,
970 788 1033 864 ipsa
1057 802 1179 845 necesse
1202 782 1292 844 habet
1313 801 1430 863 perma-

139 909 221 950 nere.
267 889 318 949 uhi
340 898 437 951 autem
461 908 520 949 non
544 898 589 949 est
610 891 771 949 necessitas
794 907 879 949 causa
902 888 1103 955 discretionis
1127 905 1248 946 neeesse
1270 885 1361 947 habet
1382 883 1431 946 illa

112 990 235 1052 alittera
264 991 392 1061 admitti,
421 1001 545 1070 excepto
573 1009 632 1051 uuo
661 993 795 1059 nomine,
828 991 879 1052 ubi
901 997 1079 1051 commutata
1102 996 1146 1050 est
1167 991 1258 1058 ratio,
1281 987 1429 1049 tribubus.
1536 1004 1539 1012 ·

139 1093 362 1172 per2suaserunt
390 1091 446 1152 sibi
475 1110 593 1160 omnes,
623 1099 652 1152 et
679 1095 721 1152 sic
748 1095 893 1154 remansit
919 1100 952 1152 ut
978 1092 1158 1152 diceremus:
1193 1090 1230 1152 ab
1257 1090 1312 1151 hac
1340 1088 1430 1159 tribu,
1460 1138 1464 1149 .

139 1202 278 1256 converte
301 1214 320 1255 u
342 1195 420 1261 ini,
444 1193 520 1253 adde
544 1193 613 1263 bus,
642 1193 769 1255 tribibus
797 1194 899 1256 debuit
926 1197 1039 1263 lacere;
1068 1193 1120 1254 sed
1143 1211 1231 1253 nemo
1253 1191 1326 1252 dicit
1347 1191 1431 1252 tribi-

141 1297 209 1364 bus‚
236 1296 289 1357 sed
317 1294 462 1355 tribubus
507 1295 635 1357 diximus
662 1298 741 1356 enim
771 1300 909 1376 quoniam
938 1305 1009 1356 tunc
1036 1294 1180 1356 debemus
1214 1314 1234 1356 u
1265 1295 1430 1361 admittere,

140 1398 258 1478 quando
280 1416 368 1459 causa
391 1399 580 1459 discretionis
603 1406 655 1458 est.
690 1417 770 1459 nunc
792 1407 890 1459 autem
915 1397 994 1459 nulla
1016 1397 1155 1458 discretio
1178 1404 1237 1465 cst;
1261 1399 1323 1458 sive
1345 1394 1431 1455 tribi-

103 1520 128 1558 ιο
141 1500 196 1561 bus
218 1500 301 1560 dicas
323 1501 384 1560 sive
408 1499 551 1570 tribubus,
575 1500 654 1561 idem
678 1509 736 1569 est,
759 1520 814 1562 nec
836 1500 914 1561 aliud
939 1499 1048 1580 aliquid
1071 1500 1225 1577 significat.
1270 1501 1310 1559 ita
1332 1497 1434 1558 volunt

141 1605 228 1664 etiam
250 1604 280 1662 in
304 1600 465 1681 specubus,
490 1604 580 1680 ‘ipsi
603 1605 638 1663 iu
661 1602 826 1663 defossis
847 1602 1063 1682 specubus'.
1094 1601 1202 1662 laisum
1219 1607 1277 1670 est,
1295 1599 1434 1680 specibus

141 1704 243 1766 debuit
264 1705 374 1765 dicere.
421 1723 489 1764 nam
513 1711 542 1763 et
568 1714 655 1765 sonat
677 1704 826 1784 specubus
847 1711 959 1765 tantum
983 1704 1081 1773 modo,
1106 1711 1134 1764 et
1156 1721 1333 1783 usurpamus
1355 1701 1432 1762 litte·

141 1826 203 1868 ram
226 1808 290 1867 siue
313 1806 409 1886 aliqua
432 1806 621 1866 discretione.
666 1808 709 1866 sic
732 1809 811 1867 enim
832 1806 980 1885 specubus
1002 1814 1176 1885 usurpatur,
1201 1822 1288 1883 quem
1312 1803 1349 1864 ad
1371 1822 1433 1863 mo·

141 1908 211 1969 dum
234 1916 263 1969 et
285 1908 436 1977 tribubus,
466 1927 534 1969 cum
563 1910 639 1968 ratio
670 1910 802 1986 erigeret
825 1915 856 1968 ut
878 1908 1045 1969 diceremus
1067 1906 1208 1981 tribibus‚
1233 1907 1343 1986 quippe
1365 1923 1433 1968 cum

104 2027 128 2066 ιι
142 2010 219 2071 nulla
243 2029 330 2071 causa
352 2019 431 2070 esset
452 2010 646 2070 discretionis.

116 2124 120 2138 ‘
226 2112 301 2172 Ecce
330 2111 411 2171 dedit
437 2111 523 2172 nobis
550 2111 697 2190 regulam,
727 2111 764 2172 de
791 2110 916 2174 ablativo
950 2112 1094 2190 singulari
1123 2131 1211 2192 quem
1240 2112 1277 2172 ad
1310 2110 1431 2172 modum
1443 2117 1503 2180 434,
1516 2117 1548 2168 31

142 2214 283 2275 iaciamus
310 2215 461 2291 genetivos
487 2213 618 2293 plurales
648 2221 678 2274 et
705 2214 816 2275 dativos
844 2223 874 2275 et
895 2213 1046 2276 ablativos.
1091 2214 1161 2295 quid
1184 2215 1209 2274 si
1231 2216 1291 2275 sint
1312 2215 1433 2274 nomina

143 2324 254 2376 tantum
277 2313 420 2395 pluralia?
448 2317 517 2395 quid
541 2318 647 2376 tacturi
669 2317 788 2377 sumus?
816 2316 958 2397 numquid
980 2335 1102 2396 possum
1125 2315 1225 2376 dicere
1247 2315 1285 2375 de
1308 2315 1434 2377 ablativo

143 2418 285 2496 singulari
311 2416 428 2495 regulas
456 2436 504 2477 me
531 2436 666 2488 sumere,
690 2427 723 2478 ut
745 2420 850 2488 sciam,
880 2437 967 2497 quem
990 2418 1027 2478 ad
1050 2418 1169 2479 modum
1192 2419 1297 2478 laciam
1320 2419 1433 2496 geneti-

107 2536 131 2575 ιο
144 2539 209 2580 vum
233 2527 263 2579 et
285 2520 413 2580 dativum
436 2529 465 2579 et
487 2518 646 2579 ablativum
668 2518 827 2599 pluralem,
852 2539 918 2581 curn
941 2523 1006 2600 ipse
1028 2519 1187 2599 singularis
1208 2537 1351 2582 numerus
1372 2537 1433 2580 uon

143 2624 197 2682 sit?
230 2628 260 2682 et
287 2620 377 2681 multa
406 2624 526 2682 uomina
557 2630 670 2683 tantum
699 2624 816 2683 numeri
845 2621 967 2702 pluralis
1000 2631 1083 2697 sunt,
1113 2622 1256 2684 kalendae
1283 2620 1434 2683 nundinae

143 2725 243 2784 leriae.
288 2742 359 2784 ecce
381 2725 436 2783 ista
459 2725 557 2784 omnia
580 2742 669 2803 quem
697 2724 733 2785 ad
756 2724 878 2785 modum
907 2724 1060 2803 balbemus
1082 2725 1250 2785 declinare?
1282 2726 1322 2784 ita
1345 2722 1436 2784 decli·

144 2845 262 2886 namus:
292 2826 369 2903 linge
397 2824 619 2887 similitudinem
647 2826 867 2896 declinationis,
891 2828 976 2906 quasi
998 2826 1105 2887 habeat
1128 2845 1282 2888 numerum
1305 2825 1433 2904 siugula-

144 2946 221 2997 rem,
246 2938 275 2987 et
296 2926 459 2987 secundum
484 2929 631 2990 fictionem
653 2929 744 3008 ipsius
767 2928 967 2989 similitudinis
982 2928 1097 2989 declina
1113 2932 1201 2990 etiam
1224 2947 1333 2989 nomeu
1356 2926 1434 3007 quod

108 3045 203 3089 aenon
230 3027 319 3088 habet
346 3047 502 3090 numerum
531 3030 721 3108 singularem.
766 3038 798 3090 ut
824 3037 895 3109 puta
923 3030 996 3090 haec
1025 3032 1106 3091 Musa
1135 3030 1222 3092 buius
1242 3032 1344 3092 Musae
1366 3029 1436 3090 huic

143 3132 258 3191 Musae:
283 3133 478 3191 nominativus
500 3129 623 3211 pluralis
646 3132 762 3209 inquid
787 3133 863 3191 exit?
885 3134 914 3191 in
939 3151 972 3191 ae
996 3132 1209 3212 diphthongon.
1246 3132 1324 3193 uude
1340 3133 1436 3192 oritur

144 3252 178 3294 ae
200 3232 414 3313 diphthongos?
437 3234 473 3294 ab
496 3234 623 3294 ablativo
645 3252 661 3293 a
684 3235 851 3293 terminato.
897 3240 927 3293 et
948 3231 1093 3295 ablativus
1114 3233 1272 3313 singularis
1294 3253 1309 3294 a
1333 3235 1437 3294 termi-

144 3343 231 3396 natus
253 3355 312 3416 quo
336 3335 424 3396 modo
445 3337 516 3396 iacit
538 3335 673 3414 regulas?
695 3337 865 3412 genetivum
887 3338 919 3396 in
941 3355 1006 3396 rum
1030 3338 1126 3406 mittit,
1150 3336 1282 3397 dativum
1305 3345 1334 3396 et
1356 3335 1435 3397 abla-

145 3439 232 3498 tivum
255 3441 287 3497 in
310 3440 345 3497 is.
384 3456 454 3514 ergo
478 3457 544 3498 curn
568 3439 718 3498 inveneris
741 3456 850 3498 nomen
872 3439 988 3506 numeri
1011 3446 1125 3498 tantum
1147 3437 1270 3517 pluralis
1292 3457 1327 3498 ae
1350 3437 1436 3518 dipb·

109 3556 132 3594 ιο
146 3538 256 3618 thongo
278 3541 468 3599 terminatum
491 3541 520 3600 in
543 3542 723 3600 nominativo
745 3539 866 3618 plurali,
890 3541 929 3599 ita
952 3538 1215 3601 habes-declinare
1238 3540 1295 3601 hoc
1317 3559 1436 3609 nomeu,

145 3659 231 3720 quem
255 3640 434 3701 admodum
458 3641 530 3701 illud
554 3661 662 3702 nomeu
686 3642 764 3719 quod
788 3661 823 3701 ae
845 3640 1029 3720 diphthongo
1051 3644 1227 3704 terminatur
1248 3645 1280 3703 in
1302 3644 1437 3704 nomina·

145 3745 202 3804 tivo
224 3741 331 3823 plurali
355 3752 385 3802 et
407 3742 495 3803 habet
518 3762 675 3804 numerum
706 3743 894 3822 singularem.
939 3752 973 3803 ut
998 3753 1069 3823 puta
1097 3745 1205 3806 leriae:
1242 3744 1300 3806 hoc
1327 3763 1437 3807 nomeu

145 3847 261 3905 numeri
290 3852 334 3904 est
361 3854 474 3906 tantuin
503 3845 641 3925 pluralis,
677 3847 732 3906 hae
764 3847 857 3907 leriae
891 3845 996 3906 harum
1025 3847 1167 3909 feriarum
1195 3846 1242 3908 his
1269 3856 1299 3909 et
1326 3848 1363 3910 ab
1391 3848 1438 3908 his

146 3948 237 4007 seriis.
284 3965 356 4024 ergo
378 3946 435 4007 hoe
459 3967 567 4008 nomon
590 3967 650 4009 nou
674 3956 717 4009 cst
738 3950 868 4018 rationis
893 3950 961 4028 quia
984 3967 1043 4009 non
1066 3956 1111 4009 est
1133 3951 1248 4009 numeri
1270 3948 1438 4027 singularis.

110 4062 134 4102 ιι
148 4048 200 4109 sed
223 4051 362 4126 quoniam
391 4050 518 4110 diximus
547 4069 704 4112 numerum
725 4051 814 4110 istum
838 4049 982 4131 pluralem
1006 4053 1035 4111 in
1059 4070 1094 4112 ae
1116 4050 1322 4131 diphthongon
1346 4054 1437 4121 exire,

74 4168 78 4192 ¹
147 4150 251 4225 leriae,
281 4154 320 4212 ita
350 4154 419 4221 erit,
448 4170 537 4229 quem
566 4153 603 4212 ad
631 4152 753 4213 modum
779 4153 880 4214 Musae
907 4153 1013 4214 barum
1040 4153 1191 4216 Musarum
1214 4154 1260 4214 his
1282 4163 1311 4215 et
1333 4153 1370 4215 ab
1393 4154 1439 4213 his

147 4253 249 4321 Musis;
279 4256 322 4313 sie
351 4254 477 4313 dicimus
505 4255 560 4314 hae
590 4256 681 4315 leriae
709 4254 815 4317 harum
843 4255 985 4336 loriacum
1014 4254 1061 4316 his
1089 4264 1119 4316 et
1146 4254 1183 4316 ab
1212 4256 1257 4316 his
1286 4257 1385 4325 leriis,
1409 4262 1439 4314 et

147 4355 281 4416 similiter
303 4357 333 4415 in
357 4354 430 4417 aliis.
476 4365 545 4435 puta
568 4375 683 4418 manes:
712 4377 837 4419 numero
865 4356 1008 4435 singulari
1035 4374 1123 4419 nemo
1151 4357 1222 4418 dicit
1244 4355 1293 4417 hic
1315 4352 1320 4435 Ι
1343 4356 1439 4418 manis

217 4594 399 4645 3neeessaria
423 4603 461 4644 est
481 4603 505 4643 et
524 4603 628 4660 propter
648 4596 673 4646 A
742 4596 897 4646 9disrretio
915 4596 972 4645 siue
987 4595 1043 4647 Ac
1110 4596 1141 4647 11
1165 4591 1228 4661 ipsi]
1253 4595 1332 4658 Verp.
1349 4607 1437 4658 georg.

151 4664 179 4712 lli
202 4664 253 4715 376
325 4664 357 4714 12
379 4663 473 4731 dicere]
496 4664 578 4714 iacere
596 4666 622 4714 B
690 4675 786 4716 tautum
811 4666 886 4715 modo
904 4675 932 4715 ut
951 4681 1104 4732 usurpamus
1125 4665 1178 4716 Be
1246 4663 1279 4714 18
1301 4678 1438 4730 possumus

149 4734 232 4784 dicere
250 4734 298 4784 Ba
324 4749 427 4799 possum
448 4776 472 4788 ..
494 4736 577 4785 dicere
601 4735 626 4782 Α
714 4736 998 4789 cisinianum
1083 4735 1437 4786 26unde—atermiuato

84 4861 89 4872 ‚
148 4819 193 4855 om,
213 4804 251 4859 B.
271 4805 364 4854 addb
434 4806 467 4853 27
488 4820 516 4855 ae
535 4806 615 4868 (corr.
637 4803 699 4855 haee
717 4809 746 4867 a)
770 4806 915 4872 dyptongos
935 4807 960 4857 Α
978 4804 1041 4856 baec
1058 4804 1232 4872 diphthongos
1250 4802 1289 4854 Cb
1360 4802 1392 4855 31
1412 4806 1439 4854 iu

37 4875 41 4882 “
149 4875 303 4923 nominatino
320 4875 410 4940 plurali
426 4875 497 4925 BCu
515 4877 541 4924 in
562 4890 665 4926 numero
682 4875 775 4942 plurali
792 4875 817 4925 A

1173 4958 1236 5022 13*
