3346 5498
217 363 264 459 '14
525 429 526 433 κ
559 384 561 390 ’
780 396 955 461 ctuoorur

243 516 265 559 p.
280 504 337 547 tato.
350 508 375 547 ti
388 504 411 546 Ρ.

219 586 315 647 cilicio
339 585 509 664 deputatur,
533 603 592 645 non
615 585 712 645 officio
734 587 890 664 potestatis
912 585 994 646 ducit
1016 594 1047 646 et
1065 602 1184 646 nomen.
1215 602 1273 666 qua
1297 587 1375 647 enim
1397 588 1511 648 ratione

218 706 327 749 nomen
348 688 460 768 poterit
481 685 593 749 habere
615 694 761 767 potestas,
786 705 861 766 quae
884 686 963 748 diem
985 705 1045 748 nou
1068 684 1178 748 habet?

302 790 340 851 Et
360 792 429 869 quia
450 788 747 870 praetermittendum
770 788 843 850 mihi
865 790 1037 850 nonvisum
1053 789 1191 869 estquod
1208 796 1331 850 eventus
1346 789 1509 858 admonuit,

218 891 345 972 quodam
367 899 519 971 tempore,
551 890 620 951 dum
648 908 697 952 ars
723 892 754 951 in
777 889 921 970 Capitolio
943 891 992 951 die
1014 892 1195 969 competenti
1216 898 1409 961 tractaretur,
1433 908 1510 952 unus

218 1013 234 1053 e
257 992 434 1055 florentibus
462 991 615 1072 discipulis
642 991 790 1054 Iohannes
820 1010 836 1053 a
864 993 1056 1070 grammatico
1078 994 1164 1053 venia
1185 991 1331 1073 postulata
1351 992 1535 1055 intendenss

218 1096 248 1154 in
278 1094 404 1156 alterurn
434 1096 599 1157 sciscitatus
626 1100 684 1164 est,
715 1112 772 1174 qua
801 1093 965 1155 dilierentia
994 1092 1052 1156 dici
1080 1092 1187 1155 debeat
1215 1092 1387 1157 consularis.
1412 1121 1431 1158 s
1460 1095 1510 1173 qui

218 1197 338 1259 nomine
361 1214 415 1258 suo
435 1198 504 1258 anni
527 1194 681 1258 circulum.
706 1214 750 1278 ep

717 1382 766 1444 DE
787 1381 1010 1444 PRONOlilNE

120 1541 177 1602 357,
191 1539 207 1588 4
222 1548 239 1579 o
267 1529 342 1595 met,
359 1527 485 1581 nosmet.
502 1553 542 1563 —
563 1519 746 1581 Persona:
770 1519 836 1599 quia
859 1519 940 1579 linita
962 1519 1138 1597 pronomina
1161 1538 1307 1598 personas
1329 1520 1448 1582 liabent
1470 1538 1510 1564 ‘-

218 1623 345 1685 Casus:
370 1622 456 1684 sicuti
471 1623 501 1682 in
517 1622 651 1689 nomine,
675 1621 715 1681 ita
731 1627 761 1680 et
774 1621 803 1681 in
820 1620 1008 1700 pronomine.
1040 1638 1100 1679 non
1123 1623 1221 1681 omnia
1243 1623 1418 1700 pronomina
1441 1640 1510 1702 per·
1525 1638 1550 1678 ro

191 1742 307 1793 3s0nas
322 1722 446 1793 habent,
463 1724 521 1784 uisi
535 1730 649 1784 tantum
663 1723 753 1783 finita.
769 1757 803 1766 -
818 1720 1008 1783 Interdum
1024 1722 1177 1801 recipit:
1194 1720 1261 1783 ideo
1277 1723 1426 1783 interdum
1443 1725 1511 1800 quia

216 1826 295 1887 finita
318 1826 378 1887 sola
401 1843 546 1905 personas
568 1825 716 1904 rccipiunt
733 1823 783 1903 [ab
798 1823 855 1884 hoc
870 1823 948 1899 quod
965 1821 1002 1883 de
1023 1811 1174 1902 praesenti
1195 1842 1323 1904 persona
1338 1826 1510 1905 tractetur}

81 1982 85 1994 ,
192 1940 208 1988 6
225 1961 257 1971 -
276 1927 464 2006 Bipertita
480 1935 547 1987 cst:
564 1945 624 1987 non
641 1934 686 1986 cst
701 1924 851 2005 bipertita,
869 1925 921 1986 sed
937 1926 1093 2004 tripertita,
1110 1925 1178 2002 quia
1193 1935 1261 1986 sunt
1275 1927 1370 1995 linita,
1387 1928 1509 1995 infinita,

191 2029 318 2091 ominus
332 2047 420 2109 quarn
436 2029 525 2089 linita.
552 2062 590 2073 -
613 2029 685 2106 Ego
707 2036 746 2088 tu
768 2026 846 2089 ille:
870 2025 920 2087 alii
934 2026 1037 2088 dicunt
1058 2025 1107 2086 ille
1129 2044 1190 2086 non
1213 2045 1279 2088 esse
1301 2029 1425 2097 linitum,
1443 2029 1510 2107 quia

191 2128 256 2194 ade
279 2129 411 2191 absentis
432 2148 560 2211 persona
582 2137 642 2199 est,
667 2135 698 2190 ct
719 2136 763 2190 est
784 2129 970 2190 verissimum
993 2129 1086 2207 magis
1114 2148 1178 2190 esse
1201 2131 1354 2190 infinitum.
1378 2163 1420 2173 -
1442 2128 1509 2190 Ea·
1524 2146 1548 2187 ιε

217 2230 296 2291 dem
318 2231 412 2293 iere:
437 2231 504 2292 ideo
527 2232 637 2300 ‘lerc’,
661 2233 729 2310 quia
752 2233 914 2311 epicoenon
938 2249 997 2290 nou
1017 2229 1121 2300 habet,
1144 2240 1264 2311 praeter
1280 2232 1452 2312 epicoenon.
1469 2264 1511 2276 —

191 2335 262 2393 avt
282 2331 404 2412 qualis
422 2332 521 2395 talis:
545 2314 693 2412 qualitatis
707 2334 853 2401 infinitae,
875 2334 944 2393 talis
959 2335 1015 2411 vir,
1031 2330 1099 2393 talis
1113 2332 1231 2403 femina,
1248 2331 1305 2394 tale
1320 2335 1509 2412 mancipium.

175 2443 207 2492 10
221 2470 256 2480 -
282 2434 339 2506 Qui
361 2435 524 2497 communis
550 2435 667 2495 numeri
691 2442 737 2495 est
758 2435 878 2513 generis
903 2433 1072 2505 masculini,
1103 2454 1178 2515 qrrae
1204 2434 1338 2496 similiter
1364 2436 1509 2498 leminini.

175 2538 346 2599 redicimus
367 2539 446 2599 euim
470 2556 545 2617 quae
568 2536 674 2598 mulier
697 2543 727 2596 et
748 2555 823 2616 quae
845 2537 996 2606 mulieres,
1020 2539 1072 2616 qni
1095 2538 1138 2598 rir
1161 2539 1263 2619 etqui
1286 2539 1349 2600 riri.
1373 2537 1511 2616 —Ego

215 2656 422 2719 pronomen
445 2637 617 2720 illinitum
640 2640 793 2718 generis
814 2634 955 2721 omnis!
981 2657 1133 2701 numero
1156 2638 1343 2718 singulari
1365 2640 1549 2718 liguraeao

217 2739 422 2821 simplicis:
453 2739 520 2801 ideo
552 2741 680 2819 figurae
699 2738 857 2820 simplicis,
892 2743 959 2819 quia
992 2741 1063 2803 lacit
1094 2742 1292 2821 compositum
1313 2749 1446 2820 egomet.
1469 2775 1512 2786 —

177 2843 407 2903 rtPersonae
435 2844 591 2922 primae:
622 2843 717 2921 prima
746 2848 776 2903 et
798 2842 928 2903 secunda
956 2861 1084 2923 persona
1105 2845 1224 2921 generis
1251 2851 1321 2905 sunt
1343 2847 1448 2905 omnis.
1469 2878 1511 2886 -

177 2942 245 3005 180
273 2962 289 3004 a
318 2963 371 3005 mc
401 2937 567 3028 [ablativo]:
602 2945 632 3004 in
661 2941 805 3021 singulari
833 2963 958 3005 numero
986 2946 1081 3024 prima
1109 2963 1237 3025 persona
1259 2946 1421 3006 vocativum
1451 2964 1510 3006 non

218 3044 322 3115 habet,
340 3047 408 3127 quia
430 3047 495 3126 ipse
518 3063 551 3108 se
573 3064 661 3107 nemo
682 3052 781 3125 potest
802 3028 922 3114 'vocam
945 3044 1091 3127 pluralem
1106 3046 1204 3108 habet.
1235 3049 1388 3126 genetivus
1403 3047 1510 3128 duplex

218 3156 278 3218 cst,
302 3146 355 3209 sed
378 3150 433 3208 mis
455 3149 577 3210 omniuo
598 3149 629 3209 in
652 3167 706 3210 usu
729 3165 789 3208 non
813 3156 865 3209 est.
897 3155 927 3209 ct
951 3143 1023 3231 [hic]
1046 3149 1078 3212 in
1098 3147 1205 3229 plurali
1226 3151 1380 3227 genetivus
1401 3148 1510 3231 duplex
1523 3166 1549 3207 rs

176 3262 207 3310 21
222 3257 268 3312 est
296 3247 455 3331 [septimus
484 3258 529 3311 est
555 3248 699 3330 generis}
728 3285 770 3296 -
797 3249 881 3311 'lunc
908 3267 1074 3330 pronomen
1100 3249 1151 3312 ille
1172 3251 1288 3313 linitum
1311 3261 1368 3321 cst,
1393 3251 1511 3331 qnando

218 3351 255 3413 de
282 3362 438 3433 praesente
466 3352 588 3421 dicitur;
619 3359 691 3414 tunc
718 3353 881 3420 inlinitum,
911 3350 1029 3428 quando
1057 3351 1094 3412 de
1116 3351 1246 3414 absente.
1279 3388 1315 3398 —
1345 3353 1455 3423 Finita,
1479 3360 1511 3413 ut

218 3471 274 3533 ego
296 3461 328 3515 tu
349 3453 416 3523 ille;
445 3455 543 3515 miuus
570 3472 657 3534 quam
681 3455 777 3524 linita,
807 3461 841 3514 ut
861 3453 925 3532 ipse
947 3453 1023 3522 iste;
1054 3453 1237 3526 articularia,
1261 3464 1294 3517 ut
1316 3454 1364 3514 hic
1387 3453 1510 3516 ethaeo

218 3564 248 3616 ct
269 3554 341 3625 hoc;
371 3555 555 3616 subiunctiva
578 3554 624 3616 vel
646 3555 782 3624 relativa,
808 3561 840 3615 ut
861 3555 902 3623 is;
932 3555 1060 3624 infinita,
1085 3563 1118 3616 ut
1139 3556 1205 3635 quis
1227 3575 1303 3636 quae
1325 3556 1417 3637 quod;
1441 3575 1509 3636 pos-

217 3659 342 3727 sessiva,
365 3665 398 3717 ut
419 3675 504 3717 meus
527 3664 595 3717 tuus
617 3665 721 3718 noster
744 3665 849 3718 vester.
873 3689 914 3698 —
942 3655 976 3717 ln
999 3658 1111 3718 neutris
1133 3658 1360 3738 pronominibus
1381 3661 1459 3720 sicut
1478 3659 1509 3719 in
1523 3676 1548 3716 so

218 3756 387 3819 nominibus
416 3764 474 3818 tam
502 3759 532 3817 in
562 3756 705 3836 singulari
733 3777 820 3838 quarn
847 3758 877 3818 io
907 3756 1013 3836 plurali
1041 3776 1167 3820 numero
1194 3769 1256 3822 tres
1283 3780 1369 3823 casus
1400 3760 1511 3822 similes

218 3866 301 3930 sunt,
326 3857 330 3940 Ι
355 3860 551 3921 nominativus
580 3861 761 3921 accusativus
789 3868 819 3920 ct
846 3861 1005 3922 vocativus.
1038 3894 1073 3904 —
1102 3858 1199 3922 Minus
1226 3880 1315 3941 quam
1343 3865 1423 3924 linita
1451 3863 1510 3925 duo

176 3968 306 4031 assunt,
330 3963 393 4041 ipse
417 3971 446 4022 et
467 3963 532 4022 istc.
566 3996 601 4005 -
636 3960 734 4042 lpsius
760 3961 933 4023 naturaliter
955 3964 997 4024 sic
1023 3963 1129 4043 accipit
1151 3971 1320 4026 accentum:
1355 3963 1441 4043 longa
1465 3972 1510 4025 est

175 4064 299 4125 atenim
322 4063 346 4131 i,
370 4063 447 4124 sicut
470 4062 609 4124 etillius.
643 4096 686 4108 --
717 4063 834 4125 llliuus
861 4082 966 4142 quam
993 4064 1118 4124 linita:
1153 4082 1227 4142 quac
1255 4084 1311 4127 nec
1333 4065 1413 4126 imita
1441 4075 1510 4126 sunt

218 4180 273 4224 nec
294 4162 416 4224 infinita.
462 4166 542 4225 linita
570 4147 745 4245 pronomina
773 4174 946 4246 praesentes
973 4184 1117 4245 personas
1144 4166 1268 4238 iaciunt,
1298 4166 1397 4229 miuus
1420 4185 1547 4246 quamue

288 4368 349 4421 (iod.
370 4367 450 4421 Bem.
473 4372 481 4419 l
500 4366 601 4420 8*-—ll
621 4371 645 4422 3.
719 4372 732 4423 l
757 4372 909 4436 depotantur
926 4383 977 4419 non
996 4369 1081 4421 cilicia
1099 4372 1230 4437 potestatis
1245 4371 1316 4422 ducit
1334 4386 1438 4422 examen

218 4440 234 4489 2
252 4447 310 4502 port
328 4437 403 4488 habet
425 4441 529 4490 drormn
544 4456 658 4491 versuum
677 4444 784 4506 spatirm
799 4444 910 4492 relictum
923 4447 962 4490 eat
1024 4439 1042 4491 d
1055 4441 1146 4491 debeat
1160 4439 1167 4506 Ι
1182 4443 1348 4508 consularis¹s
1364 4441 1369 4509 Ι
1385 4442 1509 4508 (requitur

218 4513 326 4575 spatium
346 4509 450 4560 dromon
471 4508 596 4572 vacuam)
619 4513 663 4575 qui
688 4513 790 4561 nomine
812 4525 858 4562 suo
882 4511 941 4561 anui
965 4509 1085 4560 circulum
1106 4511 1109 4575 1
1129 4508 1192 4573 (ana
1210 4511 1316 4576 seledo,
1335 4527 1400 4578 puae
1420 4513 1509 4575 suerat

216 4581 300 4644 primo
319 4579 422 4631 secundi
445 4583 629 4646 quaternionis,
652 4580 743 4647 periit)
767 4592 817 4631 met
841 4589 940 4632 uosmet
1010 4580 1273 4631 rinocerotem
1344 4583 1375 4632 17
1393 4583 1451 4632 talis
1471 4585 1509 4632 vir

220 4667 269 4705 o.
342 4649 374 4701 18
393 4649 500 4699 dicimus
521 4666 567 4700 om·
638 4652 671 4701 21
694 4653 834 4718 composita
903 4650 1069 4702 tonicam.
1140 4650 1219 4702 auio
1240 4653 1386 4702 neutris-
1406 4654 1509 4703 istedir

219 4723 317 4785 scripta
333 4729 390 4772 suat
465 4718 499 4770 34
518 4719 535 4784 i]
554 4720 595 4770 hic

290 4897 323 4949 25
343 4895 388 4946 sed
407 4895 454 4944 mis
470 4894 592 4962 Hupenus
661 4891 695 4947 26
713 4893 759 4944 sed
778 4895 859 4944 omnis
879 4900 917 4943 cst
934 4891 1037 4960 generis
1054 4891 1118 4942 idem
