3346 5498
456 396 464 412 '
509 424 708 487 cxccnvrl
731 423 903 487 vlnvsvm
926 423 1044 484 rvr-v
1363 417 1425 483 coa

1224 542 1245 582 p.
1259 530 1361 570 nee-or
1374 527 1398 570 r.

136 610 357 693 ρισπωμένων
378 632 410 673 οι
432 614 648 693 diphthongum
664 614 695 672 in
717 615 812 691 prima
834 614 981 691 positione
997 618 1111 670 tantum
1134 617 1224 678 tenet,
1248 611 1279 669 in
1302 608 1427 687 reliquis

135 722 233 776 autem
261 715 345 774 verbi
375 712 625 775 declinationibus
660 721 754 775 mutat
782 732 848 774 eam
876 716 906 773 in
936 731 987 772 ου.
1032 710 1083 771 sed
1117 719 1147 771 ct
1181 714 1211 770 in
1245 709 1424 791 barytonisl

135 817 239 878 eadem
263 818 371 877 infiniti
394 816 474 876 modi
497 815 619 877 creandi
642 815 811 876 observatio
833 817 1002 895 reperitur,
1025 809 1143 874 τύπτει
1164 809 1312 891 τύπτειν,
1336 809 1426 890 λέγει

137 917 248 998 λέγειν
270 926 301 978 ct
323 927 434 979 cetera.
478 936 614 978 necnon
638 926 669 978 et
690 921 898 998 imperativum
921 916 1041 977 modum
1064 916 1167 976 eadem
1190 917 1276 974 tertia
1300 932 1426 993 persona

97 1037 110 1077 ε
136 1020 173 1081 de
199 1039 234 1081 se
262 1029 359 1090 creat,
393 1023 424 1081 in
452 1022 669 1100 perispomenis
697 1021 816 1100 quidem
845 1026 969 1079 accentu
1002 1017 1036 1078 ad
1071 1021 1257 1097 superiorem
1284 1015 1426 1095 syllabam

138 1123 292 1191 translato,
322 1128 414 1182 ποιεῖ
432 1120 536 1200 ποίει,
559 1121 637 1203 τιμᾷ
661 1121 755 1201 τίμα,
779 1127 900 1201 χρυσοῖ
924 1114 1059 1199 χρύσοι,
1088 1121 1120 1179 in
1147 1118 1301 1198 barytonis
1329 1124 1427 1178 autem

137 1224 289 1285 subtracto
312 1244 341 1303 ι,
369 1220 458 1302 λέγει
487 1221 579 1302 λέγε,
608 1218 733 1302 γράφει
759 1218 886 1302 γράφε,
917 1215 1012 1301 ἄρχει
1040 1214 1133 1299 ἄρχε.
1179 1222 1209 1280 in
1239 1222 1427 1280 coniunctivo

136 1327 222 1387 modo
246 1326 319 1387 nilril
343 1327 464 1386 omnino
486 1333 632 1394 mutatur,
657 1323 708 1385 sed
726 1326 822 1403 prima
838 1342 966 1403 persona
988 1324 1157 1403 praesentis
1181 1323 1325 1401 temporis
1346 1322 1426 1382 modi

136 1428 289 1489 indicativi
312 1428 414 1488 eadem
436 1435 481 1487 est
502 1429 532 1487 in
555 1428 744 1488 coniunctim
766 1426 854 1486 modo
877 1427 971 1505 prima
991 1443 1121 1504 persona
1142 1426 1324 1503 praesentis,
1341 1421 1427 1483 ποιῶ

98 1543 124 1582 ¹0
138 1518 199 1590 ἐὰν
220 1529 318 1608 ποιῶ,
340 1527 410 1608 βοῶ
434 1522 495 1589 ἐὰν
516 1527 598 1608 βοῶ,
620 1524 711 1589 θέλω
735 1520 798 1604 ἐὰν,
818 1522 921 1606 θέλω,
944 1521 1065 1606 γράφω
1089 1518 1149 1586 ἐὰν
1170 1520 1301 1604 γράφω.
1326 1543 1427 1586 verunt

138 1632 337 1693 differentiam
366 1632 436 1691 lacit
463 1631 593 1691 secunda
622 1648 763 1710 persona,
787 1629 873 1689 ποιῶ
896 1634 1018 1706 ποιεῖς,
1043 1616 1103 1689 ἐὰν
1124 1626 1209 1687 ποιῶ
1234 1617 1295 1687 ἐάν
1317 1625 1426 1706 ποιῇς.

138 1737 209 1794 item
232 1733 309 1813 apud
333 1732 462 1794 Graecos
484 1735 580 1812 prima
609 1750 736 1812 persona
759 1733 927 1810 praesentis
950 1731 1066 1791 adiecto
1089 1729 1146 1790 sibi
1169 1748 1191 1788 ν
1212 1729 1284 1788 lacit
1305 1730 1427 1806 partici-

138 1838 234 1915 pium,
259 1833 350 1894 λαλῶ
373 1832 497 1912 λαλῶν,
520 1830 641 1914 γράφω
663 1829 815 1913 γράφων.
862 1850 1004 1912 praesens
1025 1839 1143 1911 tempus
1164 1847 1339 1907 graecorum
1363 1848 1427 1890 ver·

139 1938 244 1998 borum
266 1936 344 2016 quod
368 1939 398 1996 in
425 1954 484 2014 μαι
514 1933 655 2015 syllabam
677 1936 857 1995 terminatur
882 1937 914 1995 in
943 1929 1210 2013 περισπωμένως
1236 1931 1372 2010 quidem,
1401 1933 1427 1990 si

100 2051 125 2091 15
138 2039 249 2101 abiciat
271 2056 330 2117 μαι
353 2036 509 2117 syllabam,
533 2039 605 2098 lacit
626 2039 848 2116 imperativum,
878 2034 1040 2115 φιλοῦμαι
1063 2033 1185 2113 φιλού,
1214 2032 1356 2113 τιμῶμαι
1378 2052 1428 2093 τι-

137 2134 204 2221 μῶ,
228 2137 418 2218 χρυσοῦμαι
441 2137 587 2218 χρυσοῦ,
610 2141 641 2198 in
665 2137 819 2218 barytonis
841 2155 925 2208 vero,
949 2139 975 2198 si
998 2134 1112 2198 abiecta
1135 2153 1195 2214 μαι
1216 2134 1327 2214 syllaba
1350 2137 1428 2197 aeci·

137 2245 200 2322 piat
221 2261 245 2301 ν
265 2241 403 2309 litteram,
427 2237 565 2320 λέγομαι
587 2236 700 2318 λέγον,
723 2235 896 2319 γράφομαι
916 2234 1064 2318 γράφου.

221 2343 263 2404 lle
292 2342 454 2422 praeterito
489 2343 665 2421 inperfecto.
709 2359 815 2419 graeca
842 2339 933 2400 verba
964 2342 1077 2410 omnia,
1111 2357 1164 2400 seu
1196 2338 1338 2420 barytona
1366 2343 1428 2400 sive

137 2447 353 2527 perispomena,
367 2446 398 2503 in
413 2451 547 2526 tempore
562 2445 729 2523 inperfecto
741 2443 864 2503 eandem
876 2442 987 2503 babent
1002 2444 1128 2522 primam
1139 2460 1298 2522 personam
1312 2443 1429 2503 numeri

99 2547 298 2626 ²⁰singularis
324 2562 399 2626 quae
426 2555 470 2607 est
490 2548 578 2607 teriia
600 2544 738 2624 pluralis,
764 2540 904 2605 ἐποίουν
927 2539 1005 2622 ἐγῶ,
1029 2539 1170 2604 ἐποίουν
1193 2540 1327 2604 ἐκεῖνοι.
1356 2546 1429 2603 item

139 2653 169 2710 in
192 2651 309 2728 graecis
325 2647 425 2708 verbis
440 2648 579 2709 omnibus
594 2665 723 2728 quorum
745 2649 854 2728 positio
875 2648 971 2725 prima
994 2648 1025 2706 in
1049 2665 1075 2706 ω
1098 2646 1209 2705 desinit
1230 2646 1428 2724 inperfectum

138 2760 255 2831 tempus
283 2751 416 2811 ultimam
444 2749 585 2830 syllabam
617 2768 699 2811 suam
729 2747 766 2808 ab
793 2748 841 2808 bis
870 2749 1002 2826 incipere
1031 2747 1141 2809 litteris
1169 2749 1256 2816 iacit,
1280 2745 1429 2826 aquibus

138 2854 240 2915 ultima
263 2852 375 2934 syllaba
399 2854 567 2932 praesentis
588 2853 701 2929 coepit,
725 2847 810 2928 τιμῶ
832 2845 972 2928 ἐτίμων,
994 2844 1116 2929 γράφω
1139 2846 1301 2926 ἔγραφον,
1324 2842 1429 2926 τρέχω

138 2954 290 3035 ἔτρεχον,
313 2963 377 3025 aut,
401 2956 427 3014 si
449 2954 559 3013 vocalis
581 2952 642 3012 sola
665 2951 726 3011 illic
754 2950 824 3018 luit,
854 2957 884 3009 et
911 2950 959 3009 bic
982 2950 1013 3010 in
1036 2952 1133 3030 capite
1156 2950 1277 3010 ultiman
1299 2947 1428 3028 syllabae

100 3067 125 3108 2⁵
139 3057 247 3118 vocalis
271 3059 343 3125 crit,
372 3053 459 3115 ποιῶ
482 3050 639 3130 ἐποίουν,
661 3045 843 3129 θεραπεύω
867 3045 1089 3127 ἐθεράπευον.
1136 3069 1222 3111 omne
1246 3051 1428 3111 Graecorum

139 3161 338 3239 inperfectum
361 3158 488 3218 activum
511 3155 557 3216 vel
578 3156 675 3215 activo
698 3152 795 3212 simile
818 3153 848 3211 in
870 3171 893 3212 ν
915 3152 1044 3212 litteram
1060 3152 1185 3213 desinit:
1209 3150 1262 3212 sed
1286 3151 1428 3232 barytona

137 3263 169 3321 in
197 3260 318 3321 brevem
347 3256 488 3338 syllabam
511 3258 669 3325 finiuntur,
698 3254 728 3313 id
756 3261 802 3315 est
829 3255 859 3314 in
883 3272 924 3313 ον
945 3272 1079 3333 semper,
1103 3252 1240 3333 ἔτρεχον
1262 3251 1427 3332 ἐγραφονι

138 3365 347 3442 perispomena
370 3378 441 3419 vero
463 3359 508 3418 vel
531 3378 547 3418 a
570 3355 671 3417 verbis
693 3358 724 3417 in
745 3376 782 3436 μι
804 3355 983 3417 exeuntibus
1005 3356 1091 3434 longa
1116 3358 1323 3425 terminantur,
1349 3350 1429 3415 εἰιά-

139 3463 224 3523 λονν
246 3459 370 3541 ἐτίμων
392 3456 539 3539 ἐδήλουν
561 3454 690 3538 ἐτίθην.
735 3457 864 3538 denique
886 3453 1008 3538 ρίπτω,
1031 3461 1101 3537 quia
1124 3457 1212 3518 modo
1234 3466 1321 3517 acuto
1343 3457 1429 3517 modo

100 3564 331 3625 svctrcumssexo
353 3570 476 3622 accentu
499 3563 722 3640 pronuntiatur,
746 3567 776 3620 ei
798 3558 957 3639 ἔρριπτον
979 3567 1008 3619 et
1031 3555 1214 3639 ἐρρίπτουν
1241 3561 1329 3630 iacit;
1357 3553 1429 3619 κύω

138 3672 261 3746 propter
283 3663 408 3724 eandem
430 3681 549 3724 causam
572 3669 602 3723 et
623 3660 726 3723 ἐκυον
746 3670 776 3723 et
792 3656 929 3723 ἐκύουν.
964 3672 994 3722 et
1015 3661 1070 3721 boc
1091 3663 1181 3747 etiam
1202 3660 1428 3731 observandum,

139 3776 171 3828 ut
198 3773 248 3827 aut
276 3766 473 3845 inperfectum
504 3767 633 3826 retineat
659 3781 817 3825 numerum
844 3763 1024 3843 syllabarum
1052 3781 1140 3842 quem
1168 3780 1312 3841 praesens
1338 3760 1430 3823 babet

139 3877 189 3930 aut
217 3876 333 3929 crescat
360 3864 364 3948 l
390 3886 458 3928 una.
502 3875 603 3928 manet
629 3866 791 3945 aequalitas
818 3868 850 3927 in
879 3865 938 3927 illis
965 3883 1090 3946 quorum
1119 3881 1261 3944 praesens
1289 3882 1305 3924 a
1334 3863 1429 3924 vocali

139 3973 253 4051 coepit,
284 3972 500 4030 incrementum
529 3971 682 4049 patiuntur
709 3987 836 4048 quorum
864 3985 1006 4048 praesens
1038 3987 1054 4027 a
1088 3974 1266 4027 consonante
1300 3965 1428 4036 inchoat,

100 4084 126 4123 ³5
139 4065 214 4152 άγω
234 4058 331 4150 ἦγον,
354 4066 440 4149 λέγω
463 4069 590 4148 ἔλεγον.
628 4089 684 4132 nec
706 4073 770 4131 sine
793 4073 923 4131 ratione:
946 4089 1015 4130 nam
1035 4087 1110 4149 quac
1133 4066 1243 4148 syllaba
1266 4084 1325 4127 non
1347 4084 1430 4128 cres·

138 4181 209 4234 cunt
237 4172 403 4232 adiectione
433 4175 576 4252 temporis
603 4180 756 4241 creseunt,
786 4172 857 4234 dum
890 4174 1083 4251 incipientem
1110 4170 1240 4230 vocalem
1275 4167 1311 4228 de
1346 4167 1429 4228 brevi

138 4275 255 4353 longam
279 4276 407 4345 laniunt,
432 4283 464 4334 ut
485 4268 570 4353 άγω,
593 4294 614 4334 α
637 4274 737 4336 brevis
759 4282 869 4335 mutata
892 4282 938 4334 est
959 4275 990 4334 in
1011 4293 1032 4352 η
1055 4273 1188 4350 longam,
1211 4257 1307 4349 ἦγον.
1341 4287 1429 4348 saepe

139 4385 237 4438 tamen
262 4377 382 4437 licentia
404 4378 521 4456 poetica
544 4378 729 4438 incremento
752 4384 864 4437 carent.
910 4394 967 4436 non
991 4393 1150 4455 numquam
1173 4375 1271 4453 prima
1293 4373 1358 4450 ipsa
1379 4389 1429 4430 vo·

138 4479 226 4548 calis,
256 4481 280 4538 si
309 4477 409 4539 brevis
439 4486 498 4548 cst,
528 4478 682 4540 inmobilis
711 4486 826 4548 manet,
855 4478 907 4539 sed
937 4477 1065 4538 vocalem
1094 4476 1218 4537 alteram
1245 4473 1367 4550 recipit,
1397 4480 1431 4532 ut

100 4582 256 4642 seiunctae
280 4582 397 4659 longam
419 4582 531 4640 saciant
553 4578 704 4661 syllabam,
728 4579 791 4658 ἔχω
807 4568 910 4658 είχον,
933 4574 1019 4639 ἕλκω
1036 4565 1161 4654 εἷλκον,
1183 4572 1274 4654 ἕρπω
1298 4559 1427 4651 εἷρπον.

208 4771 280 4821 best
295 4771 378 4822 om.P
429 4767 516 4819 west
531 4781 577 4816 om.
591 4767 617 4816 P
662 4765 696 4817 29
711 4755 845 4833 ἐδήλουν]
860 4763 978 4817 adricus
995 4756 1175 4825 Ρέδίδουνμ
1228 4759 1300 4812 30et
1315 4775 1430 4824 εριπτον

140 4847 165 4886 et
183 4853 318 4902 episcenos
336 4839 360 4886 P
408 4829 468 4888 κύω
485 4835 626 4888 Lobeckiue
642 4833 845 4900 adoptans.
863 4851 886 4888 ν.
902 4834 954 4884 aab
969 4832 1059 4885 ιιιωΡ
1107 4832 1138 4883 31
1157 4839 1182 4881 et
1199 4845 1277 4882 ενιον
1295 4838 1319 4878 et
1332 4844 1430 4880 εκιουν

140 4909 165 4960 P
232 4908 299 4975 37η
320 4908 420 4974 longam
436 4906 669 4975 Ionueplongom
688 4907 713 4956 P
779 4903 815 4956 40
831 4899 1042 4966 ίλιιωείλιιοτρ
1062 4917 1137 4952 razo)
1156 4915 1255 4952 ειαιιον
1273 4900 1298 4949 P

1160 4982 1227 5049 39*
