3346 5498
658 359 894 423 COMMENTVM
1361 356 1422 421 113

1252 480 1274 520 p.
1286 466 1399 509 lid-401..

130 547 224 609 babet
251 566 268 608 a
290 546 398 617 rocali,
428 555 458 608 et
485 564 577 608 unum
606 547 694 608 babet
721 567 736 608 a
765 546 880 610 duabus
908 546 1148 609 consonantibus.
1192 546 1304 609 idcirco
1330 551 1363 609 tit
1391 555 1423 608 ut

130 669 194 711 aon
218 656 400 728 quaerantur
422 667 438 709 a
461 650 606 729 positione
629 650 687 709 nisi
709 647 784 709 duae
807 657 1014 719 consonantes,
1038 651 1104 729 quia
1129 648 1203 710 duae
1226 658 1423 712 consonantes

131 751 291 813 dimidium
315 759 345 811 et
366 750 519 811 dimidium
543 749 654 810 habeut
681 758 799 831 tempus
832 759 860 813 et
886 753 996 813 iaciunt
1023 749 1140 830 longam
1170 750 1310 829 syllabam
1338 771 1422 833 prae·

130 854 300 914 cedentem.
346 851 383 913 ob
399 853 475 914 banc
491 869 608 914 cansam
629 851 756 914 diximus
772 854 829 914 duo
846 873 910 915 esse
927 862 1059 933 tempora
1081 861 1110 913 et
1129 854 1303 915 naturaliter
1318 855 1423 933 longae

103 962 164 1016 set
186 956 334 1035 positione
356 953 471 1034 longae.
515 953 589 1014 illud
613 956 700 1015 etiam
724 958 869 1036 sequitur,
899 975 963 1017 osse
992 955 1104 1035 aliquas
1125 954 1250 1033 syllabas
1271 956 1422 1036 plurimas,

132 1076 211 1138 quae
235 1064 265 1119 et
284 1055 369 1137 plura
391 1055 503 1117 habent
525 1065 675 1138 tempora,
703 1077 792 1136 quam
814 1065 944 1137 oportet,
974 1063 1007 1118 nt
1030 1064 1080 1117 est*
1095 1056 1151 1117 lex.
1198 1075 1266 1119 ecce
1290 1080 1306 1120 e
1327 1061 1423 1138 ipsum

132 1158 310 1220 naturaliter
338 1158 397 1219 duo
425 1166 560 1238 tempora
588 1158 691 1227 habet;
715 1178 747 1229 x,
781 1178 856 1239 quac
884 1159 1009 1220 duarum
1038 1162 1264 1220 consonantium
1291 1159 1424 1238 iungitur

132 1262 211 1330 loco,
234 1279 326 1322 unum
347 1259 437 1322 babet
459 1268 589 1340 tempus:
614 1278 683 1321 ecce
707 1262 855 1321 invenitur
876 1262 930 1321 ista
953 1259 1064 1340 syllaba
1079 1260 1189 1321 babere
1210 1263 1264 1322 tria
1281 1269 1423 1341 tempora.

132 1382 230 1444 quare
252 1362 309 1423 boc
331 1361 414 1422 dixit
437 1368 481 1423 est
502 1362 621 1442 quidem
637 1370 789 1432 tractatus,
812 1363 865 1423 sed
889 1365 975 1423 etiarn
1001 1362 1070 1423 utile
1094 1371 1138 1423 est
1159 1364 1189 1423 ia
1212 1363 1268 1423 boc
1291 1372 1424 1432 tractatu,

92 1467 278 1546 aequoniam
305 1467 377 1526 istae
405 1463 548 1544 syllabae,
579 1484 654 1544 quae
676 1464 772 1526 tribus
793 1462 977 1544 temporibus
999 1465 1085 1534 liunt,
1115 1465 1138 1525 si
1168 1465 1279 1525 babeat
1304 1473 1372 1546 post
1393 1485 1425 1526 sc

133 1567 208 1629 alias
236 1573 447 1635 consonantes,
471 1569 651 1646 asperrimos
673 1567 783 1628 iaciunt
805 1584 921 1636 versus,
944 1584 1004 1626 non
1026 1566 1175 1627 terendos.
1220 1569 1329 1646 quare?
1352 1578 1426 1627 tem·

134 1689 210 1750 pora
239 1671 318 1731 enim
347 1670 510 1730 crescentia
540 1667 615 1729 ultra
640 1666 644 1749 l
670 1669 790 1730 modum
818 1671 964 1747 incipiunt
990 1686 1113 1746 gravare
1142 1676 1258 1729 nostras
1286 1687 1372 1729 aures
1400 1677 1428 1729 et

135 1771 278 1833 obruere.
321 1779 391 1850 puta
422 1771 500 1850 siqui
533 1768 620 1830 talem
651 1788 768 1831 versum
802 1772 902 1841 saciat,
938 1770 1001 1832 ‘lex
1031 1772 1125 1850 prima
1155 1778 1200 1831 cst
1221 1770 1428 1851 quodcumque

134 1874 264 1954 potest',
294 1879 433 1953 quattuor
460 1879 529 1932 sunt
556 1879 699 1952 tempora.
750 1871 812 1943 lex,
837 1893 853 1933 e
881 1873 940 1934 duo
967 1871 1057 1932 babet
1078 1880 1226 1951 tempora;
1255 1872 1429 1934 naturaliter

96 1988 122 2031 rs
136 1977 220 2037 euim
241 1972 329 2053 longa
352 1982 410 2035 est:
434 1975 569 2054 sequitur
591 1994 624 2046 x,
648 1994 738 2036 unum
763 1983 879 2054 tempus
901 1973 1004 2044 babet,
1029 1975 1095 2054 quia
1118 1974 1243 2035 duarum
1265 1993 1427 2036 consonan-

135 2079 212 2139 tium
235 2077 368 2155 iungitur
389 2077 470 2138 loco:
493 2077 627 2153 sequitur
649 2096 668 2156 p
691 2085 765 2144 etr,
789 2095 858 2137 ecce
881 2078 990 2138 iterum
1007 2076 1085 2137 aliud
1106 2085 1237 2157 tempus:
1261 2098 1330 2138 ecco
1346 2085 1429 2158 ‹puat-

136 2190 207 2240 tuor
229 2161 365 2258 tempora
388 2185 473 2246 suat,
505 2184 534 2238 et
557 2195 636 2238 nuuc
657 2195 744 2258 asper
767 2189 819 2239 est.
866 2198 922 2258 qua
945 2183 1059 2240 ratione
1082 2180 1138 2239 hoc
1161 2179 1242 2239 dixit
1279 2181 1429 2258 quotiens·

135 2298 268 2360 cumque
295 2279 433 2340 inciderit
461 2278 518 2339 tale
546 2278 670 2359 aliquid,
700 2279 842 2341 debemus
868 2281 960 2342 verba
988 2283 1142 2361 sequentia
1170 2301 1186 2341 a
1214 2280 1363 2341 vocalibus
1386 2283 1431 2340 iu·

136 2382 265 2451 cboare,
289 2389 322 2442 nt
343 2380 483 2461 depereat
505 2380 614 2461 aliquid
638 2381 675 2442 de
698 2381 745 2443 illa
768 2402 891 2453 summa,
920 2392 952 2444 ut
973 2391 1046 2464 puta
1068 2385 1093 2444 si
1116 2382 1196 2443 dicas
1219 2382 1282 2443 ‘lex
1305 2385 1363 2443 ima
1386 2390 1438 2446 cst.

96 2483 350 2564 soquodcumque
377 2482 481 2544 velis’
509 2482 603 2544 levius
630 2493 729 2554 sonat,
758 2486 784 2545 si
805 2484 886 2545 dicas
907 2484 972 2546 ‘lex
999 2488 1057 2546 ima
1085 2488 1156 2556 est’,
1185 2503 1271 2564 quana
1299 2487 1324 2546 si
1352 2484 1432 2544 dicas

136 2585 205 2646 ‘lex
226 2587 324 2665 prima
348 2588 425 2647 est’:
453 2585 511 2646 boc
533 2589 667 2667 asperius
690 2596 719 2647 et
741 2588 858 2666 gravius
879 2595 973 2648 sonat.
1018 2589 1139 2648 omnino
1161 2588 1218 2647 boc
1240 2605 1359 2648 serrare
1382 2586 1432 2647 de·

138 2688 214 2749 bent
235 2690 285 2768 qui
308 2688 409 2748 solunt
430 2687 561 2748 lubricos
588 2706 692 2749 versus
721 2698 749 2749 et
777 2697 931 2750 currentes
953 2690 1060 2750 lacere.
1105 2708 1173 2751 nam
1195 2688 1308 2750 idcirco
1331 2707 1433 2749 omnes

137 2788 197 2859 illi,
221 2791 387 2869 participiis
411 2807 478 2850 cum
502 2791 736 2868 coniunguntur,
765 2792 944 2871 asperrimos
967 2810 1069 2853 versus
1092 2793 1210 2853 iaciunt.
1256 2810 1344 2852 omno
1367 2809 1433 2870 par·

139 2893 278 2972 ticipium
300 2890 418 2970 longam
440 2890 528 2951 babet
549 2889 705 2973 syllabam,
731 2900 763 2953 ut
784 2892 894 2954 docens
916 2893 1058 2954 scribens.
1103 2902 1136 2953 nt
1156 2901 1225 2974 puta
1247 2894 1323 2974 siqui
1344 2892 1433 2952 talem

97 3012 124 3051 aa
138 2994 232 3054 iaciat
254 3011 389 3062 versum,
414 2991 624 3073 ‘scribensque
646 2996 798 3074 patrique’
824 2994 906 3055 verbi
929 3014 1025 3066 cansa,
1049 2997 1231 3076 asperrimus
1254 3014 1356 3056 versus
1379 3002 1432 3055 est.

139 3096 256 3176 quare?
279 3095 425 3175 quiahoc
447 3096 543 3176 ipsum
566 3115 582 3156 e
604 3097 779 3158 naturaliter
793 3095 914 3174 longum
938 3106 997 3167 est;
1021 3098 1129 3157 deinde
1151 3095 1293 3177 sqqutear
1316 3117 1335 3157 n
1359 3107 1432 3167 ets,

140 3199 253 3258 crescit
275 3205 403 3277 tempus.
448 3199 587 3277 quoniam
610 3202 743 3278 sequitur
766 3198 813 3259 illa
838 3202 1021 3268 coniunctio,
1045 3199 1118 3259 illud
1134 3202 1251 3259 crescit
1295 3206 1434 3277 quattuor

140 3310 281 3380 tempora
304 3308 390 3369 sunt,
415 3308 444 3359 et
465 3301 646 3380 asperrimus
669 3302 700 3361 lit
722 3319 837 3370 versus,
861 3301 1069 3380 scribensquc‚
1095 3310 1124 3361 et
1145 3301 1216 3361 latet
1237 3319 1326 3361 causa
1350 3319 1434 3379 aspe-

216 3629 232 3677 2
258 3634 413 3689 quaerantur
435 3640 450 3673 a
474 3626 639 3690 positioneC
664 3634 832 3688 quaeratura
855 3626 979 3690 positione
996 3625 1021 3675 B
1039 3634 1192 3689 quaerantur
1215 3624 1383 3689 apositionem
1399 3624 1434 3677 A.

142 3698 260 3758 sortasse
279 3703 415 3760 quaeratur
438 3710 451 3742 a
471 3696 609 3761 positione,
632 3696 681 3745 nisi
701 3696 765 3744 duae
784 3695 834 3744 sint
857 3705 1027 3745 consonantes
1098 3697 1157 3759 quia
1179 3696 1245 3745 duae
1269 3706 1436 3745 consonantes

145 3784 192 3816 on.
212 3767 247 3828 A,
260 3766 322 3819 add.
342 3784 360 3816 a
412 3764 597 3826 beornAC,
617 3766 712 3814 adda
765 3765 1083 3816 illabethCalrabet
1103 3781 1194 3814 aaran
1220 3765 1276 3813 AL
1328 3765 1437 3825 aquare

146 3837 195 3887 boc
214 3837 271 3884 dlxi
287 3845 311 3884 et
330 3835 432 3897 quidem
446 3844 565 3884 tractatas
582 3836 627 3884 sed
645 3837 721 3884 etiam
741 3835 801 3883 utile
820 3836 898 3883 estin
917 3835 965 3884 boc
983 3845 1089 3885 tractatu
1109 3851 1186 3898 qrrare
1205 3835 1253 3884 hoc
1268 3835 1323 3883 dlxi
1342 3837 1437 3897 etqui-

146 3909 206 3956 dem
227 3914 349 3954 tractatus
367 3906 413 3953 sed
431 3906 506 3954 etiam
525 3906 585 3954 utile
603 3914 641 3954 est
660 3906 685 3953 iu
707 3905 754 3953 boc
775 3913 881 3955 tractatu
898 3921 975 3969 quare
993 3905 1041 3955 boc
1061 3907 1113 3955 dixi
1130 3906 1190 3971 poni
1206 3906 1324 3969 quoniam
1344 3904 1368 3951 A

147 3987 186 4027 est
208 3976 311 4038 quidem
332 3984 466 4023 tractatum
483 3976 507 4024 L
578 3974 608 4025 ll
630 3975 694 4023 alias
714 3975 804 4038 longas
823 3986 990 4025 consonantes
1009 3977 1064 4025 AL
1136 3975 1167 4026 1³
1186 3976 1292 4024 obruere
1311 3975 1440 4038 adscripto

145 4050 171 4098 ia
190 4062 272 4110 marg.
291 4046 465 4108 obstrepiscere
485 4046 506 4092 A
579 4046 610 4095 ltt
630 4045 744 4110 iungitur
759 4045 813 4093 loco
831 4048 855 4092 A
875 4045 997 4110 iungatur
1015 4048 1069 4096 loco
1090 4046 1113 4092 t
1132 4045 1217 4093 olticio
1234 4044 1350 4110 laarrgiaur
1368 4045 1440 4094 BCu

221 4117 249 4166 li
269 4123 293 4163 et
306 4129 374 4163 nuuc
391 4129 468 4179 asper
481 4125 518 4164 est
535 4115 560 4163 B
567 4117 608 4165 Co
625 4125 649 4162 ct
665 4129 716 4162 uam
734 4130 808 4179 asper
824 4115 849 4162 A
865 4125 889 4163 et
903 4118 918 4164 ai
934 4131 1025 4181 aspera
1042 4118 1066 4166 L
1084 4124 1107 4163 el
1123 4130 1189 4162 nunc
1204 4130 1280 4178 asper
1298 4125 1335 4163 est
1351 4129 1439 4162 versus

146 4187 255 4236 coniecit
277 4185 460 4234 Liadernanaas
531 4185 562 4234 to
583 4185 706 4249 deperdat
722 4185 810 4246 aliquit
825 4185 856 4232 ale
876 4186 918 4233 illa
937 4189 1017 4248 prima
1036 4185 1126 4233 sillaba
1145 4195 1204 4247 puta
1223 4187 1245 4233 si
1261 4185 1331 4233 dicas
1345 4184 1440 4232 lexima

148 4271 226 4322 qnam
244 4255 307 4304 sih
391 4255 426 4304 20
449 4254 625 4317 quodcumque
648 4254 712 4302 velis
731 4255 906 4319 Heuaiaperue
930 4257 948 4304 l,
967 4271 988 4304 c.
1015 4254 1139 4316 quodcum
1159 4255 1223 4302 uelis
1243 4255 1295 4304 BC
1314 4253 1439 4317 quodcum

147 4327 227 4377 uallis
245 4324 271 4372 A
342 4322 430 4390 quam]
449 4325 550 4388 qaodO
617 4326 650 4374 22
665 4324 747 4373 omnis
766 4325 790 4372 A
860 4325 894 4375 23
910 4325 1047 4389 participiis
1062 4339 1118 4372 cum
1134 4325 1322 4390 coniunguntur
1340 4324 1365 4372 B
1382 4338 1440 4386 par-

318 4404 358 4432 ton
674 4403 722 4431 elim
1153 4397 1164 4405 ¹

79 4448 88 4464 ⁶
148 4447 247 4514 ticipiis
268 4462 324 4495 curn
351 4447 490 4512 iunguntur
507 4446 532 4493 A
558 4445 697 4511 participiis
721 4446 908 4510 coniunguntur
927 4445 947 4494 G
966 4445 1106 4510 participiis
1133 4409 1321 4510 cgntarngmmr
1341 4445 1371 4493 L.
1393 4443 1442 4492 nisi

146 4521 228 4585 plura
246 4525 305 4566 aute
326 4533 349 4566 o.
369 4515 407 4564 illi
426 4516 587 4579 exciderunt,
606 4516 763 4566 scribendam
779 4517 878 4566 videtur
897 4530 954 4563 nam
970 4515 1063 4563 idcirco
1083 4515 1272 4563 coniunctiones
1289 4515 1347 4562 illae
1362 4513 1440 4578 parti-

149 4589 302 4655 cipiiseam
323 4586 513 4651 coniunguntur
566 4601 666 4635 omnem
685 4602 754 4640 corr,
780 4601 854 4634 omne
873 4585 898 4632 A
969 4587 1003 4633 24
1022 4594 1048 4633 ut
1068 4581 1441 4634 docensAL:ut0m.BGn

191 4657 258 4706 ’26
276 4656 381 4722 longum
405 4664 443 4705 est
461 4657 534 4706 BCu
554 4656 704 4721 lougnAL
774 4656 939 4718 aequoniam
959 4655 1152 4719 seqniturillam
1172 4656 1265 4702 iunctio
1285 4654 1308 4700 l,
1379 4651 1440 4699 illud

148 4724 256 4791 crescit]
276 4728 368 4776 iterum
387 4727 476 4774 crescit
496 4729 601 4776 coniecit
617 4725 802 4777 Lindemanaus
870 4725 904 4774 28
922 4733 946 4773 et
964 4726 1131 4791 asperrimum
1150 4724 1176 4771 bt
1195 4724 1297 4773 verbum
1318 4722 1443 4770 scribens·

150 4814 212 4864 que,
228 4796 276 4846 sed
289 4796 350 4845 latet
364 4810 441 4844 causa
456 4797 607 4861 asperitatis,
626 4799 648 4844 si
664 4798 688 4845 iu
705 4813 793 4847 versus
812 4797 999 4845 contumatiam
1014 4794 1061 4844 lroc
1081 4796 1108 4843 llt
1124 4794 1252 4844 attolleres
1265 4793 1334 4857 apad
1354 4793 1385 4841 B.
1404 4800 1444 4842 ten

151 4867 240 4921 Brinlr
258 4866 339 4916 Inbue
358 4865 475 4916 arraona.
490 4867 584 4932 scapua.
601 4880 627 4929 p.
650 4866 680 4916 13
749 4866 863 4916 scribens
882 4866 949 4928 quod
970 4866 993 4914 l,

207 4957 386 5000 ‹araaararaucr
400 4955 489 4998 annm
505 4959 530 4998 v.
1222 4946 1241 5010 8
