3346 5498
669 359 865 421 EXOERPTA
1351 355 1413 419 319

128 545 212 617 haec,
237 566 292 626 pro
314 548 465 609 communi
488 547 569 616 dico;
593 546 711 626 quando
734 546 800 607 dico
822 545 870 606 hic
893 556 922 607 et
944 546 1016 607 haec
1039 553 1067 606 et
1089 544 1159 614 hoc,
1183 564 1238 624 pro
1260 546 1341 606 omni
1363 563 1437 624 ge·.

127 667 198 709 nere
222 648 297 710 dico,
778 697 783 705 ,

590 746 601 756 ,
679 737 697 771 a
761 731 778 767 e
842 732 859 770 a

567 822 672 930 'on
694 867 914 930 rnouournu
1030 901 1033 917 ·
1244 860 1264 900 ι’·
1279 849 1348 888 ²²²³
1363 847 1387 889 l·

212 989 288 1061 Ouid
312 998 356 1051 cst
378 990 563 1068 pronomen?
600 989 672 1050 Pars
695 989 836 1049 orationis
859 1006 934 1068 quae
961 1005 1015 1066 pro
1038 989 1157 1047 nomine
1180 987 1273 1066 posita
1296 994 1414 1047 tantun·

107 1090 197 1151 ⁵dem
231 1110 326 1171 paene
358 1092 504 1168 significat
535 1108 753 1170 personamque
780 1088 930 1150 interdum
959 1090 1073 1168 recipit.
1120 1089 1183 1160 Ouo
1212 1087 1299 1149 modo
1327 1089 1415 1167 ‘pars

127 1195 304 1254 orationis’?
340 1194 410 1254 Pars
433 1192 598 1253 locutionis.
641 1210 701 1271 quo
722 1191 810 1252 modo
833 1193 927 1269 ‘quae
948 1210 1004 1270 pro
1028 1192 1146 1251 nomine
1167 1192 1296 1269 posita’?
1332 1190 1413 1270 Quae

127 1295 188 1355 rice
210 1296 340 1355 nominis
362 1298 466 1375 posita.
498 1294 563 1364 Quo
586 1294 673 1354 modo
697 1292 887 1353 ‘tantundem
910 1311 1004 1372 paene
1026 1293 1205 1369 significat’?
1228 1292 1302 1363 Quia
1317 1294 1413 1372 ipsum

126 1415 220 1476 paene
249 1398 408 1475 significat,
437 1396 516 1476 quod
547 1404 575 1456 et
603 1413 726 1464 nomen,
758 1393 809 1456 sed
834 1413 892 1455 noo
915 1393 1011 1473 plene.
1058 1393 1250 1464 Quomodo?
1288 1395 1323 1452 Vt
1343 1402 1413 1473 puta

127 1499 150 1558 si
178 1498 257 1559 dicat
284 1499 355 1558 milri
384 1497 511 1578 quilibet
538 1499 620 1577 ‘quis
648 1498 769 1577 scripsit
795 1495 976 1566 bucolica?',
1006 1495 1072 1555 dico
1094 1494 1242 1573 Virgilius.
1276 1497 1413 1573 georgica

94 1610 115 1652 ¹⁰
127 1601 209 1678 quis?
241 1598 388 1676 Virgilius.
434 1599 582 1662 Aeneida?
616 1597 764 1676 Virgilius.
810 1615 879 1658 ecce
906 1614 994 1678 saepe
1016 1600 1139 1677 repetita
1163 1596 1272 1659 locutio
1302 1598 1414 1677 proprii

127 1703 253 1761 nominis
275 1700 424 1761 fastidium
446 1708 578 1778 generat.
610 1700 661 1760 sed
684 1709 717 1760 ut
738 1700 888 1760 lastidium
904 1700 1055 1760 auferatur
1070 1707 1099 1759 et
1114 1708 1236 1760 ornatus
1257 1697 1414 1759 locutionis

127 1802 296 1871 inducatur,
320 1802 417 1887 ablato
440 1804 559 1864 nomine
581 1804 719 1883 ponimus
741 1821 921 1881 pronomen,
946 1800 1024 1878 quod
1039 1819 1134 1881 paene
1149 1802 1246 1880 ipsum
1261 1802 1413 1879 siguificat

125 1905 202 1985 quod
227 1912 256 1965 et
278 1924 396 1966 nomen.
443 1911 476 1965 nt
497 1913 565 1984 puta
588 1906 672 1983 ‘quis
693 1904 811 1982 scripsit
834 1902 1002 1964 bucolicai’
1030 1904 1104 1982 ipse.
1148 1902 1296 1964 Aeneida?
1323 1902 1412 1963 idem.

125 2007 193 2067 dum
216 2007 282 2068 dico
306 2026 430 2075 nomeu,
455 2016 484 2066 et
505 2025 554 2068 res
576 2024 651 2086 quae
673 2006 767 2068 iactae
789 2013 859 2066 sunt
881 2007 990 2086 etquis
1011 2005 1129 2066 iecisset
1144 2004 1276 2066 ostendo.
1307 2003 1413 2066 tultum

92 2121 248 2178 unomen,
272 2111 400 2188 positum
423 2127 605 2188 pronomen,
633 2127 683 2168 res
705 2126 780 2187 quae
807 2108 901 2168 iactae
923 2116 992 2167 sunt
1013 2107 1151 2167 ostendo:
1187 2125 1254 2167 nam
1277 2109 1342 2187 quis
1365 2126 1414 2167 cas

124 2211 194 2270 lecit
222 2229 281 2270 nou
311 2212 445 2272 ostendo.
488 2213 565 2271 sicut
590 2211 615 2270 si
644 2210 724 2270 dicas
746 2209 819 2269 milri
841 2211 925 2286 ‘quis
947 2210 1064 2288 scripsit
1087 2207 1312 2290 etymologias?’
1347 2208 1412 2268 dico

124 2311 299 2372 ‘isidorus’.
346 2330 415 2373 ecce
444 2312 552 2372 dictum
582 2330 691 2372 nomen
720 2310 840 2381 isidori,
869 2318 899 2371 et
926 2329 973 2371 res
995 2329 1069 2390 quae
1092 2312 1275 2371 lactaesont
1297 2311 1413 2389 etquis

124 2415 243 2474 lecisset
266 2415 408 2482 ostendo;
432 2416 502 2475 item
526 2414 600 2474 dicis
622 2413 694 2473 mihi
716 2416 893 2504 ‘synqnyma
916 2414 1014 2493 quis?'
1038 2411 1105 2473 dico
1127 2414 1240 2492 ‘ipse’;
1265 2431 1333 2472 ecce
1356 2411 1415 2485 tul·—

125 2522 186 2575 tnm
210 2533 317 2576 nomen
342 2515 461 2585 lsidori,
485 2517 614 2595 positum
629 2534 793 2596 pronomen
810 2516 886 2594 ipse,
910 2533 959 2577 res
974 2533 1049 2594 quae
1073 2514 1166 2576 iactae
1188 2523 1258 2575 sunt
1272 2514 1411 2576 ostendo:

87 2633 111 2672 eo
125 2636 192 2678 nam
216 2618 265 2696 qui
288 2635 337 2677 cas
359 2618 490 2685 iecisset,
515 2636 574 2678 non
598 2617 732 2693 ostendo.

680 2720 698 2758 *
762 2719 780 2757 *
838 2721 855 2758 *
1287 2745 1308 2786 p.
1322 2734 1348 2774 ‘it
1362 2731 1387 2773 n.

209 2804 240 2864 ln
257 2803 365 2884 quibus
381 2804 570 2884 qualitatibus
587 2805 755 2866 dividuntur
774 2806 969 2884 pronomina?
991 2804 1122 2865 Donatus
1136 2805 1269 2866 definivit
1282 2807 1312 2865 in
1329 2804 1410 2873 duas,

124 2906 153 2965 id
177 2913 222 2966 est
244 2908 273 2967 in
302 2909 415 2967 linitum
444 2915 474 2968 et
501 2909 530 2968 in
559 2909 722 2977 infinitum3
752 2907 868 2968 l‘robus
895 2909 926 2968 in
950 2914 1107 2984 quattuor,
1131 2909 1243 2968 linitum
1266 2907 1411 2967 infinitum

124 3008 281 3068 articulare
310 3017 339 3068 et
367 3012 579 3088 possessivum:
609 3009 768 3089 Pompeius
795 3011 825 3070 in
848 3011 950 3087 viginti
974 3027 1077 3077 unam,
1107 3009 1136 3069 id
1166 3017 1211 3070 est
1238 3010 1318 3069 linita
1345 3009 1410 3076 tria,

124 3127 178 3187 ego
202 3118 230 3169 tu
254 3109 317 3179 ille,
341 3113 437 3171 minus
462 3130 549 3190 qnam
574 3113 656 3171 finita
677 3131 742 3181 sen,
770 3113 836 3190 ipse
858 3112 913 3170 iste
941 3110 989 3171 lric
1011 3113 1036 3171 is
1058 3110 1135 3170 idem
1159 3120 1188 3171 ct
1210 3113 1269 3180 sui,
1298 3111 1410 3171 infinita

84 3219 251 3290 aaseptem,
276 3215 342 3291 quis
364 3214 459 3290 qualis
481 3212 547 3274 talis
562 3220 808 3292 quantustantus
830 3220 937 3292 quotus
959 3223 988 3273 et
1010 3220 1104 3281 totus;
1134 3215 1298 3292 possessiva
1326 3214 1411 3292 quiu-

123 3332 196 3392 que,
220 3333 304 3375 meus
327 3324 393 3375 tuus
415 3334 485 3376 suus
508 3325 609 3376 noster
631 3321 737 3376 vester.

677 3413 694 3450 a
758 3414 776 3452 a
838 3413 855 3450 a
1286 3431 1385 3486 paon

208 3501 362 3579 Quisquis:
383 3504 447 3582 quis
465 3521 639 3582 pronomen,
654 3503 720 3582 quis
731 3501 881 3569 similiter;
902 3520 937 3561 en
955 3501 1070 3563 duobus
1081 3503 1306 3583 pronominibus
1319 3523 1411 3566 unum

123 3610 168 3662 est
183 3622 348 3682 pronomen
360 3605 569 3683 compositum.
591 3603 745 3674 Quisnam:
762 3605 829 3683 quis
839 3621 1004 3683 pronomen
1017 3613 1070 3673 est,
1088 3623 1156 3667 nam
1167 3609 1336 3667 coniunctio
1351 3617 1410 3676 cst;

123 3713 152 3764 et
165 3713 208 3765 cst
220 3707 414 3784 compositum
427 3724 591 3784 pronomen
604 3725 640 3766 en
651 3706 766 3767 duobus
778 3708 911 3785 integris
920 3705 1061 3777 Quisnam
1074 3707 1229 3768 masculini
1240 3711 1358 3787 generis
1368 3718 1413 3772 est

83 3821 109 3859 ³0
122 3813 172 3866 ant
186 3807 339 3867 feminini?
368 3807 450 3886 Apud
466 3817 581 3869 veteres
596 3827 753 3869 commune
768 3826 864 3887 genus
878 3808 1052 3871 habebatur.
1084 3810 1125 3870 lta
1142 3813 1204 3871 eius
1220 3811 1395 3892 exemplum.

274 3909 448 3980 Quisnam
472 3929 509 3970 es
533 3918 570 3971 tu
593 3910 741 3980 mulier,
767 3929 859 3988 quae
882 3919 952 3972 tam
975 3913 1199 3974 inconsueto
1222 3932 1412 3995 nuncupas

1101 4017 1282 4090 nominc„

122 4111 288 4191 Ouispiam:
318 4116 383 4194 quis
411 4132 575 4193 pronomen
602 4122 658 4183 est,
681 4115 762 4193 piam
784 4123 958 4195 corruptum
980 4126 1039 4186 est;
1068 4127 1097 4178 et
1119 4125 1163 4177 est
1186 4137 1221 4178 ex
1244 4120 1360 4197 integro
1382 4129 1412 4180 et

122 4223 263 4294 corrupto
294 4234 383 4276 unum
411 4234 576 4295 pronomen
605 4217 811 4297 compositum.
857 4218 946 4279 Cuius
978 4221 1098 4297 generis
1131 4222 1193 4281 est?
1230 4222 1409 4291 Communis,

83 4318 267 4395 oquispiam
291 4319 346 4390 vir,
371 4319 516 4397 quispiam
540 4316 659 4387 mulier,
683 4317 793 4397 aliquid
816 4329 845 4380 et
867 4329 975 4382 cetera.

679 4419 696 4457 a
761 4416 778 4453 a
836 4417 853 4454 a

92 4624 95 4628 ,
195 4571 224 4620 ld
242 4568 354 4636 iecisset]
377 4570 505 4621 inissetli
557 4571 657 4639 tultum]
679 4572 907 4638 ablutumutroque
923 4576 978 4624 loco
995 4580 1110 4628 correcti
1126 4578 1208 4627 editor
1228 4578 1352 4628 Romanus

124 4639 155 4690 17
175 4640 291 4688 esidorus
311 4641 367 4690 RB
433 4642 528 4691 esidori
545 4642 599 4692 RB
669 4643 701 4693 19
718 4643 811 4692 esidori
829 4643 883 4693 RB
952 4644 987 4695 23
1004 4645 1150 4713 Pompeius]
1171 4666 1197 4712 p.
1218 4649 1279 4701 235,
1298 4649 1350 4699 239
1367 4649 1408 4703 ed.

126 4710 199 4758 trad.
284 4712 318 4759 29
336 4727 368 4760 cx
386 4712 487 4762 duobus
506 4711 623 4777 integris]
644 4727 676 4761 ex
694 4715 792 4778 integro
814 4720 839 4761 et
856 4725 973 4779 corrupto
992 4715 1045 4765 itu
1127 4720 1242 4779 quianam
1263 4717 1288 4764 B
1308 4720 1365 4781 quis
1387 4720 1409 4770 R

190 4779 222 4828 31
242 4779 370 4844 quisnam]
396 4784 491 4834 Pacuu.
513 4783 585 4834 Meri.
602 4786 695 4846 fragm.
717 4786 751 4832 20
768 4784 808 4832 ed.
827 4783 898 4836 Ritu.
970 4801 1044 4847 quem
1063 4794 1130 4836 etam
1149 4789 1297 4837 inconsueto
1316 4790 1341 4839 B

122 4847 154 4898 34
174 4850 240 4912 piam
258 4876 289 4885 »-
309 4850 438 4917 centuplo]
460 4867 516 4901 nam
535 4853 676 4901 coniunctio
694 4862 732 4902 est
750 4861 773 4901 et
791 4863 829 4902 est
843 4870 874 4902 ex
893 4854 997 4904 dnobus.
1011 4856 1118 4921 integris
1136 4857 1190 4907 RB
