3346 5498
244 387 306 453 182
529 462 531 466 μ
609 356 617 439 ἑ
818 386 969 450 venenu

268 512 289 554 p.
306 500 395 540 194-96
409 497 430 537 1.

243 597 382 658 quaeras,
406 596 465 637 non
490 584 587 656 potest
610 578 806 638 nominativus
829 594 913 637 casus
935 576 1002 636 dici.
1044 594 1112 637 nam
1134 594 1219 637 casus
1241 575 1339 637 dictus
1361 586 1407 637 εει
1428 575 1466 636 ab
1489 595 1534 647 eo,

243 679 321 759 quod
349 680 436 740 laciat
463 698 571 740 nomen
600 678 721 748 cadere,
750 679 780 739 id
810 686 854 739 est
881 678 1023 739 declinari
1046 686 1075 739 et
1096 679 1183 739 llecti.
1228 678 1345 758 quando
1369 680 1446 738 enim
1469 677 1535 739 dico

243 782 361 849 doctus,
390 784 538 859 integrum
564 781 568 857 Ι
594 790 651 850 εει;
684 781 763 842 cadit
790 789 819 840 et
842 782 910 842 iacit
932 781 1027 848 llocti;
1057 782 1166 842 iterum
1188 780 1267 841 cadit
1289 787 1319 840 et
1340 781 1410 841 lacit
1431 779 1535 849 docto;

242 886 312 947 item
342 884 419 945 cadit
447 893 477 944 et
502 884 573 945 iacit
607 883 734 944 doctum.
781 902 867 944 casus
900 884 1039 944 (licuntur
1066 882 1245 948 ¹inllexiones
1277 884 1367 962 ipsae.
1412 901 1483 961 ergo
1511 885 1536 944 si

244 1005 330 1048 casus
352 986 419 1047 ideo
443 986 515 1046 vlicti
536 993 619 1056 sunt,
644 984 723 1066 quod
746 986 854 1047 iaciant
877 1005 985 1048 nomen
1008 984 1116 1045 cadere
1139 992 1168 1044 ct
1188 984 1315 1054 inllecti,
1345 993 1460 1045 constat
1482 1002 1563 1045 no-r»

243 1091 414 1151 minativum
439 1107 539 1149 casum
563 1106 622 1148 non
647 1106 720 1149 esse.
764 1090 923 1149 nonenim
947 1088 1123 1156 inflectitur,
1146 1087 1198 1147 secl
1221 1088 1279 1156 sic,
1303 1105 1390 1167 quem
1415 1087 1450 1147 avl
1473 1107 1550 1170 mo-¹

243 1192 313 1253 dum
341 1193 506 1261 invenitur,
535 1191 576 1251 sic
604 1196 728 1250 constat.
774 1199 807 1250 ut
830 1184 902 1270 ¹puta
930 1191 956 1250 si
983 1190 1063 1250 dicas
1085 1189 1204 1258 doctus,
1234 1207 1310 1268 quae
1333 1198 1377 1250 εει
1398 1189 1538 1250 inllexioi

244 1293 322 1355 nulla
352 1303 412 1361 est,
442 1294 548 1371 incipit
576 1279 756 1370 a'genetivo
784 1292 910 1362 inllccti;
939 1293 1010 1352 item
1037 1292 1068 1351 in
1092 1290 1203 1360 vlativo,
1227 1293 1297 1351 item
1320 1293 1350 1351 in
1374 1294 1538 1352 accusativo

245 1405 274 1457 ct
295 1394 427 1474 reliquis.
473 1395 496 1454 si
527 1413 598 1473 ergo
627 1413 687 1455 nou
716 1403 760 1455 est
782 1394 901 1454 inflexio
924 1395 954 1454 in
978 1393 1170 1467 nominativo,
1195 1412 1254 1453 non
1279 1400 1324 1453 est
1345 1411 1440 1454 casus
1486 1393 1539 1454 sed

244 1507 342 1559 tamen
372 1505 417 1558 est
444 1498 533 1567 ratio,
562 1516 620 1576 qua
648 1497 758 1558 dicitur
787 1515 887 1567 casus,
915 1496 986 1557 lieet
1014 1514 1073 1556 non
1101 1494 1232 1555 inllectat
1253 1497 1332 1575 ipse;
1362 1495 1414 1556 sed
1439 1503 1577 1557 tamenn

244 1618 298 1678 per
321 1601 417 1679 ipsum
440 1599 563 1667 scimus,
589 1598 658 1678 quivi
682 1600 721 1658 sit
741 1599 861 1659 inllecti.
906 1617 966 1658 non
989 1600 1068 1659 enim
1091 1604 1175 1678 poles
1196 1597 1378 1676 intellegere,
1403 1598 1540 1678 quidest

244 1700 398 1769 inflexum,
429 1702 486 1761 nisi
514 1708 581 1760 ante
604 1699 801 1768 intellexeris,
831 1699 900 1779 qnid
924 1707 969 1759 εει
991 1701 1149 1777 integrum.
1195 1699 1274 1760 unde
1295 1700 1376 1760 scisti
1398 1698 1537 1780 quoniam

245 1802 332 1863 huius
360 1802 439 1862 docti
467 1802 593 1863 inllexus
615 1811 665 1862 est
693 1821 793 1871 casus,
825 1804 880 1862 nisi
909 1803 1048 1881 quoniam
1076 1802 1156 1861 scisti
1186 1808 1255 1861 ante
1283 1800 1330 1861 hic
1353 1801 1457 1863 doctus
1480 1821 1538 1864 non

246 1922 311 1965 esse
334 1905 477 1965 inllexum
501 1906 621 1966 casum?
644 1904 722 1965 unde
744 1906 854 1964 scimus
876 1905 1014 1983 quoniam
1040 1905 1161 1963 mutatio
1184 1902 1260 1964 lacta
1283 1912 1328 1963 εει
1348 1905 1379 1964 in
1403 1906 1539 1987 genetivo

247 2007 404 2085 singulari,
429 2008 485 2067 nisi
508 2008 611 2067 scieris
634 2009 772 2088 quoniam
796 2005 959 2085 principale
981 2004 1053 2065 illud
1076 2007 1116 2065 ita
1138 2006 1211 2065 luit?
1247 2004 1337 2065 lrabet
1366 2004 1421 2067 lroc
1450 2009 1578 2068 etiamn

247 2108 415 2189 exemplum
439 2108 475 2169 de
498 2108 651 2187 gradibus.
690 2108 799 2187 gravius
821 2109 928 2169 dicitur
950 2126 1090 2168 ascensus
1113 2107 1240 2184 quidem.
1278 2109 1303 2168 si
1326 2107 1382 2168 lroc
1405 2116 1463 2177 est,
1486 2129 1539 2190 po·

246 2212 347 2272 sitivus
371 2230 430 2271 non
453 2209 542 2272 debet
564 2211 623 2271 dici
645 2210 768 2289 gradus:
798 2228 866 2271 nam
889 2212 1031 2290 positivus
1053 2210 1151 2270 nullus
1174 2228 1316 2271 aseensus
1339 2219 1393 2272 est.
1436 2213 1540 2292 incipit

248 2332 312 2374 esse
335 2330 475 2374 ascensus
497 2332 511 2372 a
536 2315 725 2393 conparativo
750 2320 778 2372 et
801 2312 989 2391 superlativo.
1022 2312 1073 2372 sevi
1098 2318 1196 2372 tamen
1218 2311 1288 2373 licet
1311 2314 1375 2391 ipse
1397 2315 1540 2393 positivus

243 2433 305 2492 ,non
330 2424 375 2475 est
402 2434 556 2486 ascensuS,
585 2422 700 2484 tamen,
731 2416 871 2492 quoniam
900 2433 953 2493 per
979 2415 1075 2493 ipsum
1099 2415 1256 2493 positivum
1278 2416 1311 2474 lit
1333 2422 1365 2475 ut
1386 2413 1538 2494 intellega-

246 2535 313 2577 mus
335 2525 452 2596 poslea,
478 2518 546 2595 qnid
570 2525 613 2578 est
635 2518 796 2578 ascendere
819 2520 850 2577 in
873 2514 1102 2595 cooperativum
1126 2523 1155 2576 et
1176 2515 1401 2595 superlativum,
1425 2516 1538 2578 ideIreo
1552 2533 1577 2572 eo

246 2617 411 2698 appellatur
441 2628 469 2680 et
497 2621 560 2698 ipse
588 2618 707 2698 gradus.
751 2619 817 2679 ideo
846 2636 917 2696 crgo
946 2619 1156 2687 nominativus,
1186 2618 1254 2678 licet
1283 2636 1342 2678 nou
1371 2629 1417 2680 εει
1444 2638 1538 2691 casus,

246 2727 362 2791 tamen,
387 2722 527 2798 quoniam
550 2723 620 2782 lacit
642 2732 751 2782 nomen
774 2729 852 2782 stare
876 2730 904 2781 et
927 2722 998 2781 iacit
1019 2728 1120 2799 postea
1144 2721 1265 2790 cadere,
1289 2720 1356 2781 ideo
1378 2720 1541 2801 appellatus

247 2830 291 2884 εει
313 2841 406 2883 εεεεε.

332 2958 489 3019 Genetivus
521 2960 633 3044 dictus·
651 2967 696 3020 εει
722 2959 759 3021 ει)
789 2979 838 3030 εο,
868 2959 947 3037 quod
975 2978 1029 3038 per
1057 2961 1152 3038 ipsum
1182 2960 1381 3039 exprimamus
1413 2978 1539 3039 genera;

246 3059 314 3120 ivleo
344 3059 440 3121 dictus
469 3069 513 3122 est
535 3063 697 3140 genetivus.
743 3071 812 3140 puta
836 3063 937 3122 ‘cuins
959 3060 1034 3121 lilius
1058 3070 1102 3120 est
1123 3060 1207 3120 illel’
1231 3063 1373 3130 oratoris;
1398 3081 1466 3124 ecce
1489 3081 1540 3141 ge·
1554 3081 1580 3121 25

246 3165 362 3224 netivus
391 3170 450 3233 est,
482 3173 511 3224 et
538 3182 631 3243 genus
660 3164 729 3223 inde
757 3162 964 3241 intellegimus.
1009 3171 1080 3242 puta
1107 3163 1207 3223 ‘cuius
1229 3165 1327 3241 gentis
1349 3163 1438 3225 lromo
1461 3170 1540 3227 esti'

246 3265 416 3334 Africanam
442 3285 511 3326 ecce
534 3268 688 3345 genetivus
710 3272 769 3332 εει,
794 3274 821 3325 ει
844 3284 938 3343 genus
960 3264 1029 3325 intle
1053 3265 1255 3343 exprimimus.
1298 3267 1376 3326 scire
1399 3265 1542 3328 debemus

247 3366 325 3445 qnod
352 3369 409 3427 iste
442 3386 526 3428 casus
560 3368 638 3447 apuvl
670 3367 790 3427 Latinos
816 3366 981 3446 simplicem
1010 3365 1099 3427 lrabet
1129 3375 1264 3437 sensum,
1299 3366 1377 3447 apud
1411 3370 1542 3430 Graecos

247 3466 403 3547 duplicem.
450 3469 608 3549 aliquando
638 3471 682 3528 sic
711 3468 813 3536 inaltet,
836 3470 929 3544 onesi
955 3468 1024 3528 inde
1053 3475 1148 3536 creet;
1184 3467 1341 3547 aliquando
1370 3472 1412 3531 sic
1440 3471 1540 3541 habet,

196 3595 200 3600 ¹
248 3572 331 3648 qnasi
354 3590 412 3631 non
436 3571 504 3631 inde
527 3579 623 3640 creet,
654 3569 707 3631 sed
730 3572 853 3631 auferat.
899 3570 956 3630 lroc
979 3589 1047 3630 vero
1070 3589 1210 3648 graecum
1234 3581 1286 3631 est.
1332 3570 1424 3633 habes
1446 3591 1581 3634 nnuman

249 3669 358 3731 librum
381 3671 470 3731 Probi
493 3672 530 3732 de
553 3674 609 3732 isto
632 3673 767 3750 genetivo
790 3671 950 3750 scripturn:
974 3679 1087 3732 tantum
1111 3671 1198 3733 modo
1228 3673 1284 3733 lroc
1311 3673 1406 3734 solum
1435 3680 1542 3734 tractat

247 3771 278 3830 in
305 3768 357 3829 illo
385 3771 476 3843 liltro,
507 3774 544 3833 dc
571 3774 628 3833 hoc
656 3792 735 3834 casu.
781 3792 873 3853 quare
901 3775 957 3835 lroc
985 3773 1070 3834 vlico?
1092 3775 1226 3854 plerique
1250 3783 1319 3836 sunt
1342 3776 1447 3836 Graeci
1470 3778 1541 3837 satis

249 3879 277 3932 ει
304 3871 462 3934 trahuntur
496 3874 533 3935 ad
567 3874 647 3935 illam
680 3874 810 3952 linguam
844 3875 1065 3938 consuetudinis
1094 3894 1174 3936 suae.
1219 3877 1297 3956 apud
1329 3877 1472 3947 Graecos,
1510 3886 1542 3939 ut

249 3973 390 4044 diximus,
426 3975 569 4037 ablativus
602 3995 663 4037 non
690 3979 852 4048 invenitur,
884 3977 935 4037 sed
966 3979 1064 4040 omnia
1098 3997 1152 4058 per
1180 3980 1347 4058 genetivum
1376 3981 1540 4059 proferunt.

248 4146 552 4154 ——-—-—

318 4250 334 4298 2
353 4248 476 4299 declinari
496 4248 537 4299 Co
556 4248 683 4298 declinare
701 4248 757 4300 AB
827 4250 843 4299 5
862 4252 962 4299 nomina
982 4252 1072 4301 cadere
1090 4251 1141 4302 ΒΟ
1209 4251 1290 4303 tired
1309 4252 1345 4301 sic
1362 4280 1392 4288 —
1409 4255 1425 4304 7
1443 4263 1542 4306 constat

248 4336 292 4372 om.
309 4319 343 4383 A,
360 4320 421 4373 add.
438 4337 454 4368 α
538 4322 553 4370 7
581 4320 691 4369 constitit
718 4336 735 4369 a
823 4318 856 4370 10
884 4322 945 4370 ratio
972 4337 1017 4371 om.
1036 4324 1075 4379 A,
1094 4321 1191 4374 udd.a
1284 4322 1376 4372 dicitur
1397 4339 1471 4373 casus
1491 4324 1544 4375 Ac

248 4391 347 4441 dicatur
368 4406 444 4440 cesns
462 4407 478 4440 o
500 4389 591 4439 dieitur
609 4389 634 4440 B
716 4388 772 4457 sed]
794 4389 860 4440 εεΑ
950 4391 979 4440 ll
1001 4393 1096 4442 inllecti
1114 4391 1182 4441 Aeo
1200 4391 1367 4442 inllectereB
1385 4394 1493 4444 iulleclie
1511 4385 1546 4444 as*

318 4470 391 4527 potes
409 4461 457 4511 Bu
475 4468 559 4525 potest
577 4460 629 4510 AG
698 4460 837 4512 tosthae
862 4470 900 4510 est
919 4461 943 4509 A
962 4462 983 4511 sl
1003 4462 1050 4511 lvoc
1075 4478 1124 4511 non
1147 4470 1185 4510 εει
1202 4477 1218 4511 a
1238 4463 1283 4512 scd
1299 4462 1347 4512 lroc
1367 4479 1415 4512 uon
1435 4473 1472 4514 εει
1490 4466 1544 4516 BG

319 4530 353 4582 18
370 4531 416 4580 sed
434 4540 518 4582 tamen
536 4530 594 4580 lieet
616 4531 671 4595 ipse
692 4532 747 4582 ΑΒ
766 4532 811 4581 sed
836 4531 893 4580 licet
917 4532 972 4596 ipse
997 4533 1028 4581 a*
1055 4534 1100 4583 sed
1120 4545 1202 4584 tamen
1224 4533 1279 4594 ipse
1299 4533 1337 4583 Ob
1409 4535 1440 4585 21
1461 4537 1541 4586 nomi-

249 4601 351 4651 natiuno
369 4600 461 4661 dicitur
476 4600 582 4666 (dicitur
601 4616 646 4654 cnr.
666 4601 699 4662 Il,
714 4602 773 4653 add.
791 4601 819 4665 b)
839 4603 958 4665 qnoniam
976 4618 1024 4652 non
1044 4613 1082 4652 est
1100 4618 1175 4653 casus
1190 4601 1272 4653 ABG
1341 4601 1464 4668 aequasi
1482 4606 1543 4655 iudo

249 4681 314 4722 creet
339 4671 476 4735 aliqnando
498 4673 536 4721 sic
559 4669 635 4721 lralret
660 4673 731 4735 quasi
757 4685 804 4721 non
828 4673 886 4721 inde
905 4681 972 4722 creet
989 4673 1062 4724 BGo
1082 4673 1154 4738 quasi
1170 4672 1228 4720 inde
1245 4715 1329 4726 ,,,,,
1350 4675 1486 4738 aliquando
1506 4676 1542 4724 sic

249 4742 324 4791 habet
348 4742 420 4805 quasi
449 4757 498 4792 non
526 4742 651 4806 indegerit
675 4744 699 4791 Α
787 4756 846 4791 uere
865 4742 946 4793 ABG
1029 4743 1059 4793 31
1080 4752 1177 4794 tautum
1199 4744 1273 4792 modo
1291 4771 1325 4779 —
1343 4745 1375 4794 de
1405 4745 1453 4795 lroe
1480 4760 1541 4796 casu

249 4812 347 4931 eupli,
366 4812 461 4866 aaut
531 4811 565 4863 32
584 4812 615 4861 de
640 4827 686 4864 om.
707 4811 821 4871 A,add.
839 4829 855 4862 a
926 4828 1004 4875 qnare
1022 4815 1079 4863 dico
1099 4810 1183 4863 Ano
1251 4811 1283 4863 33
1299 4813 1416 4876 fortesve
1434 4829 1541 4866 cousue-

249 4891 275 4933 tu
296 4896 337 4931 rue
355 4897 402 4932 sua
1280 4887 1284 4897 “
