3346 5498
250 367 331 432 ‘228
839 369 992 431 runem!

295 491 316 532 p.
330 477 456 520 196-981.
1473 523 1476 526 Δ

270 558 347 619 dixit
385 559 489 636 nequis
522 556 576 618 tibi
606 555 734 618 diceret:
769 556 937 633 quomodo
966 555 1040 615 diois
1068 573 1126 615 non
1157 575 1221 617 esse
1255 557 1484 634 significationes
1506 558 1564 617 nisi

269 659 350 730 tinas,
374 661 488 737 agentis
511 667 540 720 et
563 660 710 738 patientie,
734 676 802 718 curn
817 660 1005 720 inveniantur
1021 659 1108 718 etiam
1125 656 1178 718 alia
1196 656 1301 719 verba?
1323 657 1374 718 sed
1391 659 1441 737 qni
1461 657 1565 719 dieunt

269 761 341 822 duas
364 781 428 822 csso
451 761 690 840 significationes,
714 762 829 838 agentis
853 769 881 820 et
903 761 1056 839 patientis,
1082 766 1185 820 tenent
1205 779 1237 820 se
1265 760 1300 820 ad
1330 758 1395 820 illas
1418 779 1467 821 res
1490 778 1564 839 quas

269 862 337 932 diri,
360 864 390 923 id
418 871 462 923 est
484 862 571 924 Plinii
594 861 722 923 Secundi
745 846 955 922 definitionem.
1001 863 1050 939 qui
1077 872 1174 922 autem
1198 862 1268 922 dicit
1290 861 1345 923 alia
1373 862 1562 934 verlra'esse,

267 972 349 1025 tenet
371 983 403 1025 se
425 965 463 1025 ad
485 964 534 1025 illa
556 966 695 1043 quinque,
720 981 794 1040 quae
817 963 869 1024 titi
893 963 962 1024 dixi.
992 963 1052 1024 dixi
1075 963 1128 1024 tilri
1152 966 1230 1025 enim
1253 963 1325 1025 illud
1342 966 1469 1025 activum
1485 983 1591 1034 essee

268 1066 346 1144 quod
376 1066 451 1127 alter
478 1068 561 1137 iacit,
591 1065 666 1126 alter
694 1068 816 1145 patitur,
846 1065 918 1126 illud
946 1067 1094 1145 passivum
1117 1085 1196 1136 esse,
1226 1066 1303 1146 qnod
1323 1065 1422 1141 {alter
1443 1067 1563 1146 patitur,

215 1172 217 1176 '
270 1167 344 1230 alter
367 1170 446 1229 iacit.
492 1169 611 1246 quando
634 1167 700 1228 dico
724 1176 800 1237 nato,
825 1167 949 1229 ostende
972 1168 1044 1228 mihi
1066 1175 1239 1246 utrumque;
1264 1187 1333 1229 ecce
1355 1187 1417 1229 non
1437 1170 1565 1230 invenis.

268 1289 339 1350 ergo
363 1271 433 1348 quid
456 1270 548 1331 habes
570 1271 688 1330 dicere?
719 1273 848 1330 activum
871 1271 953 1331 esset
991 1270 1042 1330 scd
1066 1289 1125 1330 non
1148 1270 1223 1332 alter
1249 1273 1369 1350 patitur.
1412 1272 1562 1350 passivum

268 1374 355 1433 esse?
386 1372 438 1433 sod
461 1374 526 1451 ipse
548 1372 627 1432 solus
650 1373 718 1449 agit,
743 1372 817 1432 alter
841 1391 900 1432 non
922 1373 1041 1451 patitur.
1087 1389 1159 1451 ergo
1188 1375 1213 1433 si
1235 1391 1291 1433 nec
1312 1372 1384 1433 illud
1413 1391 1469 1432 uec
1489 1353 1563 1432 illud

267 1494 424 1554 possumus
446 1474 556 1544 dicere,
580 1480 715 1554 superest
738 1481 770 1534 ut
793 1459 929 1534 neutrum
953 1475 999 1534 sit.
1044 1474 1111 1534 ideo
1135 1473 1320 1535 admiserunt
1342 1474 1398 1553 ipsi
1419 1482 1452 1533 nt
1481 1473 1601 1535 dice-ro

268 1584 336 1637 rent
358 1584 462 1636 neutra
479 1578 648 1637 communia
664 1575 851 1655 deponentia,
868 1584 990 1655 propter
1005 1575 1085 1636 illam
1104 1575 1315 1638 definitionem.
1347 1594 1419 1654 ergo
1435 1577 1562 1636 activum

269 1678 413 1756 estquod
438 1698 455 1737 o
477 1680 653 1738 terminatur
676 1685 705 1739 et
728 1683 847 1756 accepta
871 1696 886 1737 r
908 1677 1004 1739 littera
1027 1679 1098 1738 iacit
1112 1680 1268 1756 passivum.
1300 1686 1329 1738 et
1350 1677 1562 1756 deponentiar

267 1781 365 1841 littera
387 1783 598 1848 terminantnr;
621 1778 673 1840 scd
697 1781 722 1840 si
744 1781 826 1857 quasi
848 1781 996 1858 passivum
1020 1787 1065 1841 est
1086 1787 1115 1840 et
1129 1800 1144 1841 r
1158 1780 1257 1842 littera
1278 1779 1393 1840 sublata
1417 1799 1475 1840 non
1491 1780 1563 1841 iacit

268 1883 404 1951 activum,
429 1882 580 1962 deponens
604 1890 656 1941 est.
687 1883 711 1942 si
735 1890 832 1942 autem
856 1882 941 1961 quasi
964 1884 1089 1943 activum
1114 1889 1159 1943 est
1182 1890 1212 1942 et
1232 1901 1293 1942 non
1316 1883 1423 1961 accipit
1444 1881 1561 1943 rlitte·

223 2020 235 2044 t
268 2003 346 2053 ram,
379 1983 512 2045 neutrale
541 1991 592 2044 cst.
644 1991 714 2062 puta
743 1992 810 2044 nato
838 2003 898 2044 non
926 1985 996 2044 iacit
1023 1992 1124 2052 nator;
1160 2002 1230 2062 ergo
1259 1991 1327 2045 nato
1354 1983 1489 2045 neutrale
1517 1990 1562 2044 est
1574 2000 1618 2066 15·

267 2085 381 2166 [scribo
404 2106 462 2147 non
487 2087 557 2146 iacit
571 2085 694 2156 scribor,
713 2106 783 2165 ergo
800 2086 933 2147 neutrale
949 2084 1017 2166 est].
1041 2105 1112 2164 ergo
1129 2085 1306 2166 deponentia
1318 2095 1388 2148 sunt
1402 2087 1561 2158 contraria,

267 2206 343 2267 quae
365 2189 501 2249 videntur
524 2190 608 2265 quasi
636 2190 749 2268 passiva
774 2206 837 2248 osse
860 2207 914 2248 nec
937 2187 1064 2249 redeunt
1086 2192 1116 2250 in
1139 2190 1241 2257 activa,
1272 2198 1303 2249 ut
1325 2188 1420 2250 luctor
1442 2188 1560 2267 loquor.

167 2302 255 2364 507,9
353 2291 526 2361 Quaesitum
550 2299 602 2360 est,
627 2308 718 2368 quare
741 2291 876 2351 dicantur
900 2289 1086 2370 deponentia.
1127 2292 1294 2352 invenimus
1315 2293 1346 2351 in
1368 2290 1482 2352 artibus
1496 2292 1562 2352 istis

267 2392 435 2471 vulgaribus
458 2393 525 2453 idco
548 2394 624 2453 dicta
647 2413 712 2454 esse
735 2391 823 2457 verba
847 2393 1033 2471 deponentia,
1057 2395 1195 2470 quoniam
1212 2393 1369 2454 rlitteram
1385 2411 1445 2453 non
1468 2393 1561 2473 depo·

267 2503 350 2563 num,
374 2490 457 2556 κατὰ
480 2491 685 2575 ἀντίφρασιν
708 2494 786 2572 quod
809 2494 927 2565 dieitur,
950 2494 979 2554 id
1003 2503 1048 2554 est
1063 2515 1079 2554 e
1095 2497 1254 2563 contrario,
1278 2495 1416 2574 quemad
1437 2494 1600 2557 modnmeo

267 2597 392 2658 dicimus
415 2596 513 2658 lucum
536 2597 574 2657 ab
597 2616 641 2666 eo,
665 2597 743 2676 quod
767 2616 827 2657 non
849 2597 954 2667 luceat,
980 2615 1068 2674 quem
1091 2596 1130 2682 ad
1155 2598 1274 2658 modum
1297 2598 1405 2659 Parcas
1433 2597 1560 2659 dicimus

266 2700 303 2760 al)
327 2718 371 2768 eo,
396 2700 473 2779 quod
489 2719 548 2760 non
564 2709 701 2779 parcant;
726 2698 792 2759 ideo
815 2699 940 2760 dicimus
964 2706 992 2758 et
1007 2698 1159 2778 deponens
1176 2699 1299 2761 verbum
1316 2700 1383 2776 qnia
1399 2719 1414 2760 r
1428 2699 1559 2761 litteram

267 2821 325 2863 uon
349 2803 484 2882 deponat
529 2801 717 2862 falsissimum
741 2807 794 2860 cst.
840 2818 897 2877 qua
920 2802 1063 2882 ratione?
1097 2802 1121 2861 si
1145 2804 1223 2862 euim
1246 2802 1313 2863 ideo
1336 2801 1443 2862 dicitur
1465 2801 1558 2882 depo-

266 2924 339 2966 nens
362 2904 494 2974 verbum,
518 2905 586 2980 quia
609 2923 624 2963 r
648 2901 775 2963 litteram
799 2921 858 2962 uon
881 2902 1016 2983 deponit,
1047 2905 1150 2983 incipit
1172 2912 1202 2964 et
1224 2922 1381 2964 commune
1405 2903 1560 2983 deponens

267 3026 340 3067 esse.
387 3025 454 3067 nam
478 3006 645 3066 communia
668 3003 756 3065 verba
780 3023 795 3064 r
818 3023 978 3082 numquam
1008 3005 1169 3085 deponunt.
1216 3006 1321 3076 vador,
1349 3005 1466 3085 quando
1489 3005 1601 3067 dicore

265 3107 372 3169 ‘vador
395 3109 431 3170 ad
454 3108 623 3176 iudicium’‚
647 3106 675 3165 id
700 3114 744 3166 est
766 3107 962 3167 vadimonium
984 3109 1134 3187 promitto,
1159 3109 1301 3186 numquid
1317 3127 1439 3188 possum
1456 3107 1559 3171 dicere

265 3211 355 3271 ‘vado
378 3210 459 3271 illum
482 3210 517 3270 ad
541 3208 720 3269 iudicium’t
754 3209 881 3278 osculor,
905 3209 1047 3286 numquid
1070 3229 1190 3288 possum
1214 3209 1314 3271 dicere
1337 3210 1455 3271 osculo?
1484 3230 1559 3290 ergo

264 3312 371 3373 salsum
395 3321 449 3372 cst.
493 3329 584 3388 quare
607 3329 677 3389 crgo
701 3310 809 3372 dicitnr
833 3311 955 3372 verbum
978 3311 1151 3390 deponens?
1186 3314 1323 3388 quoniam
1346 3311 1467 3392 deponit
1489 3330 1557 3391 par-

264 3416 399 3492 ticipium
422 3414 514 3474 iuturi
537 3416 686 3493 temporis,
711 3414 790 3491 quod
813 3415 843 3474 in
867 3414 922 3474 dns
946 3416 1013 3475 exit.
1059 3423 1128 3493 puta
1151 3414 1270 3492 loquor,
1300 3416 1346 3476 iae
1368 3415 1558 3495 participium

264 3534 407 3595 praescus
429 3515 563 3592 loquens,
587 3517 780 3594 praeteritum
805 3515 935 3585 locutura,
960 3517 1093 3577 futurum
1115 3516 1281 3585 locuturus;
1304 3516 1472 3596 loquendus
1495 3535 1556 3577 non
1571 3536 1599 3576 ao

264 3618 342 3678 sarcit.
387 3627 456 3696 puta
485 3619 561 3696 siqui
584 3616 661 3676 dicat
684 3619 864 3695 ‘posteritati
893 3617 1063 3697 loquendi'.
1093 3619 1159 3679 dico
1188 3618 1382 3680 soloecismus
1409 3627 1466 3688 est,
1503 3618 1556 3679 sed

264 3718 407 3778 debemus
434 3718 533 3778 dicere
562 3720 744 3797 ‘posteritati
772 3719 926 3780 locuturi'.
972 3739 1042 3798 ergo
1071 3720 1191 3781 verbum
1221 3721 1373 3800 deponens
1401 3739 1459 3781 non
1488 3719 1557 3782 ideo

264 3820 380 3890 (licitur,
405 3820 482 3897 quod
506 3838 564 3878 nou
588 3819 716 3899 deponat
738 3841 753 3881 r
776 3820 913 3890 litteram,
938 3823 990 3883 scd
1014 3822 1091 3899 qnod
1110 3841 1202 3883 unum
1217 3824 1406 3902 participium
1427 3822 1559 3902 deponat

264 3923 301 3982 dc
324 3921 440 3982 duobus
462 3920 582 3988 futuris:
607 3921 729 4000 deponit
751 3929 850 3983 autern
873 3921 944 3983 illud
970 3924 1047 4001 quod
1071 3926 1102 3984 in
1118 3925 1171 3986 dus
1187 3928 1254 3987 exit.
1285 3944 1441 3986 commune
1457 3932 1556 3987 autem

264 4022 387 4083 verbum
411 4023 554 4103 estquod
579 4029 608 4082 ot
629 4025 744 4101 agentis
775 4032 803 4084 et
830 4027 966 4104 patientis
993 4027 1236 4104 significationem
1266 4028 1401 4090 similiter
1429 4027 1554 4107 prolert,
1570 4046 1599 4087 aa

264 4132 297 4185 ut
319 4130 363 4184 est
385 4123 473 4193 illud,
509 4127 659 4185 criminor.
706 4135 804 4186 tamen
828 4128 916 4206 nequi
939 4126 993 4187 tibi
1016 4126 1126 4189 obiciat
1148 4130 1223 4209 apud
1253 4131 1391 4192 Statium:
1428 4127 1555 4208 legimus

335 4366 346 4416 l
368 4367 416 4413 uisi
434 4367 496 4414 cluna·
516 4367 539 4414 B
548 4368 587 4415 Ca
607 4365 655 4413 nisi
677 4365 701 4413 iu
720 4365 823 4415 duusA
894 4364 910 4414 3
931 4381 994 4428 quas
1012 4367 1065 4417 dixi
1085 4369 1111 4418 id
1130 4378 1168 4417 est
1186 4368 1246 4418 Bo:
1266 4370 1291 4418 id
1310 4379 1349 4420 cst
1366 4386 1412 4419 ont.
1432 4369 1485 4420 AC

262 4437 278 4485 4
298 4436 371 4501 plinii
390 4451 458 4489 corr.
481 4435 597 4500 pleniiB
615 4434 683 4501 ploni
701 4436 726 4484 A
797 4436 858 4485 und
877 4435 919 4484 illu
934 4437 1013 4498 (corr.
1031 4439 1087 4489 illas
1102 4437 1140 4502 B)
1154 4439 1263 4503 quinque
1281 4441 1305 4488 A
1314 4440 1338 4487 B
1355 4441 1387 4490 ad
1408 4439 1554 4504 illusquin-

262 4506 412 4568 queresC
481 4507 620 4556 7ostcndo
639 4505 695 4554 AB
768 4505 993 4569 taseuquastc
1061 4510 1192 4574 pussiumn
1212 4518 1250 4558 cst
1273 4511 1385 4559 rlittern
1403 4510 1483 4560 ABG

264 4576 295 4625 14
311 4588 335 4626 et
350 4591 399 4624 nou
419 4576 516 4640 accepit
528 4592 540 4625 r
553 4577 578 4624 A
591 4585 615 4625 et
629 4591 677 4624 non
692 4576 798 4639 recipiat
814 4593 826 4624 r
843 4577 949 4626 litteram
966 4577 1024 4627 BC:
1044 4577 1151 4628 litteram
1166 4594 1210 4628 om.
1228 4579 1260 4639 A,
1274 4579 1335 4633 add,
1349 4597 1365 4629 a
1420 4579 1452 4631 ld
1466 4582 1552 4630 acrilvo

261 4653 288 4694 ct
307 4647 404 4695 scribor
421 4647 445 4693 in
463 4647 539 4695 litura
552 4647 576 4694 A
631 4646 663 4695 17
679 4647 783 4695 redeunt
797 4643 884 4697 nea*
905 4646 1008 4695 redeant
1026 4648 1049 4695 A
1120 4648 1154 4699 29
1174 4648 1250 4697 futuri
1269 4652 1389 4714 temporis
1406 4650 1507 4713 quumlo
1526 4653 1552 4700 in

261 4716 309 4764 dus
325 4719 378 4765 exit
391 4716 415 4763 A
436 4715 513 4765 futuri
533 4717 653 4779 temporis
670 4717 726 4764 ideo
746 4731 807 4781 crgo
825 4717 919 4766 dicitnr
937 4718 1042 4765 nerlmm
1064 4718 1194 4783 deponens
1211 4720 1279 4782 quod
1300 4722 1435 4782 (quoniam
1449 4721 1474 4770 lt
1489 4720 1506 4783 (Ῑ
1520 4720 1552 4786 n)

261 4784 366 4850 deponit
385 4786 547 4850 participium
567 4786 643 4835 luituri
664 4786 783 4850 temporis
808 4788 875 4849 quod
899 4789 923 4835 in
947 4788 995 4836 dns
1013 4789 1065 4836 exit
1083 4788 1153 4838 nea
1230 4790 1264 4840 30
1282 4806 1313 4839 ne
1332 4792 1392 4852 quid
1413 4791 1456 4839 tibi
1475 4792 1499 4838 A
1521 4807 1553 4841 ne

261 4857 304 4917 qni
325 4855 388 4905 illud
406 4856 451 4904 tibi
468 4857 573 4908 coniecit
594 4856 776 4905 Lindemnnnua
