3346 5498
262 396 325 461 520
806 376 1017 460 nvevsrnu‘

291 503 463 558 emme

765 601 813 662 DE
837 600 1050 663 Pnnrtctrtu

346 720 426 780 llaec
449 739 518 800 pars
540 721 681 782 orationis
704 727 734 781 et
755 740 771 779 a
794 719 886 780 verbo
908 721 1017 800 accipit
1038 728 1152 799 partem
1177 729 1206 779 et
1228 739 1243 779 a
1266 721 1399 781 nomine:
1424 739 1553 802 namque

262 806 330 866 inde
359 808 550 886 participium
578 806 697 866 dicitur.
742 807 803 865 exit
830 814 927 866 autem
961 805 1034 865 haec
1066 824 1135 884 pars
1168 807 1312 864 orationis
1340 807 1370 865 in
1400 808 1553 885 praesenti

261 900 395 970 tempore
423 894 455 962 in
487 910 539 950 ens
568 900 597 951 et
625 894 656 951 in
684 909 737 951 ans
759 889 900 969 syllabas,
925 896 957 950 ut
979 890 1080 966 legens
1104 908 1218 959 amans,
1243 890 1342 949 iuturo
1364 898 1497 970 tempore
1521 892 1553 950 iu

264 995 330 1044 rus,
355 983 387 1034 ut
414 976 517 1053 legens
545 975 689 1045 lecturus,
720 993 822 1036 amans
845 970 849 1056 Ι
873 982 1038 1043 amaturus,
1066 977 1096 1034 in
1125 975 1287 1054 praeterito
1310 974 1403 1034 lectus
1425 983 1580 1044 amatus,a

262 1065 363 1121 l'uturo
386 1060 528 1138 legendus
551 1061 703 1121 amandus
748 1060 831 1120 rides
853 1060 929 1119 lianc
951 1067 1066 1138 partem
1095 1061 1239 1120 orationis
1260 1060 1305 1118 ire
1325 1077 1383 1138 per
1405 1067 1552 1140 tempora.
1595 1099 1603 1117 ,

262 1147 360 1205 omnia
389 1145 462 1205 llaec
490 1166 506 1205 a
536 1145 627 1204 verbo
656 1153 822 1206 mutuatur:
863 1163 930 1204 nam
958 1143 1048 1204 verbo
1075 1147 1254 1204 conveniunt
1280 1152 1426 1223 tempora.
1471 1145 1553 1225 quod

262 1237 360 1289 aretem
385 1230 551 1290 declinatur
574 1249 629 1310 per
650 1249 751 1298 casus,
774 1231 830 1289 hoc
852 1249 868 1289 a
891 1230 1010 1289 nomine
1034 1236 1199 1290 mutuatur:
1232 1247 1298 1289 nam
1322 1229 1479 1289 declinatio
1502 1247 1553 1290 ca·

262 1315 353 1376 sualis
376 1316 412 1375 ad
435 1334 542 1375 nomen
564 1317 708 1394 pertinet,
732 1323 764 1374 ut
785 1314 835 1374 hic
858 1314 959 1390 legens
987 1314 1077 1373 liuius
1098 1314 1224 1390 legentis
1246 1313 1315 1374 huic
1338 1311 1447 1392 legenti
1471 1314 1553 1374 hunc

263 1400 410 1476 legentem
433 1420 450 1459 0
473 1400 575 1477 legens
597 1399 634 1460 ab
656 1400 712 1460 hoc
735 1400 861 1477 legente.
892 1416 964 1476 ergo
979 1398 1056 1477 quod
1079 1398 1152 1458 lraec
1174 1417 1243 1478 pars
1265 1400 1406 1459 orationis
1428 1398 1473 1459 rel
1495 1417 1554 1477 per
1569 1414 1594 1453 ιο
1652 1394 1654 1398 ’

262 1493 394 1563 tempora
422 1485 466 1544 vel
495 1503 548 1563 per
576 1503 662 1545 casus
689 1487 800 1551 currit,
829 1485 1019 1562 participium
1048 1491 1184 1552 vocatur,
1215 1483 1293 1562 quod
1316 1490 1430 1560 partem
1452 1485 1554 1562 capiat

262 1572 399 1638 nominis,
429 1578 543 1647 partem
573 1568 668 1630 verbi.
707 1588 765 1629 non
793 1568 940 1628 laboriosa
971 1585 1040 1646 pars
1069 1576 1113 1627 est
1136 1569 1294 1637 orationis,
1319 1568 1371 1627 sed
1394 1568 1552 1629 intellectu

262 1654 368 1714 lucilis.
413 1673 479 1714 narn
510 1656 659 1732 praesenti
690 1661 821 1732 tempore
851 1654 963 1712 exitin
987 1672 1039 1714 ans
1062 1654 1143 1712 etin
1168 1671 1235 1720 ens,
1258 1661 1414 1712 utamans
1437 1652 1551 1729 legens,

261 1741 362 1798 futuro
385 1739 489 1815 agendi
512 1740 727 1815 significatione
749 1741 780 1797 in
803 1756 870 1807 rus,
896 1745 928 1797 ut
944 1744 1094 1797 amaturus
1110 1737 1255 1807 lecturus;
1279 1737 1440 1815 apatiendi
1457 1739 1551 1814 signi·

261 1826 395 1883 tirationc
418 1826 448 1882 in
473 1832 519 1883 tus
542 1834 570 1884 et
593 1827 624 1884 in
647 1825 716 1892 dus,
747 1831 778 1882 nt
806 1832 920 1883 amatus
948 1821 1099 1900 legendus.
1138 1841 1208 1882 sane
1232 1825 1330 1900 ipsum
1354 1824 1551 1900 praeteritum
1569 1837 1593 1876 n

262 1915 379 1986 tempus
403 1907 499 1967 tribus
523 1908 644 1986 syllabis
666 1910 857 1975 terminatur,
882 1909 997 1975 intus,
1022 1916 1054 1967 ut
1076 1909 1207 1986 scriptus
1231 1907 1338 1976 lectur,
1368 1908 1398 1967 in
1422 1925 1487 1976 sus,
1519 1914 1552 1967 nt

261 1995 377 2052 occisus
404 1995 497 2061 visus,
527 1995 557 2052 in
584 2012 653 2062 xus
683 2001 715 2053 ut
743 1995 831 2060 tirus:
860 1993 926 2071 plus
954 2011 1011 2051 non
1040 1994 1182 2052 invenies.
1227 2009 1316 2067 ergo,
1348 1999 1380 2051 ut
1408 1992 1550 2061 diximus

261 2096 403 2156 praeseus
425 2080 455 2137 in
479 2096 531 2137 cns
554 2086 584 2137 et
607 2080 636 2137 in
661 2097 727 2146 ans,
751 2079 885 2137 iutururn
906 2079 936 2136 in
960 2096 1026 2145 rus,
1050 2079 1244 2155 praeteritum
1267 2079 1298 2135 in
1326 2083 1388 2145 tuo,
1417 2078 1552 2136 futurum

260 2171 378 2241 ternpus
406 2165 437 2222 in
466 2162 530 2220 dus.
572 2174 643 2222 sunt
671 2181 741 2222 sane
770 2157 904 2231 nomina,
933 2180 1008 2242 quae
1038 2180 1110 2221 sono
1138 2162 1293 2241 participia
1317 2168 1472 2240 putantur,
1497 2161 1551 2221 sed

260 2249 379 2306 nomina
413 2255 492 2306 sunt.
543 2249 701 2326 participia
734 2249 812 2307 enim
847 2247 897 2306 illa
931 2254 999 2306 sunt
1030 2264 1105 2325 quae
1135 2266 1150 2305 a
1178 2245 1277 2305 vorbis
1305 2247 1440 2315 veniunt,
1472 2255 1506 2305 ut
1533 2262 1594 2305 aro

260 2332 325 2408 lego
353 2332 454 2408 legens
482 2332 612 2391 lecturus
642 2333 736 2391 lectus
765 2331 923 2408 legendus;
953 2333 1101 2391 tunicatus
1130 2338 1160 2418 et
1186 2331 1319 2407 galeatus
1347 2338 1375 2389 et
1403 2331 1553 2409 clipeatus

260 2426 290 2475 et
312 2424 481 2495 tropacatus
504 2419 622 2476 nomina
645 2423 722 2485 sunt,
747 2436 805 2476 non
829 2418 996 2496 participia,
1013 2418 1088 2495 vquia
1111 2434 1169 2476 non
1192 2436 1208 2475 a
1231 2414 1321 2474 verbo
1343 2418 1475 2475 veniunt.
1506 2424 1553 2475 est

260 2519 350 2561 ununr
379 2503 568 2580 participium
598 2503 751 2579 praeteriti
781 2504 923 2579 temporis
952 2503 982 2559 in
1011 2502 1090 2560 omni
1120 2501 1211 2560 latino
1240 2519 1390 2569 sermone,
1414 2500 1494 2580 qnod
1518 2502 1552 2560 in

260 2588 384 2646 formam
407 2588 534 2646 nominis
564 2584 624 2664 [rel
647 2584 890 2664 declinationem]
916 2604 1090 2645 conversum
1114 2594 1172 2653 est,
1193 2592 1225 2644 ut
1247 2593 1291 2644 est
1313 2591 1458 2644 mortuus.
1505 2594 1553 2644 est

259 2672 338 2730 eninr
368 2670 404 2729 ab
433 2690 467 2729 eo
495 2672 572 2749 qnod
600 2679 644 2730 est
671 2673 799 2738 morior,
830 2680 859 2730 et
888 2672 1076 2748 participium
1100 2671 1256 2748 praeteriti
1281 2671 1423 2749 temporis
1445 2673 1476 2730 in
1502 2677 1593 2729 tusas

259 2758 342 2815 exire
372 2754 473 2815 debuit
500 2774 554 2834 per
582 2773 673 2814 unum
703 2774 736 2823 u,
765 2774 823 2815 non
852 2773 907 2832 per
935 2754 1001 2814 duo.
1047 2773 1113 2814 nam
1144 2753 1196 2814 ubi
1225 2756 1373 2830 geminata
1401 2773 1420 2813 u
1447 2754 1551 2815 littera

259 2843 289 2900 in
306 2842 488 2900 nominativo
511 2849 569 2908 est,
594 2859 702 2900 nomen
725 2848 785 2908 est,
809 2859 868 2899 non
884 2841 1089 2918 participium,
1112 2848 1146 2899 ut
1161 2840 1259 2898 latuus
1274 2841 1421 2915 ingenuus
1437 2839 1552 2899 arduus

259 2926 387 2985 earduus
409 2927 533 3002 exiguus
556 2925 676 2993 beluus
702 2932 733 2984 ut
756 2925 860 2986 Cicero
882 2925 971 2991 dixit,
995 2930 1025 2983 et
1048 2923 1125 2984 talia.
1170 2925 1271 2983 contra
1295 2924 1425 3000 regulam
1454 2927 1552 3002 parti·

258 3012 406 3089 cipiorum
435 3019 568 3070 mortuns
600 3017 720 3088 putatur
748 3029 812 3070 csse
843 3010 1048 3088 participium,
1072 3008 1123 3068 sed
1147 3010 1177 3068 in
1201 3009 1258 3068 vim
1282 3008 1472 3087 regulamque
1496 3027 1551 3069 no·

258 3098 346 3155 minis
367 3114 541 3156 conversum
563 3103 618 3155 cst.
1294 3151 1296 3155 ,
1564 3111 1590 3150 ao

725 3264 773 3325 lli]
796 3263 1075 3327 nuntvncrtunu

343 3386 518 3446 Coniunctio
546 3394 591 3444 est
619 3402 689 3463 pars
718 3386 861 3445 orationis
883 3392 1005 3445 nectens
1028 3383 1227 3462 ordinansque
1250 3385 1437 3443 sententiam.
1476 3402 1551 3445 con-

258 3472 404 3530 iunctioni
427 3470 565 3530 accidunt
581 3472 673 3547 ligura
689 3470 761 3529 ordo
776 3477 916 3549 potestas.
954 3470 1046 3545 srgura
1070 3477 1113 3528 est
1136 3487 1194 3547 qua
1216 3476 1338 3547 apparet
1360 3469 1453 3544 figura
1476 3471 1551 3530 sim·

257 3557 325 3635 ples
348 3558 394 3615 vel
415 3559 585 3631 conposito,
616 3556 667 3615 sed
697 3555 851 3634 equidem;
880 3555 953 3615 ordo
976 3573 1034 3632 quo
1056 3561 1193 3634 apparet,
1217 3572 1291 3632 quac
1314 3555 1458 3632 praeponi
1482 3561 1590 3615 tan-m

259 3649 318 3701 tnm
342 3643 436 3720 possit
464 3648 496 3700 ut
518 3660 599 3709 nam,
629 3659 703 3719 quae
726 3637 890 3719 subiunlgi,
920 3646 953 3699 ut
980 3657 1052 3717 que,
1076 3657 1152 3717 qnae
1175 3641 1317 3717 praeponi
1340 3646 1370 3697 et
1392 3638 1562 3717 subiungi·

258 3734 289 3785 ut
312 3733 341 3784 et
363 3727 465 3802 igitur.

342 3809 475 3870 Potestas
498 3812 738 3870 coniunctionum
762 3812 791 3870 in
815 3811 946 3888 quinque
968 3811 1084 3888 species
1108 3808 1260 3869 dividitur.
1304 3816 1372 3867 sunt
1394 3809 1472 3868 eninr
1496 3828 1549 3870 co·

258 3893 404 3973 pnlatirae
428 3903 457 3953 et
479 3914 536 3973 que
560 3902 606 3954 ast
628 3903 658 3953 at
681 3902 783 3974 atquo,
808 3895 1003 3954 disiunctivae
1027 3903 1076 3954 aut
1098 3913 1130 3953 ve
1146 3893 1192 3954 vol
1214 3912 1287 3953 neve
1310 3912 1365 3952 nec
1388 3912 1484 3974 noque
1509 3915 1547 3956 an

257 3987 371 4047 utrum,
400 3979 562 4059 expletivae
591 3979 710 4057 quidem
740 3980 877 4058 equidem
906 3986 1003 4039 autern
1026 3987 1123 4039 tamen
1147 3998 1235 4058 porro
1258 3979 1396 4039 videlicet
1418 3981 1591 4057 proinde«)

258 4064 386 4143 denique
410 4066 527 4143 utique,
551 4063 683 4123 causales
705 4066 730 4124 si
754 4067 810 4125 etsi
833 4067 950 4124 tametsi
974 4066 1091 4124 etiamsi
1113 4065 1259 4144 siquidem
1280 4063 1396 4143 quando
1411 4066 1547 4142 quando·

257 4148 376 4227 quidem
406 4152 478 4227 quin
508 4151 671 4229 quinetiam
700 4151 746 4208 sin
774 4152 911 4209 sinetiam
939 4169 1117 4229 quamquam
1149 4151 1283 4229 quamvis
1315 4151 1462 4209 sinautem
1493 4169 1549 4211 scu

257 4236 319 4294 sire
342 4252 410 4293 nam
434 4253 559 4312 namque
580 4236 638 4294 nisi
662 4235 746 4294 nisisi
769 4237 848 4295 enim
871 4237 982 4295 etenim
1004 4236 1056 4295 sed
1078 4243 1111 4295 ut
1133 4242 1288 4313 praeterea
1310 4235 1425 4293 interea
1440 4254 1549 4313 quam·

325 4406 341 4454 2
361 4420 418 4453 nom
435 4405 526 4453 deinde
545 4404 570 4452 F
641 4404 657 4454 3
675 4405 738 4453 haec
752 4420 810 4470 pers
830 4406 951 4454 orationis
969 4405 1102 4456 Petsclrins
1119 4421 1179 4471 para
1196 4405 1271 4455 huius
1290 4404 1409 4453 orationis
1427 4405 1475 4461 ἲς

255 4475 424 4524 lluideusF
492 4471 539 4539 ire]
566 4477 784 4530 esee5.om.F
853 4475 1188 4525 iauerbomutanturF
1256 4474 1443 4525 SmutaturF
1517 4476 1549 4525 17

256 4559 362 4595 occasus
379 4560 446 4597 corr.
469 4546 565 4592 occisus
585 4542 609 4590 F
661 4544 693 4594 19
711 4543 821 4611 tempus]
842 4561 942 4610 semper
961 4546 1005 4599 Fe
1063 4546 1196 4610 participio
1216 4543 1380 4594 mutanturF
1440 4544 1475 4594 22
1496 4554 1551 4594 tro-

255 4624 345 4678 peetus
363 4617 387 4665 F
399 4613 563 4680 troplraentus
582 4625 599 4667 ς
657 4624 694 4664 eet
716 4630 792 4664 unum
811 4617 971 4681 participium
991 4616 1119 4678 praeteriti
1140 4617 1261 4681 temporie
1281 4615 1304 4663 in
1324 4628 1372 4660 uus
1390 4614 1460 4677 quod
1475 4617 1551 4664 exire

255 4685 375 4739 debuitg
444 4687 478 4736 25
499 4684 565 4748 qnod
586 4685 720 4734 moriorF
788 4687 919 4735 'ltilittern
940 4685 1168 4738 nominatinust
1238 4683 1418 4738 '28bellunsg
1480 4685 1552 4735 dixit

256 4761 282 4800 nt
301 4755 359 4804 talin
378 4756 401 4802 F
417 4755 481 4803 dixit
497 4756 522 4802 iu
539 4769 569 4805 us
593 4762 619 4800 ut
638 4752 759 4811 talinms
846 4755 878 4804 34
897 4755 978 4820 figura
996 4765 1034 4802 est
1052 4770 1116 4817 qnae
1135 4765 1240 4820 apparet
1265 4753 1346 4816 ligura
1371 4752 1483 4819 simplex
1502 4756 1552 4805 aed

255 4822 300 4878 ἲς
369 4824 402 4873 35
421 4820 482 4888 quo]
504 4825 570 4887 quod
589 4825 770 4888 qunoques
851 4824 885 4875 39
909 4836 984 4887 atque
1007 4823 1297 4886 quoddiuinncrinaeF
1378 4816 1455 4888 neve]
1477 4839 1511 4874 ne
1530 4826 1554 4875 F

328 4893 359 4943 tl
378 4890 592 4960 quandoquidem]
614 4894 729 4956 equidem
748 4894 792 4949 Fe
