3346 5498
121 430 186 496 682
678 430 850 495 tonantia

125 624 165 679 13,
176 625 190 672 7
226 620 276 679 hic,
290 621 341 671 hoc
352 635 492 686 pronomen
505 646 536 656 -
549 620 696 670 adverbium
711 628 750 670 εει
761 622 953 685 tromponeado
964 627 1023 670 auat
1033 626 1093 684 port
1106 621 1136 669 12
1147 619 1221 668 audis

176 692 207 740 19
224 704 302 750 aquo
314 690 354 737 vel
367 704 381 737 a
394 689 448 752 qui:
466 690 592 739 ablativus
608 688 744 753 singularis
762 689 859 753 duplex
875 697 921 742 εει.
947 702 1024 750 quare
1042 698 1066 736 et
1078 687 1213 737 ablativum
1228 686 1350 752 pluralem
1364 687 1414 735 du-

227 757 318 822 plicem
333 756 418 815 habet,
431 772 446 805 a
459 758 516 819 quis
529 756 569 805 vel
581 772 595 805 a
608 758 708 820 quibus,
722 757 793 806 cuius
807 756 865 806 talis
878 766 917 805 εει
929 756 1031 822 regula:
1045 756 1119 806 abeo
1132 756 1199 819 quod
1212 764 1251 803 εει
1263 770 1277 803 a
1289 769 1338 816 quo
1353 754 1414 804 lacit

225 841 240 873 a
252 827 319 888 quis,
331 826 398 874 sicut
410 839 425 873 a
437 824 511 875 docto

179 894 211 942 29
224 904 267 942 aut
285 909 317 942 ex
334 903 440 955 utraque
458 904 529 957 parte
546 893 653 958 plurale,
672 903 700 942 ut
717 893 807 956 nostri,
824 903 868 941 aut
885 907 918 941 ex
935 901 1041 954 rrtraque
1060 900 1130 958 parte
1148 891 1285 956 singulare,
1299 899 1413 940 ulmeus

223 961 314 1014 codex.
339 961 488 1026 possessiva
500 961 533 1010 ad
545 960 640 1022 aliquid
653 961 733 1010 dicta:
747 960 779 1009 ad
792 960 888 1022 aliquid
901 975 929 1010 ae
942 959 1061 1010 habentia

124 1050 165 1110 17,
182 1048 212 1095 12
225 1047 249 1094 in
263 1047 368 1110 passivo
381 1045 508 1095 communi
522 1056 547 1094 et
558 1046 695 1111 deponenti
769 1056 773 1062 ·

179 1116 210 1163 14
222 1125 281 1162 ante
294 1114 410 1170 litteram,
424 1115 449 1162 in
463 1114 565 1179 passivo
575 1115 703 1163 communi
713 1125 737 1163 et
746 1114 883 1178 deponenti
895 1128 909 1161 e
919 1122 1061 1179 correptam
1075 1124 1133 1162 ante
1145 1113 1275 1176 syllabam,
1288 1123 1318 1161 ut
1329 1113 1415 1162 scribo

225 1182 315 1230 scribis
328 1183 427 1231 scribor
439 1182 559 1231 scriberis

179 1252 210 1299 16
223 1251 247 1298 in
261 1250 365 1313 passivo
378 1250 506 1299 communi
520 1258 543 1298 et
556 1250 692 1315 deponenti

179 1320 211 1367 22
224 1333 269 1383 per
281 1318 388 1366 modos:
401 1317 537 1367 indicativo
552 1318 626 1368 modo
639 1319 730 1382 legitur

179 1388 211 1436 37
224 1400 269 1450 per
281 1386 492 1448 contrarietatem,
506 1386 574 1448 quod
589 1385 649 1435 nibil
663 1387 794 1452 deponant

126 1475 166 1534 19,
177 1473 194 1519 4
224 1471 331 1519 dicimus
345 1471 412 1519 enim
425 1471 527 1520 osculor
539 1481 564 1520 ιε
576 1485 622 1536 pro
635 1473 722 1520 osculo
735 1482 759 1520 te
772 1477 796 1520 et
808 1472 909 1521 osculor
922 1486 937 1521 a
949 1480 973 1521 te

180 1541 210 1587 11
225 1553 275 1602 quo
289 1539 348 1588 olim

178 1607 210 1656 36
224 1607 269 1655 sed
283 1607 373 1656 melius
387 1616 425 1655 est
439 1615 465 1656 ut
476 1607 607 1672 participia
621 1608 672 1656 sint
684 1608 766 1671 tnagis
779 1622 854 1669 quam
866 1608 973 1688 gerundi
987 1608 1064 1657 verba

120 1678 161 1739 20,
176 1676 193 1723 4
222 1676 281 1737 quia
294 1675 344 1723 dua
356 1682 471 1741 tempora
485 1675 579 1725 habent
592 1676 696 1724 ulterius
710 1686 818 1741 ternpus,
830 1677 993 1742 praeteritum
1012 1675 1151 1741 perlectum
1170 1676 1248 1724 lectus
1261 1689 1318 1723 sum
1331 1674 1414 1723 lectus

222 1743 257 1791 lui
280 1753 338 1791 ante
359 1740 447 1791 horam
468 1753 493 1792 et
513 1744 624 1793 ostendit
644 1757 780 1793 retrorsum
803 1754 918 1809 tempus,
945 1744 1107 1809 praeteritum
1134 1741 1413 1808 plusquamperfectum

222 1812 314 1860 lectum
327 1811 371 1859 tibi
385 1823 438 1860 erat
451 1811 542 1859 lectum
556 1812 600 1861 tibi
613 1811 757 1860 lucretiam
769 1823 827 1861 ante
840 1813 904 1862 duas
917 1810 992 1861 horas

174 1881 207 1928 23
220 1878 326 1928 ulterius
339 1879 431 1928 dieitur
442 1879 509 1941 qnod
520 1888 578 1944 post
591 1881 754 1945 praeteritum
765 1880 905 1945 perlectum
919 1891 943 1929 et
954 1880 1117 1946 prmaeterttum
1131 1876 1413 1944 plusquamperfectum

221 1962 277 1996 esse
294 1947 463 2010 cognoscitur.
488 1948 610 2013 temporis
628 1951 772 2012 praesentis
789 1948 879 1998 modus
896 1949 1073 1998 coniunctivus
1086 1946 1153 1996 idem
1166 1948 1284 2009 estquod
1298 1957 1337 1995 est
1350 1957 1416 1994 tern-

224 2015 294 2079 poris
307 2014 385 2063 lutari
398 2016 528 2080 optativus

175 2085 208 2133 32
221 2082 371 2146 significatio
390 2094 429 2132 est
446 2097 510 2144 quae
528 2084 626 2146 probat,
644 2084 717 2133 cuius
735 2083 928 2148 significationis
945 2084 1067 2150 adverbia
1080 2084 1140 2142 sint,
1152 2091 1180 2133 ιιι
1190 2100 1212 2132 u.
1227 2097 1242 2130 a
1255 2098 1283 2132 se
1295 2081 1418 2130 adverbia

223 2150 378 2198 descendere
390 2153 426 2200 od
437 2151 503 2201 Dan.
517 2153 575 2210 363,
589 2154 604 2202 5
615 2155 764 2216 pertineant

123 2238 165 2296 21,
181 2236 212 2283 16
225 2234 274 2282 hnc
287 2234 346 2282 illuc
359 2234 401 2283 illo
415 2251 464 2297 quo
478 2250 507 2284 eo
521 2236 598 2294 istae;
613 2238 637 2285 in
652 2236 707 2285 loeo
721 2237 850 2296 istasunt,
863 2235 966 2285 hioillio
980 2239 1022 2286 ubi
1034 2237 1067 2284 ibi
1082 2236 1153 2295 istic3
1172 2236 1203 2284 de
1216 2235 1271 2285 loeo
1284 2236 1334 2285 ista
1347 2244 1417 2290 srrrrt,

224 2302 282 2350 hinc
299 2303 367 2350 illinc
387 2305 453 2352 unde
471 2303 529 2351 inrle
547 2304 621 2352 istinc
639 2304 698 2354 alibi
716 2315 741 2353 et
758 2305 832 2366 illim3
850 2319 895 2369 per
912 2305 994 2353 locum
1012 2305 1152 2363 istasunt,
1170 2303 1218 2351 hac
1234 2303 1291 2352 illac
1312 2303 1353 2351 illa
1367 2317 1416 2365 qua

224 2384 253 2418 ea
266 2381 329 2418 istac

123 2440 165 2497 22,
179 2440 210 2489 19
224 2438 294 2485 varia
307 2449 388 2485 tamen
403 2439 522 2488 adverbia

120 2526 162 2585 23,
177 2525 208 2572 14
221 2523 321 2573 duabus
340 2524 435 2587 regulis
453 2525 609 2583 terminatur,
628 2525 653 2573 in
666 2525 714 2573 dus
727 2540 741 2573 a
755 2526 887 2588 praesenti,
906 2535 934 2574 nt
947 2525 1034 2590 legens
1047 2525 1180 2590 legendus,
1194 2526 1218 2573 in
1233 2539 1276 2573 rus
1288 2539 1303 2572 a
1317 2532 1417 2589 praete-

223 2592 279 2643 rito.
294 2599 322 2639 ιιι
335 2591 414 2641 lectus
428 2592 538 2641 lecturas

120 2662 162 2722 24,
177 2661 208 2709 12
222 2659 375 2722 expletivae:
391 2661 413 2708 si
426 2674 475 2709 uon
489 2661 568 2724 leges,
582 2659 672 2710 saltem
686 2660 828 2725 vapulabis.
846 2661 995 2711 rationales:
1014 2677 1064 2711 non
1079 2662 1194 2725 vapulas,
1208 2675 1266 2709 nam
1279 2660 1344 2724 legis
1357 2675 1414 2708 cum

222 2727 427 2792 pronuntiatione

120 2799 160 2852 25,
174 2798 190 2844 6
219 2795 289 2844 aliud
303 2795 399 2856 minuit,
415 2797 439 2845 iel
453 2805 491 2845 est
504 2795 621 2859 detrahit,
634 2806 661 2845 ut
674 2797 757 2846 illisus

176 2865 210 2913 34
222 2864 343 2912 transitur

121 2933 163 2996 26,
179 2934 191 2980 1
223 2931 323 2992 qnando
338 2933 424 2982 localis
437 2932 521 2993 luerit,
535 2933 681 2981 accusativo
694 2934 783 2994 servit3
798 2933 898 2996 qnando
912 2932 1043 2992 itineralis,
1062 2933 1217 2983 ablativo-
1231 2932 1298 2993 quia,
1312 2943 1340 2980 nt
1353 2932 1417 2995 dixi,

224 3000 311 3048 localia
325 3026 357 3036 —
371 3002 429 3061 quia
442 3001 566 3050 itineralis
580 3012 618 3050 est

177 3070 210 3118 23
223 3068 248 3115 id
261 3065 309 3133 est]
323 3072 339 3119 l.
353 3069 411 3117 ideo

124 3155 165 3208 27,
179 3154 193 3202 7
226 3168 271 3217 pro
285 3154 432 3202 seinvicem
447 3163 583 3216 ponuntur,
602 3163 628 3202 ιιι
641 3168 759 3203 maxume
772 3168 817 3218 pro
831 3154 948 3212 maxime,
965 3154 1005 3202 vel
1021 3155 1080 3217 quia
1098 3168 1246 3217 expressum
1259 3168 1350 3201 sonum
1366 3168 1416 3201 nou

224 3220 316 3270 habeut
328 3223 354 3269 in
367 3221 495 3282 aliquibus
509 3221 670 3280 dictionibus,
684 3233 712 3271 ut
724 3223 763 3270 vir
778 3231 803 3270 et
816 3236 933 3271 maxume

176 3291 209 3338 33
225 3304 282 3336 rrrtm
300 3290 416 3351 quotiens
434 3304 491 3336 cum
510 3299 577 3338 muta
595 3291 697 3338 iunctae
714 3290 816 3351 interint,
835 3292 993 3355 antepositae
1011 3290 1122 3338 vocalem
1142 3289 1243 3354 longam
1263 3288 1371 3348 iaciunt,
1391 3296 1418 3336 ut

222 3359 318 3417 urbem,
333 3358 482 3422 postposita,
499 3368 525 3405 ut
537 3357 637 3418 Atrida,
651 3372 666 3404 a
679 3372 838 3406 commanem
853 3358 976 3422 syllabam
990 3357 1050 3406 lacit

123 3426 164 3484 28,
177 3426 194 3472 4
224 3426 289 3473 siout
302 3435 370 3473 muta
384 3439 543 3473 communem
556 3425 680 3489 syllabam
693 3425 753 3474 lacit

180 3494 210 3540 12
223 3494 230 3540 l
244 3503 268 3541 ει
280 3509 291 3541 r
303 3503 347 3541 aut
360 3504 468 3557 pereunt

179 3562 212 3609 23
226 3577 254 3609 eo
268 3562 336 3623 quod
351 3561 435 3625 plures
449 3561 546 3609 litterae
559 3559 757 3624 comprehensae
770 3562 894 3626 syllabam
909 3577 984 3611 unam
998 3563 1101 3613 iaciunt.
1128 3576 1184 3611 cum
1198 3575 1212 3608 a
1225 3559 1338 3626 pluribus
1351 3561 1418 3609 litte·

224 3629 450 3687 mmfflmw

122 3698 165 3752 29,
181 3697 211 3744 12
225 3698 315 3760 longae
328 3707 397 3760 sunt
411 3713 442 3745 ae
454 3711 484 3744 oe
496 3712 528 3744 au
543 3712 572 3744 eu
587 3712 617 3745 ει
643 3697 800 3777 exceptis—
767 3699 903 3748 —breves
921 3710 988 3751 sunt.
1013 3701 1062 3748 itnr

180 3763 212 3813 32
226 3766 387 3814 terminatum
401 3765 496 3814 vocalis
509 3765 623 3828 sequitur
906 3789 909 3792 ·

123 3852 164 3907 30,
178 3850 244 3897 26
224 3865 244 3898 rs
259 3852 333 3898 etiam
346 3850 454 3899 creticus
467 3850 558 3898 dicitur
571 3852 763 3914 transponendo
774 3858 832 3900 aral
842 3858 901 3914 port
914 3853 946 3901 27
959 3851 1050 3916 longae
1063 3852 1164 3914 cingant

123 3938 164 3994 31,
179 3936 193 3983 7
222 3934 345 3997 ιιιὶειΙΙιιιιί
363 3945 435 3996 octo,
453 3934 607 3998 tetrasyllabi
625 3935 736 3984 sedecim
754 3936 833 4001 perles
851 3951 896 4001 per
913 3937 1050 3986 varietates
1067 3936 1163 3984 similes
1176 3934 1279 3998 iaciunt,
1295 3935 1416 4000 disyllabi

223 4001 400 4080 XXilll'eum
422 4002 559 4066 trisyllabis
581 4003 672 4063 iuncti,
699 4004 821 4067 trisyllabi
848 4005 982 4069 sexaginta
1009 4015 1033 4053 ει
1056 4014 1174 4067 quattuor
1196 4018 1252 4052 etim
1278 4004 1416 4068 trisyllabis

224 4080 344 4118 Ηειιιιιιιιιι

181 4141 210 4186 12
223 4106 248 4185 ii
266 4152 377 4202 paeones
394 4139 484 4199 quina,
503 4139 557 4186 sive
576 4140 635 4201 quia
653 4155 697 4188 nec
716 4154 795 4201 aequa
814 4140 905 4188 divisio
923 4140 989 4188 inter
1005 4140 1076 4204 ipsos
1091 4154 1136 4187 neo
1149 4140 1225 4203 dupla
1239 4154 1283 4188 nee
1297 4141 1417 4205 sescupla

225 4221 281 4254 esse
313 4215 378 4253 otest

179 4276 211 4323 22
226 4222 310 4322 rnctrrp
310 4274 389 4345 pedes
402 4273 517 4336 lebrumt
538 4289 581 4336 qur
594 4286 655 4324 ειιιιι
667 4275 825 4333 naturales
819 4291 844 4324 ιιι
858 4274 958 4324 heroico
971 4276 1104 4340 spondius
1131 4276 1211 4325 notlti:
1226 4276 1375 4339 degeneres,
1390 4286 1419 4324 ut

224 4344 245 4390 si
264 4333 339 4390 ι11ειιε
353 4341 443 4390 nothus
460 4342 492 4390 de
510 4353 581 4407 patre
599 4344 676 4392 nobili
694 4354 719 4392 et
738 4353 816 4392 matre
828 4344 941 4409 ignobili
956 4355 983 4392 ut
996 4343 1166 4408 Vergilius
1180 4346 1283 4394 creavit
1310 4344 1417 4406 legitimi

224 4424 284 4459 seint
301 4411 452 4473 spondei—
422 4408 524 4458 —iaeti
538 4410 623 4461 nothi.
648 4410 718 4461 nothi
735 4411 843 4473 dactuli,
862 4413 921 4474 quia
939 4411 1019 4461 inacta
1036 4411 1131 4475 syllaba
1149 4413 1256 4476 spondei
1275 4412 1357 4459 laetias
1378 4420 1416 4459 est

228 4478 326 4537 nothus
341 4479 400 4527 intle
413 4478 539 4527 dactulus.

178 4549 210 4597 29
223 4558 342 4595 accentus
361 4548 450 4595 dicitur
469 4547 577 4612 partium
598 4549 718 4597 orationis
732 4548 806 4609 quasi
819 4549 950 4595 adeantns
975 4556 1095 4595 accentus
1113 4547 1232 4595 dicuntur
1250 4556 1273 4595 et
1291 4548 1356 4606 toni,
1376 4547 1415 4594 di-

224 4624 315 4663 cuutur
328 4625 352 4661 et
366 4626 466 4664 tenores

122 4700 164 4760 32,
178 4699 193 4745 7
222 4700 253 4747 ab
266 4699 403 4749 accinendo

177 4769 210 4815 23
227 4776 304 4815 mutat
317 4778 448 4815 accentum
463 4779 487 4817 et
499 4771 524 4817 in
537 4771 736 4835 antepenultima
748 4777 851 4817 acutum
865 4769 954 4833 recipit

177 4837 245 4884 30111
263 4835 474 4967 antepenpltima:
496 4838 531 4898 cf.
551 4840 592 4896 33,
610 4841 624 4887 3
645 4835 753 4902 [coelica
771 4838 923 4900 scriptarum
942 4837 998 4898 ipso
1015 4836 1125 4900 Hoqeuo
1143 4843 1257 4885 monente
1279 4851 1327 4884 aon
1345 4844 1418 4887 recte

223 4909 373 4952 mutauerant
