3346 5498
678 381 915 444 continuavit
1386 379 1447 445 175

1265 488 1424 542 p.1ts·stl.

155 576 185 628 et
207 569 238 628 in
262 570 363 648 quinta
389 564 392 649 l
416 569 534 628 numeri
562 570 728 628 communis
751 577 834 640 sunt;
862 571 893 629 in
917 570 1001 629 tertia
1024 567 1221 629 declinatione
1244 571 1332 631 varie.
1378 575 1448 648 puta

154 672 187 729 in
210 671 305 750 prima
334 669 530 731 declinatione
560 679 605 731 εει
627 670 786 748 singularis
808 689 952 732 numerus
975 680 1004 731 et
1025 668 1164 749 pluralis,
1193 669 1266 731 haec
1289 671 1371 732 llusa
1394 669 1449 731 hae

154 771 271 842 llusae,
295 773 343 833 hic
365 776 479 834 Aeneas
502 772 533 832 hi
555 775 685 842 Aeneae,
701 774 759 833 ‘hic
774 772 918 833 Anchises
941 772 970 832 lri
986 772 1145 840 Anchisam
1170 791 1225 833 nec
1246 773 1332 834 aliter
1355 780 1451 850 potest

153 893 209 953 per
237 893 339 936 rerum
367 883 503 936 naturam
530 876 668 935 inveniri:
699 877 825 935 varietas
852 883 894 935 est
920 878 952 935 in
974 890 1098 935 numero
1120 874 1260 953 singulari
1283 883 1313 936 et
1336 873 1450 953 plurali.

125 992 139 1032 s
153 979 224 1038 item
240 979 270 1037 in
287 976 415 1038 secunda
432 975 631 1037 declinatione
646 976 694 1037 hic
710 977 816 1037 doctus
830 975 862 1036 tn
876 975 969 1045 docti.
992 975 1041 1036 hic
1056 995 1129 1056 puer
1146 977 1176 1036 lii
1198 976 1298 1056 pueri,
1324 979 1449 1041 varietus

154 1086 209 1139 est.
252 1081 283 1138 in
306 1087 409 1157 quarta
438 1088 468 1139 et
495 1079 524 1138 in
549 1081 650 1156 quinta
679 1078 876 1139 declinatione
899 1096 1018 1158 semper
1041 1080 1211 1140 communis
1230 1096 1371 1140 numerus
1393 1085 1448 1146 εει,

153 1189 186 1240 ut
208 1180 256 1239 hic
279 1179 384 1242 linctus
408 1189 437 1240 et
457 1179 487 1239 hi
510 1179 632 1250 linctus,
661 1179 710 1239 hic
732 1180 796 1240 dies
819 1188 848 1240 et
870 1181 899 1241 hi
922 1180 993 1240 dies
1039 1190 1171 1241 ceterum
1193 1183 1224 1241 in
1247 1183 1334 1242 tertia
1357 1182 1446 1249 varie,

153 1281 312 1360 aliquando
328 1280 426 1342 dillert
441 1300 593 1350 numerus,
609 1281 768 1360 aliquando
783 1283 948 1343 communis
964 1290 1021 1342 est:
1039 1282 1183 1342 dissertio
1199 1283 1253 1343 lrac
1269 1281 1446 1351 elocutione,

67 1450 75 1455 ,
155 1382 202 1445 hic
231 1392 313 1462 pater
341 1384 370 1443 lri
399 1392 511 1463 patres;
547 1385 712 1444 communis
741 1386 842 1445 estin
871 1384 926 1445 hac
954 1383 1136 1454 elocutione,
1166 1384 1240 1445 haec
1268 1383 1364 1445 claves
1392 1383 1448 1443 hae

116 1485 260 1546 roclaves.
964 1483 968 1488 ’

238 1589 274 1649 Ει
303 1590 440 1665 qnoniam
468 1586 559 1649 incidi
586 1589 617 1648 in
646 1586 725 1649 hune
754 1595 925 1658 tractatum,
955 1608 1014 1649 non
1037 1599 1066 1649 te
1088 1588 1169 1649 lallat
1191 1587 1278 1659 illud,
1302 1588 1382 1667 quod
1405 1596 1450 1650 est
1460 1602 1520 1663 495,
1533 1603 1564 1651 ut

154 1688 278 1769 ubique:
303 1698 346 1749 est
370 1691 448 1749 enim
471 1693 555 1751 ratio.
601 1690 711 1770 ubique
733 1692 899 1751 invenimus
922 1693 1040 1752 nomina
1063 1693 1167 1751 tertiae
1191 1690 1397 1752 declinationis
1417 1692 1448 1751 in

154 1791 278 1852 ablativo
306 1791 448 1869 singulari
476 1811 539 1853 esse
570 1800 721 1871 correpta,
749 1801 781 1853 ut
807 1791 845 1853 ab
873 1792 930 1853 hoc
958 1800 1055 1872 patre,
1086 1792 1221 1853 ebrevis
1244 1802 1303 1863 est;
1334 1792 1370 1854 ab
1393 1792 1449 1853 hac

155 1899 257 1962 matre,
283 1913 298 1953 e
322 1892 420 1953 brevis
443 1902 500 1962 est;
523 1893 561 1954 ab
583 1894 640 1954 hoc
662 1902 787 1963 amante,
812 1901 842 1953 ει
863 1897 963 1954 nescio
979 1913 1054 1975 quae
1077 1894 1142 1955 alia.
1174 1897 1205 1956 in
1228 1894 1353 1956 ablativo
1377 1912 1449 1973 ergo

114 2009 141 2050 15
155 1993 296 2072 singulari
318 1997 437 2055 nomina
461 2015 477 2056 ε
499 1998 579 2057 finita
605 2014 620 2056 e
644 1996 763 2056 brevem
792 1994 910 2056 hahent.
955 1997 1007 2057 sed
1036 1999 1201 2059 invenimus
1223 1997 1262 2057 ab
1283 1998 1338 2058 hac
1361 1997 1447 2063 larue.

155 2115 171 2155 e
194 2096 311 2175 longam
334 2099 509 2159 invenimus.
554 2098 628 2158 haec
655 2100 749 2159 tames
776 2097 863 2160 liuius
885 2098 985 2159 lamis:
1019 2119 1078 2179 quo
1102 2100 1189 2161 rnodo
1213 2108 1307 2180 potest
1331 2100 1395 2160 lieri
1416 2106 1450 2160 ut

153 2201 319 2260 inveniatur·
341 2199 484 2260 ablativus
507 2219 522 2259 c
545 2202 644 2261 finitus
669 2201 671 2281 l
697 2200 860 2281 productus
883 2202 964 2261 esset
986 2204 1063 2262 scire
1086 2202 1176 2264 debes
1197 2203 1336 2282 quoniam
1359 2200 1448 2261 modo

152 2302 192 2360 ita
221 2301 330 2363 iactum
359 2311 417 2370 est,
451 2310 483 2362 nt
510 2304 549 2362 ita
577 2302 752 2364 declinetur.
798 2322 866 2364 nam
900 2303 976 2382 apud
1015 2307 1143 2365 maiores
1175 2314 1294 2366 nostros
1328 2305 1449 2383 quintae

153 2404 250 2464 luerat
283 2403 502 2475 declinationis,
537 2404 611 2465 haec
645 2406 738 2466 lanies
771 2405 857 2467 huius
886 2407 983 2467 laurei.
1030 2418 1060 2467 et
1093 2409 1282 2472 inveniuntur
1314 2404 1448 2486 exempla

112 2523 142 2561 20
155 2504 282 2584 plurima
313 2505 445 2586 [multa].
490 2516 658 2568 coacervata
687 2517 756 2568 sunt
783 2509 839 2569 ista
867 2507 1000 2588 exempla
1028 2509 1059 2568 in
1087 2510 1152 2588 ipso
1180 2508 1261 2577 loco,
1296 2507 1347 2567 ubi
1375 2507 1448 2568 hacc

152 2609 228 2668 ratio
252 2607 366 2668 reddita
390 2614 435 2668 est
466 2607 502 2667 de
535 2608 622 2670 same.
665 2629 736 2689 ergo
758 2609 840 2670 vides
868 2610 946 2689 quod
969 2611 1112 2670 remansit
1134 2610 1210 2690 apud
1234 2611 1367 2679 Latinos,
1392 2628 1448 2687 qua

154 2712 269 2770 ratione
292 2710 466 2789 productam
491 2731 506 2771 e
529 2713 697 2774 invenimus
719 2715 749 2772 in
773 2711 897 2773 ablativo
920 2713 1006 2773 farne.
1051 2713 1127 2792 siqui
1150 2712 1228 2772 dicat
1249 2712 1303 2772 tihi
1326 2713 1447 2772 ‘nomen

153 2813 258 2872 tertiae
281 2812 487 2873 declinationis
510 2814 586 2894 quod
610 2823 655 2875 est
677 2832 795 2893 semper
818 2817 979 2893 corripitur
993 2815 1023 2874 in
1039 2812 1179 2883 ablativo,
1204 2822 1310 2893 etqua
1333 2815 1448 2874 ratione

153 2913 211 2973 lroc
233 2916 400 2975 invenimus
420 2915 617 2994 productum?
642 2914 744 2976 ubiubi
768 2918 848 2976 enim
870 2918 1036 2976 invenimus
1058 2915 1144 2985 lame,
1168 2934 1288 2994 semper
1309 2915 1447 2994 produci-

111 3032 139 3072 25
153 3019 235 3075 tur’:
260 3014 401 3076 ablativus
423 3020 448 3076 si
471 3019 574 3078 tertiae
599 3017 804 3078 declinationis
827 3025 886 3083 εει,
917 3019 1085 3097 corripitur.
1129 3017 1180 3078 sed
1204 3019 1281 3078 scire
1304 3017 1448 3078 riebemus

154 3117 232 3197 qnod
256 3120 295 3178 ita
317 3119 394 3197 apud
419 3121 546 3179 maiores
569 3128 686 3179 nostros
709 3119 889 3179 declinatum
912 3118 969 3179 hoc
992 3138 1100 3179 nonren
1123 3120 1229 3180 luerat.
1267 3118 1345 3197 quod
1369 3122 1446 3180 enim

153 3221 319 3279 invenimus
342 3238 358 3278 e
381 3219 557 3299 productum
580 3223 611 3280 in
634 3221 772 3290 ablativo,
797 3240 856 3282 nou
880 3223 959 3282 venit
974 3242 990 3282 a
1007 3223 1106 3290 tertia,
1131 3222 1182 3281 sed
1205 3241 1221 3282 a
1244 3224 1346 3300 quinta
1370 3222 1448 3280 venit

154 3323 281 3401 antiqua.
314 3321 424 3402 ubique
447 3325 525 3384 enim
548 3322 625 3400 apud
648 3325 783 3402 antiquos
798 3325 841 3382 sic
855 3322 996 3401 legimus,
1021 3324 1093 3383 liaeo
1116 3323 1209 3384 lames
1232 3324 1320 3384 liuius
1343 3323 1445 3390 larnei;

154 3431 184 3483 ct
207 3424 274 3484 inde
296 3427 375 3485 venit
398 3425 434 3486 ab
457 3425 511 3485 hac
534 3426 625 3494 lame,
652 3421 735 3509 [ergo
752 3434 796 3485 est
811 3442 953 3485 numerus
968 3423 1137 3506 singularis]
1155 3425 1228 3486 lraec
1249 3426 1343 3486 lames
1360 3424 1447 3485 liuius

111 3546 138 3584 oo
154 3527 242 3587 famei
266 3526 302 3586 ab
325 3525 380 3587 hac
403 3529 488 3587 lame.
521 3526 612 3588 habes
635 3527 690 3587 lroc
713 3529 742 3589 in
766 3528 862 3606 Capro
891 3527 927 3588 de
957 3526 1054 3605 lingua
1079 3527 1183 3596 latina,
1208 3547 1267 3589 non
1290 3527 1327 3587 de
1350 3525 1447 3587 dubiis

151 3628 321 3706 generibus.

238 3731 315 3808 Ergo
331 3739 376 3791 est
391 3748 533 3791 numerus
548 3732 720 3809 singularis,
744 3731 792 3792 hic
807 3731 927 3801 doctus,
953 3730 957 3816 l
981 3751 1125 3794 numerus
1145 3731 1283 3812 pluralis,
1307 3731 1338 3791 hi
1352 3730 1446 3801 docti;

153 3841 199 3893 est
221 3851 363 3893 numerus
385 3835 565 3902 communis,
596 3834 659 3894 dies
682 3833 796 3894 lluctus.
843 3835 895 3895 scd
923 3837 1001 3896 scire
1029 3834 1171 3896 debemus
1199 3834 1250 3895 illa
1272 3853 1337 3895 esse
1359 3833 1446 3913 plena

152 3938 286 4002 nomina,
311 3953 386 4012 qnae
409 3935 520 3996 habent
543 3955 682 3997 numeros
705 3956 783 3997 suos.
827 3943 897 4015 puta
920 3936 968 3997 hic
996 3937 1099 3998 doctus
1128 3956 1268 3998 numerus
1290 3935 1447 4015 singularis

107 4054 134 4092 aa
153 4047 213 4105 est,
239 4038 267 4096 lri
290 4037 369 4097 docti
392 4056 534 4098 numerus
557 4038 678 4117 pluralis
701 4046 753 4098 est.
802 4030 1112 4101 tamen'inveniuntur
1135 4041 1253 4101 nomina
1278 4057 1351 4116 rinae
1375 4037 1445 4099 defl-

151 4142 235 4199 ciunt
256 4141 285 4198 in
309 4147 434 4220 utroque
457 4159 590 4202 numero.
635 4159 694 4200 non
723 4143 802 4201 enirn
829 4150 915 4220 potes
936 4144 1070 4207 invenire
1097 4161 1204 4203 nornen
1228 4141 1307 4218 quod
1329 4142 1446 4220 penitus

224 4397 441 4448 lcommunesA
494 4400 564 4447 lest
583 4397 716 4449 oncABC
769 4397 954 4449 10clauisBO
1007 4400 1039 4448 14
1053 4412 1118 4460 quiae
1131 4398 1180 4447 alio
1195 4395 1229 4447 a*
1248 4412 1298 4460 qna
1316 4395 1447 4447 aliaABC

224 4467 255 4516 15
274 4468 341 4517 notro
361 4468 412 4517 BG
431 4468 499 4517 linito
519 4468 714 4517 terminantiaA
773 4469 805 4519 16
823 4469 862 4517 lon
885 4483 925 4516 arn
944 4469 1088 4517 inueuimns
1107 4468 1169 4518 haec
1182 4465 1286 4518 Bw:
1302 4468 1445 4515 inuenirnus

150 4552 198 4587 om.
220 4537 244 4584 A
298 4539 329 4588 21
352 4538 449 4587 reddito
468 4548 505 4587 est
525 4539 749 4589 BCredditurA
801 4484 962 4602 quodlqnid
984 4538 1072 4588 ABG
1119 4555 1168 4603 quta
1187 4540 1284 4587 ratione
1303 4537 1445 4585 inuenirnns

151 4607 497 4672 productnmeinnenimus
516 4612 540 4657 A
627 4609 661 4660 23
680 4607 729 4675 εει]
751 4605 953 4658 einlituruo*
1026 4610 1130 4674 corripit
1148 4609 1201 4658 AC
1288 4608 1321 4656 24
1341 4606 1445 4655 ubiubi

150 4677 218 4726 enirn
237 4677 278 4725 Ca
303 4677 345 4726 nbi
367 4680 433 4727 enirn
455 4679 512 4727 AB
599 4678 770 4729 annumeras
789 4680 814 4728 A
832 4680 931 4728 numeri
951 4678 1024 4727 nea
1109 4679 1144 4729 30
1163 4693 1211 4726 non
1230 4678 1261 4727 de
1280 4676 1446 4726 dubiisBoe

152 4762 202 4795 non
223 4748 307 4796 dubiis
325 4748 349 4796 A
375 4763 424 4799 non
444 4749 475 4797 de
494 4749 579 4801 dub..
602 4749 622 4797 Ο
690 4749 723 4799 32
748 4750 845 4798 numeri
869 4749 1009 4814 singularis
1028 4749 1078 4798 Be
1148 4749 1245 4798 numeri
1269 4747 1373 4812 pluralis
1394 4745 1446 4795 Bu

201 4816 235 4867 33
255 4821 352 4867 numeri
372 4820 514 4868 communis
532 4819 615 4868 ABG
676 4817 709 4869 35
728 4822 832 4869 nomina
851 4834 917 4882 quae
934 4820 1036 4869 numina
1054 4819 1173 4870 deliciunt
1192 4818 1245 4869 BG
1309 4816 1343 4867 35
1362 4823 1445 4883 potest

151 4887 267 4967 inuenire
284 4889 307 4937 A
317 4889 363 4938 BC
381 4898 464 4954 potest
485 4889 593 4940 inueniri
609 4885 666 4938 a*e
