3346 5498
123 374 187 439 510
669 373 870 434 dVGVS'l'lNl

148 497 171 538 p.
186 483 287 525 roua-ot
301 477 323 521 Ρ.

124 565 270 644 perlecto,
300 561 353 622 ubi
380 563 582 639 significamus
611 581 669 621 non
698 562 792 621 solum
821 580 875 621 nos
902 561 1014 642 aliquid
1042 562 1218 641 perfecisse,
1247 562 1414 624 sedetiam

94 698 102 711 .
123 649 247 718 dudum,
272 656 301 708 et
323 643 459 730 dilcimus
481 647 677 708 clamaveram
700 665 755 724 ego
777 645 957 708 clamaveras
980 655 1012 707 tu
1034 647 1211 708 clamaverat
1233 646 1282 708 ille
1304 648 1413 709 clama·

123 752 258 795 varamus
286 752 339 793 nos
369 733 574 794 clamaveratis
602 751 652 792 vos
679 731 877 792 clamaverant
904 731 964 803 illi;
994 740 1128 812 tempore
1156 733 1255 793 lature
1278 733 1414 794 clamabo

123 837 178 898 ego
200 816 344 879 clamabis
371 827 403 879 tu
433 818 573 879 clamabit
598 817 648 879 ille
676 815 869 878 clamabimus
897 836 950 878 nos
977 816 1143 881 clamabitis
1172 836 1221 878 ros
1243 817 1414 880 clamabunt

123 905 177 966 illi.
210 904 363 984 hucusque
378 906 416 964 de
430 903 517 964 modo
537 903 714 964 indicativo:
744 909 837 963 totum
852 903 907 962 ltoc
921 902 1000 982 quod
1023 903 1151 964 diximus
1174 902 1333 964 indicantis
1356 912 1440 968 este

123 1008 202 1051 nunc
225 989 260 1049 de
283 989 370 1048 modo
393 990 575 1067 imperative.
612 987 679 1048 idco
707 995 805 1048 autem
833 987 944 1049 dicitnr
973 989 1180 1067 imperativus,
1210 989 1278 1068 quia
1307 1007 1414 1050 sonum

123 1075 214 1136 habet
236 1074 413 1152 imperandi.
444 1073 496 1134 sed
512 1076 569 1135 iste
585 1073 689 1134 modus
703 1092 764 1133 non
779 1071 868 1133 habet
889 1074 1015 1152 primam
1037 1091 1208 1152 personam,
1232 1075 1301 1153 quia
1324 1092 1415 1135 nemo

52 1210 57 1219 .
123 1159 181 1222 sibi
206 1162 346 1239 imperat,
369 1158 421 1219 scd
444 1159 480 1219 ad
503 1158 662 1219 secundam
685 1177 844 1238 personam
865 1157 997 1238 loquitur
1018 1165 1047 1218 et
1070 1158 1106 1218 ad
1129 1160 1262 1219 tertiam:
1287 1178 1414 1220 numero

123 1245 266 1323 singulari
295 1244 332 1305 ad
361 1244 520 1305 secundam
548 1244 655 1312 clama,
683 1243 720 1304 ad
748 1244 867 1304 tertiam
895 1243 1014 1312 clamet,
1047 1242 1086 1322 pl.
1111 1244 1146 1304 ad
1169 1244 1330 1305 secuudam
1352 1245 1414 1307 cla·

124 1338 217 1399 mate,
241 1330 276 1391 ad
301 1331 419 1391 tertiam
443 1329 586 1399 clament;
609 1329 711 1389 laturo
732 1337 865 1407 tempore
887 1328 923 1388 ad
946 1326 1105 1389 secundam
1128 1329 1268 1399 clamato,
1292 1331 1328 1391 ad
1351 1338 1413 1391 ter·
1428 1356 1452 1394 ro

125 1418 195 1475 tiam
218 1415 357 1475 similitor
380 1414 514 1474 clamato.
544 1414 596 1475 scd
619 1432 710 1493 quare
734 1412 873 1476 similiter
895 1414 967 1474 lacit
988 1414 1019 1474 in
1042 1414 1171 1475 secunda
1193 1423 1223 1475 et
1245 1417 1343 1485 tertia,
1367 1424 1415 1477 est

124 1502 216 1569 ratio;
241 1500 292 1560 sed
314 1518 392 1559 nunc
414 1498 677 1578 praetermittenda
700 1505 760 1568 esta
783 1516 820 1559 ne
837 1498 874 1559 ad
889 1497 976 1559 aliam
999 1516 1063 1558 rcm
1087 1507 1280 1560 transeamus.
1308 1500 1413 1561 redea-

124 1605 190 1646 mus
212 1585 246 1645 ad
270 1584 431 1664 pluralem:
456 1584 492 1644 ad
514 1584 673 1645 secundam
695 1583 865 1651 clamatote,
889 1584 925 1644 ad
948 1587 1066 1645 tertiam
1089 1584 1245 1645 clamante.
1276 1604 1355 1646 nunc
1376 1585 1414 1645 de

124 1669 210 1731 modo
233 1671 372 1748 optativo.
418 1671 461 1729 sic
489 1678 586 1730 autem
615 1669 756 1737 dicimus,
785 1670 853 1746 quia
882 1670 1012 1747 optantis
1038 1669 1125 1728 modo
1146 1669 1292 1749 loquitur,
1316 1673 1414 1749 prima

124 1773 250 1833 persona
278 1762 410 1833 temporo
437 1756 588 1833 praesenti
616 1756 728 1814 utinam
757 1753 930 1823 clamarem,
959 1753 1088 1814 secunda
1116 1756 1229 1814 utinam
1256 1755 1414 1824 clamares,
1430 1779 1456 1819 ιε»

125 1839 161 1900 ad
191 1841 309 1899 tertiam
338 1841 449 1899 utinam
478 1838 632 1908 clamaret,
662 1839 701 1918 pl.
730 1838 766 1898 ad
793 1840 919 1917 primam
948 1857 1105 1918 personam
1134 1842 1246 1900 utinam
1269 1841 1413 1900 clamare-

125 1942 204 1992 muS,
238 1924 273 1984 ad
309 1924 467 1985 secundam
500 1928 613 1985 utinam
646 1924 831 1992 clamaretis,
867 1923 902 1983 ad
936 1926 1055 1984 tertiam
1086 1926 1200 1985 utinam
1234 1924 1413 1995 clamarcut;

125 2011 287 2089 praeterito
311 2017 442 2088 tempore
466 2010 503 2070 ad
531 2012 656 2090 primam
685 2027 843 2089 personam
864 2009 977 2069 utinam
1005 2009 1178 2069 clamassem
1206 2028 1277 2086 ego,
1306 2011 1343 2071 ad
1366 2030 1414 2070 sc-

125 2093 251 2155 cuudam
279 2096 391 2154 utinam
420 2094 577 2156 clamasses
605 2103 652 2164 tu,
682 2094 718 2154 ad
740 2095 860 2154 tertiam
882 2096 995 2154 utinam
1018 2092 1174 2155 clamasset
1197 2094 1261 2164 illc,
1290 2095 1330 2175 pl.
1354 2099 1414 2157 uti·

125 2198 192 2240 nam
221 2178 430 2240 clamasscmus
458 2199 525 2250 nos,
561 2183 674 2241 utinam
702 2180 885 2241 clamassetis
914 2197 980 2248 voS,
1009 2182 1122 2240 utinam
1149 2179 1325 2240 clamassent
1354 2181 1415 2250 illi;
1430 2205 1458 2244 eo

124 2265 225 2325 luturo
253 2272 386 2343 tempore
415 2267 510 2343 prima
539 2284 665 2344 persona
700 2267 812 2325 utinam
842 2265 965 2325 claurem
993 2281 1062 2341 ego,
1093 2267 1206 2324 utinam
1233 2265 1342 2325 clames
1371 2273 1416 2335 tu,

125 2351 238 2410 utinam
267 2349 374 2409 clamet
400 2349 465 2419 ille,
494 2351 607 2410 utinam
635 2349 796 2410 clamemus
824 2348 957 2410 clametis
985 2350 1121 2410 clament.
1166 2368 1245 2410 nunc
1268 2351 1304 2411 de
1325 2352 1417 2412 modo

126 2433 326 2495 sulrinnctivo.
350 2434 417 2494 ideo
440 2442 538 2494 autem
561 2437 604 2495 sic
627 2435 753 2503 dicitur,
774 2436 842 2513 quia
866 2445 933 2511 eget
956 2434 1123 2514 aliquare,
1149 2443 1180 2495 ut
1202 2436 1324 2514 impleat
1346 2455 1416 2497 sen·

125 2521 248 2580 tentiam
276 2537 373 2588 suam,
403 2527 435 2579 ut
463 2528 534 2598 puta
562 2538 630 2579 cum
657 2519 780 2579 clamem
809 2518 918 2579 clames
947 2519 1067 2588 claruet,
1097 2520 1206 2598 pendet
1233 2522 1282 2580 lric
1309 2541 1418 2582 seusus

125 2604 297 2684 indigetque
320 2603 416 2684 aliqua
440 2623 488 2673 rc,
512 2611 545 2664 ut
567 2606 713 2665 sententia
730 2604 926 2683 caruplcatur,
950 2611 982 2663 ut
1004 2606 1029 2664 si
1053 2604 1148 2665 dicam
1171 2604 1256 2666 ‘cnm
1279 2606 1458 2676 clamemus

125 2707 218 2770 qrrare
246 2709 293 2749 me
323 2698 422 2750 tacerc
452 2689 574 2749 dicisl'.
603 2689 671 2749 ideo
695 2706 765 2766 ergo
789 2691 993 2750 coniunctivus
1015 2689 1120 2750 modus
1142 2690 1239 2750 dictus
1261 2699 1319 2760 est,
1345 2695 1418 2772 quia

126 2777 153 2836 ci
178 2776 370 2851 coniungitur
393 2774 519 2854 aliquid,
543 2782 575 2835 ut
598 2776 746 2834 sententia
768 2773 927 2834 locutionis
948 2774 1035 2852 plena
1059 2777 1107 2835 sit.
1136 2793 1206 2852 crgo
1229 2776 1419 2837 declinemus

126 2861 205 2921 hunc
228 2859 362 2928 modum,
388 2866 420 2919 ut
442 2861 622 2939 superiores
668 2858 833 2919 declinatur
856 2865 954 2919 autem
977 2879 1031 2938 per
1055 2878 1195 2938 personas
1218 2869 1294 2931 tres,
1318 2859 1418 2941 prima

125 2942 130 3026 Ι
154 2962 282 3024 persona
305 2947 472 3023 praesentis
495 2948 637 3024 temporis
666 2964 734 3006 cum
762 2945 903 3013 clamem,
933 2944 1061 3004 secunda
1089 2964 1156 3005 cum
1179 2945 1302 3014 clanrcs,
1325 2949 1416 3008 tertia

125 3049 192 3090 cum
221 3028 342 3099 clamet,
372 3029 411 3109 pl.
440 3030 535 3108 prima
563 3049 690 3109 persona
719 3048 785 3090 cum
814 3027 987 3098 clamemus,
1016 3030 1146 3091 secunda
1173 3050 1239 3091 cum
1268 3031 1456 3102 clametis,ao

126 3116 214 3174 tertia
243 3133 309 3175 cum
338 3114 482 3183 clamcut;
512 3118 674 3193 praeterito
701 3123 834 3194 tempore
863 3115 1030 3193 inperfecto
1057 3117 1153 3193 prima
1187 3134 1314 3195 persona
1347 3135 1417 3177 cum

125 3199 299 3269 clariorem,
323 3199 452 3259 secunda
476 3218 543 3260 cum
558 3200 714 3270 clamares
739 3203 826 3261 tertia
842 3218 909 3260 cum
927 3199 1081 3268 clamaret,
1105 3201 1144 3279 pl.
1169 3203 1263 3279 prium
1286 3220 1417 3280 persona

125 3303 192 3345 cum
215 3283 424 3354 clamaremus,
448 3285 577 3345 secunda
599 3304 666 3345 cum
687 3285 868 3353 clamaretis,
892 3286 1063 3345 tertiarum
1080 3285 1256 3356 clamareut;
1281 3294 1415 3366 tempore

125 3371 288 3449 praeterito
315 3371 449 3448 perlecto
477 3388 543 3429 crim
572 3371 760 3432 claruaverim
789 3371 962 3431 clamaveris
991 3369 1163 3430 clamaverit
1190 3371 1416 3434 clamaverimus

98 3454 324 3533 'clamaveritis
353 3455 560 3524 clamaverint;
590 3463 721 3534 tempore
750 3457 912 3535 praeterito
942 3454 1231 3535 plusquamperfecto
1259 3475 1327 3517 cum
1356 3458 1414 3519 cla·
1428 3478 1456 3516 aa

125 3558 250 3600 masscm
275 3539 432 3600 clamasses
455 3541 610 3601 clamasset
632 3540 840 3600 clamasscmus
863 3540 1044 3601 clamassetis
1066 3540 1256 3609 clamasseut;
1279 3549 1415 3622 tempore

126 3627 226 3685 iuturo
254 3642 322 3684 cum
350 3625 515 3685 clamavero
547 3625 719 3685 clamaveris
752 3626 924 3686 clamaverit
955 3624 1182 3686 clamaverimus
1213 3627 1416 3688 clamaveritis

126 3710 329 3770 clamaverint.
375 3728 453 3770 nunc
476 3710 512 3768 de
537 3710 625 3770 modo
647 3710 779 3780 infinito,
803 3712 854 3789 qui
877 3710 943 3770 ideo
966 3711 1100 3771 infinitus
1123 3712 1248 3780 dicitur,
1272 3714 1342 3791 quia
1365 3733 1415 3773 su·

126 3797 262 3873 periotes
285 3794 429 3855 deliniunt
452 3813 593 3873 personas
617 3797 745 3873 primam
768 3795 927 3855 secundam
950 3803 979 3856 et
1002 3799 1136 3866 tertiam;
1159 3798 1208 3856 lric
1230 3806 1328 3857 autem
1353 3818 1415 3859 uro·

126 3878 181 3938 dus
204 3880 267 3938 sinc
291 3881 427 3957 personis
450 3888 494 3940 est
517 3887 547 3939 et
568 3879 658 3940 habet
680 3879 775 3939 solum
796 3888 914 3958 tempus
936 3881 1140 3959 praefinitum,
1164 3900 1306 3961 praescus
1328 3901 1417 3962 prac-
1431 3904 1457 3943 ao

125 3965 248 4023 teritum
272 3971 301 4022 et
323 3964 471 4033 futurum,
496 3972 619 4043 utputa
642 3964 768 4025 clamare
792 3983 934 4042 praeseus
956 3974 1015 4034 est,
1045 3966 1186 4027 clamasse
1209 3969 1417 4046 praeteritum,

126 4048 282 4108 claritatum
310 4050 355 4107 ire
382 4050 525 4109 futurum.
571 4068 640 4109 cccc
669 4050 750 4110 vides
778 4049 935 4127 designare
958 4059 1071 4111 tautum
1095 4062 1240 4131 tempora,
1265 4072 1323 4112 uon
1347 4073 1418 4132 per-

128 4152 229 4193 sonas:
253 4133 381 4193 clamare
405 4135 483 4193 enim
506 4143 535 4194 et
558 4134 698 4195 clamasse
721 4144 750 4195 et
772 4135 929 4195 clamatum
952 4138 1014 4206 ire,
1038 4140 1170 4197 uescitur
1192 4155 1333 4216 persona,
1359 4140 1421 4199 uisi

127 4219 200 4279 velis
229 4221 352 4295 iungere
380 4226 410 4278 et
437 4219 537 4279 dicere
566 4219 709 4281 ‘claruere
736 4219 825 4280 debet
854 4221 937 4290 illc';
967 4229 1036 4282 trine
1059 4225 1144 4301 (prasi
1166 4224 1198 4281 sit
1220 4224 1345 4282 finitum.
1391 4226 1421 4285 si

127 4313 225 4367 autem
242 4323 300 4364 nou
317 4302 478 4381 subiungas
501 4305 550 4365 illc
575 4305 618 4365 vel
640 4307 703 4385 ipse
720 4304 763 4365 vel
780 4308 845 4373 iste,
870 4309 916 4374 tn,
940 4314 973 4365 ut
995 4309 1119 4377 dicitur,
1144 4308 1278 4367 inlicitus
1294 4308 1419 4370 ruodus:
1435 4332 1461 4371 rs

127 4410 195 4451 natu
218 4397 248 4449 et
271 4407 394 4449 numero
417 4390 561 4466 singulari
583 4390 628 4449 vel
652 4391 758 4469 plurali
781 4393 913 4451 inlinitus
929 4399 984 4451 cst.
1009 4413 1075 4452 eum
1098 4393 1176 4452 euim
1199 4392 1265 4453 dico
1288 4392 1421 4455 clamare

129 4477 286 4544 clamasse,
311 4494 366 4535 nec
390 4475 505 4535 linitum
529 4483 588 4546 est,
613 4485 711 4536 utrum
734 4476 770 4535 dc
786 4495 845 4535 uno
860 4496 896 4536 an
920 4476 955 4535 de
979 4477 1094 4538 ‹luohus
1116 4478 1222 4537 dicam.
1253 4479 1304 4538 isti
1318 4486 1423 4542 autom

202 4714 212 4763 l
235 4713 316 4763 solum
335 4729 380 4766 orn.
400 4713 426 4761 l'
488 4713 552 4762 ode
565 4730 610 4766 om.
632 4713 655 4760 F
658 4729 674 4769 ς
746 4714 777 4763 12
796 4728 825 4760 ne
845 4712 967 4761 adoliam
988 4715 1023 4777 (et
1041 4729 1072 4762 ne
1091 4715 1122 4763 ad
1140 4713 1189 4763 elia
1210 4714 1240 4779 ς)
1259 4721 1425 4769 transeamus

129 4782 261 4831 redeamus
281 4784 312 4833 ad
332 4799 384 4831 rem
401 4782 521 4846 pluralem
543 4785 589 4839 Fa
660 4783 691 4832 13
708 4778 843 4846 clamante]
862 4781 994 4832 elamntnte
1012 4784 1036 4832 F
1105 4785 1138 4833 ’25
1152 4799 1181 4832 ac
1200 4786 1220 4833 si
1240 4784 1324 4834 dicem
1345 4801 1362 4843 ς
1381 4788 1428 4840 hie

128 4851 272 4901 sidicata‘
339 4853 372 4902 27
391 4849 424 4919 ei]
446 4861 470 4901 et
488 4853 512 4902 F
579 4852 612 4902 47
630 4850 724 4918 nutem]
745 4865 838 4919 ergo&
1211 4876 1217 4886 ·
