3346 5498
648 390 883 454 ubuuuitrvu
1371 387 1433 452 207

1250 496 1410 550 puto—521„

144 575 239 637 nibus.
283 596 342 656 quo
366 578 454 639 modo
477 578 601 640 dicimus
624 579 719 640 nubes
742 579 819 648 dies,
844 581 887 641 sic
910 581 997 639 etiam
1020 580 1051 639 iu
1074 579 1300 657 pronominibus
1322 579 1435 639 inveni·

143 686 191 738 tur
212 682 378 739 eommunis
401 690 543 740 numerus
565 682 643 741 inter
665 681 845 759 singularem
869 688 898 739 ct
919 680 1078 758 pluralem,
1108 687 1139 740 ut
1161 681 1225 759 qui:
1264 687 1294 739 et
1316 679 1352 741 de
1375 697 1434 739 uno

142 798 260 858 possum
284 780 384 843 dicere
407 784 457 859 qui
481 782 569 842 etde
592 782 707 843 duobus
729 766 760 842 ct
781 782 818 842 de
841 781 989 861 pluribus,
1014 785 1064 860 qui
1080 785 1124 844 vir
1147 789 1176 842 et
1198 782 1334 858 quirici,
1359 798 1435 858 quae

143 881 248 942 mulier
271 891 300 943 et
322 902 398 962 quae
420 882 568 944 mulieres.
600 891 670 944 sunt
685 886 773 945 etiam
796 887 972 963 pronomina
996 885 1161 945 deficientia
1184 901 1239 962 per
1261 881 1433 943 alterutram

45 997 48 1005 ¹
116 997 129 1036 ⁵
142 992 266 1063 partem.
311 986 481 1064 quomodo
504 985 631 1046 diximus
654 987 685 1046 in
709 986 877 1047 nominibus
900 1004 965 1047 esse
987 985 1084 1066 aliqua
1107 987 1225 1045 uomina
1250 982 1296 1063 [in
1320 1002 1434 1044 mascu-

142 1082 202 1145 lino
224 1085 350 1167 genere]
380 1095 495 1160 tantum
523 1089 640 1149 numeri
663 1087 839 1165 singularis,
869 1088 1004 1149 similiter
1026 1089 1143 1148 nomina
1166 1095 1280 1147 tantum
1302 1083 1433 1164 pluralia,

141 1188 182 1247 sic
207 1189 296 1248 etiam
320 1196 350 1249 et
371 1190 402 1248 in
424 1191 612 1268 pronomine.
658 1197 728 1249 sunt
749 1192 926 1268 pronomina
948 1209 991 1250 ex
1012 1197 1136 1267 utraque
1160 1198 1242 1266 parte
1264 1186 1433 1264 singularia,

143 1295 174 1349 ut
195 1307 292 1359 meus,
322 1289 351 1350 id
382 1299 426 1352 est
453 1301 482 1352 et
509 1289 558 1350 ille
587 1293 636 1371 qui
667 1292 799 1370 possidet
828 1299 857 1352 et
884 1290 933 1352 ille
955 1293 1006 1371 qui
1027 1291 1194 1371 possidetur
1217 1307 1293 1350 unus
1315 1297 1374 1356 est:
1398 1307 1434 1348 cx

140 1399 266 1471 utraque
287 1399 372 1472 parte
395 1391 535 1471 pluralia,
561 1402 593 1453 ut
616 1395 724 1463 nostri,
749 1395 849 1473 etqui
872 1394 971 1454 dicum
988 1411 1019 1452 se
1041 1391 1194 1471 possidere
1217 1390 1304 1451 etde
1327 1389 1435 1468 quibus

104 1507 129 1544 1⁰
143 1492 245 1553 dicunt
268 1493 370 1573 plures
392 1504 469 1555 sunt.
516 1496 695 1557 intrinsecus
716 1494 875 1573 singulare,
898 1495 1081 1555 extrinsecus
1104 1492 1232 1572 plurale:
1256 1493 1435 1553 intrinsecus
1512 1474 1521 1483 ¹

141 1593 248 1655 dicitur
272 1596 350 1673 quod
375 1599 505 1675 pertinet
526 1597 562 1657 ad
584 1616 742 1676 personam
772 1597 966 1677 possidentis,
997 1598 1182 1657 extrinsecus
1204 1595 1281 1674 quod
1306 1596 1435 1673 pertinet

140 1695 176 1757 ad
198 1716 357 1776 personam
383 1700 385 1775 ξ
410 1699 617 1777 possessionis.
640 1699 757 1778 quando
781 1717 852 1776 ergo
874 1699 1054 1758 intrinsecus
1076 1695 1189 1776 plurale
1212 1703 1266 1765 est,
1290 1700 1434 1757 extrinse-

140 1817 193 1858 cus
221 1799 388 1877 singulare,
419 1802 476 1861 erit
504 1799 552 1860 bio
580 1808 697 1870 noster,
736 1809 768 1860 ut
797 1799 880 1860 nirrlti
908 1802 967 1861 sint
999 1801 1049 1879 qui
1077 1798 1242 1878 possident,
1278 1817 1355 1858 unus
1383 1799 1435 1876 qui

140 1901 319 1979 possidetur.
365 1900 523 1981 aliquando
555 1903 735 1963 intrinsecus
766 1901 930 1980 singulare,
966 1904 1151 1962 extrinsecus
1178 1899 1309 1979 plurale,
1342 1907 1375 1960 nt
1408 1901 1433 1960 si

101 2001 222 2063 15dicas
246 2005 314 2063 mei.

225 2105 300 2165 Sunt
322 2107 410 2165 etiam
433 2107 547 2182 figurae
570 2107 600 2165 in
623 2105 858 2184 pronominibus.
890 2111 935 2165 ost
956 2106 1049 2183 figura
1072 2112 1122 2165 aut
1144 2103 1269 2183 simplex
1291 2113 1341 2165 aut
1363 2113 1553 2176 contemsit

139 2207 249 2286 posita,
286 2207 412 2286 simplex
445 2209 524 2287 quis,
559 2209 711 2286 conposita
745 2208 888 2287 quisquis.
934 2225 1001 2267 uam
1035 2208 1162 2268 diximus
1194 2208 1224 2266 in
1264 2207 1435 2268 nominibus

139 2309 280 2385 quoniam
309 2327 343 2369 ea
372 2311 491 2369 uomina
522 2328 596 2388 qnae
627 2328 662 2369 ex
693 2309 809 2369 duobus
831 2308 1002 2369 nominibus
1024 2312 1177 2387 conposita
1201 2315 1270 2369 sunt
1292 2326 1325 2366 ea
1350 2316 1434 2386 parte

140 2407 334 2479 declinantur,
359 2430 416 2490 qua
440 2421 484 2472 est
507 2413 719 2479 nominativum
743 2420 772 2471 et
794 2413 944 2471 invenitur
968 2428 1076 2470 nornen
1099 2410 1177 2489 quod
1201 2416 1434 2487 utraqueparte

100 2508 304 2571 ”declinatur
334 2509 467 2592 [praetor
494 2511 625 2573 urbanus
647 2520 772 2592 utraque
800 2521 885 2592 parte
919 2511 1114 2592 declinatur],
1138 2513 1276 2591 quoniam
1309 2518 1433 2590 utraque

138 2622 222 2691 parte
246 2615 444 2673 nominativus
467 2622 519 2673 est.
566 2613 638 2674 baec
661 2616 826 2674 invenimus
849 2616 931 2674 etin
954 2613 1189 2694 pronominibus.
1236 2620 1306 2674 sunt
1324 2631 1433 2692 prono·

139 2717 218 2774 mina
242 2717 395 2793 conposita
420 2734 494 2795 quae
517 2724 644 2793 utraque
666 2725 750 2796 parte
773 2717 975 2786 declinantur,
1004 2725 1073 2777 sunt
1095 2733 1170 2792 quae
1194 2717 1294 2794 priore
1318 2723 1433 2774 tautum

51 2804 56 2815 ¹
140 2824 224 2894 parte
247 2815 432 2877 declinantur
456 2826 485 2877 et
506 2820 671 2897 posteriore
688 2837 746 2879 non
763 2818 962 2886 declinantur,
986 2825 1055 2877 sunt
1070 2837 1145 2896 quae
1162 2820 1326 2895 posteriore
1349 2826 1433 2895 parte

140 2916 326 2979 declinantur
350 2926 379 2978 et
402 2920 501 2997 priore
524 2938 583 2980 non
607 2919 803 2980 declinantur.
835 2929 960 2999 utraque
983 2929 1065 2998 parte
1081 2918 1245 2978 declinatur
1268 2935 1434 2997 pronomen

101 3022 285 3099 esquisquis:
309 3023 443 3100 quisquis
466 3023 637 3083 cuiuscuius
659 3024 755 3083 cuicui
779 3040 957 3102 quemquem
980 3017 1112 3101 quisquis
1135 3039 1150 3079 a
1173 3039 1307 3099 quoquo,
1332 3020 1433 3097 quiqui

141 3138 393 3201 quorumquornm
417 3122 631 3204 quibusquibus
654 3104 803 3204 quosquos
825 3124 927 3202 quiqui
948 3142 964 3182 a
987 3122 1211 3201 quibusquibus.
1244 3123 1303 3182 noli
1328 3133 1433 3200 putare
1463 3109 1470 3124 ⁸

141 3223 195 3284 hoc
218 3242 304 3284 causa
332 3223 537 3286 declinationis
559 3245 637 3286 esse:
669 3235 698 3286 et
720 3226 798 3306 apud
820 3226 995 3286 Ciceronem
1019 3227 1163 3286 remansit
1184 3226 1281 3284 euicui
1304 3233 1333 3284 et
1354 3220 1431 3301 apud

79 3318 82 3324 ’
140 3323 320 3385 Terentium.
368 3345 434 3385 uam
457 3326 615 3388 Terentius
638 3327 710 3388 dixit

290 3428 374 3504 quia
397 3428 552 3507 spolies,
577 3429 739 3502 mutiles,
764 3429 921 3499 lateres,
946 3446 1164 3506 quemquem
1190 3436 1325 3489 nancta
1347 3428 1409 3489 sis.
1470 3506 1472 3514 ι

102 3538 331 3606 ³0quemquem,
365 3530 442 3591 unde
473 3533 530 3590 erit
558 3533 612 3591 ista
642 3530 800 3592 declinatio
829 3539 920 3591 tracta
950 3532 1007 3590 nisi
1035 3550 1050 3590 a
1080 3533 1261 3590 nominativo
1291 3529 1432 3606 singulari

141 3632 291 3710 quisquis?
316 3633 449 3711 quisquis
465 3635 634 3694 cuiuscuius
651 3635 748 3693 euicui
764 3650 950 3712 quemquem.
982 3634 1052 3692 item
1075 3635 1103 3692 in
1120 3634 1254 3693 verrinis
1269 3631 1386 3692 habetis
1401 3633 1432 3691 in

141 3730 188 3790 illa
204 3734 398 3793 frumentaria
411 3734 562 3795 Ciceronis
577 3734 821 3794 'cuicuimodi
837 3740 917 3794 est’.
941 3735 1048 3803 euicui,
1065 3734 1143 3795 nude
1159 3737 1215 3794 erit
1230 3737 1284 3794 ista
1302 3733 1430 3793 declina-

140 3834 180 3891 tio
196 3835 251 3893 nisi
267 3854 283 3893 a
301 3837 480 3895 nominativo
498 3837 646 3916 quisquis?
669 3840 801 3911 quisquis
816 3838 986 3897 cuiuscuius
1009 3839 1115 3897 euicui.
1152 3855 1224 3915 ergo
1247 3855 1317 3896 ecce
1341 3835 1432 3896 babes

139 3952 306 4012 pronomen
330 3936 408 4015 quod
433 3946 558 4016 utraque
582 3946 665 4017 partc
689 3937 867 4006 declinatur,
892 3941 1035 4017 quisquis.
1067 3947 1112 3999 est
1128 3941 1214 3999 etiam
1231 3939 1310 4015 quod
1333 3940 1433 4018 priore

103 4047 128 4086 ³⁶
141 4045 222 4115 parte
246 4037 410 4099 declinatur
435 4047 463 4098 et
485 4043 651 4118 posteriore
674 4060 733 4100 non
756 4039 937 4109 declinatur,
960 4051 992 4101 ut
1008 4050 1053 4099 est
1067 4038 1155 4108 illud,
1180 4043 1341 4120 quispiam:
1366 4043 1432 4120 quis

140 4136 319 4208 declinatur,
342 4143 420 4219 piam
445 4160 506 4200 non
529 4145 709 4203 declinatur.
754 4149 804 4202 aut
825 4162 908 4203 versa
937 4145 1000 4232 ripe
1023 4144 1105 4221 prior
1127 4162 1195 4222 pars
1218 4162 1278 4202 nou
1300 4142 1431 4204 declina·

140 4247 188 4300 tur
216 4241 412 4302 declinatione
440 4245 470 4303 in
500 4245 665 4322 posteriore
689 4246 799 4323 posita,
824 4253 856 4305 ut
877 4243 995 4324 aliquis:
1020 4243 1058 4304 ali
1081 4263 1139 4305 uon
1164 4245 1343 4314 declinatur,
1367 4246 1432 4323 quis

141 4378 208 4384 „ff-
222 4381 232 4384 ,
250 4381 442 4388 ,ψη-...ἥ

210 4447 242 4496 12
262 4448 363 4510 quando
383 4464 445 4514 ergo
464 4448 490 4496 A
509 4464 570 4514 ergo
587 4449 688 4512 quondo
705 4448 767 4498 uun
786 4464 848 4513 ergo
864 4448 965 4512 quondo
986 4449 1080 4500 dicoG
1164 4450 1261 4514 plurale
1287 4458 1325 4498 est
1344 4457 1369 4496 et
1385 4462 1431 4496 ex·

141 4514 264 4565 trinsecus
282 4516 306 4565 A
392 4519 423 4569 le
443 4515 502 4582 qun]
528 4521 569 4582 qui
590 4518 671 4568 ABG
752 4518 786 4569 20
810 4518 950 4568 declinatur
971 4520 994 4566 A
1020 4519 1245 4570 declineturBCo
1330 4529 1432 4583 praetor

140 4586 254 4636 urbanus
270 4598 377 4650 utreque
397 4599 467 4651 parte
485 4590 626 4637 declinatur
644 4603 689 4637 om.
707 4588 742 4648 A,
761 4589 822 4639 auu.
841 4608 858 4640 a
942 4590 976 4636 ‘25
995 4587 1121 4655 quisquis]
1143 4591 1177 4650 es.
1196 4590 1297 4639 Cledon.
1313 4605 1339 4651 p.
1363 4586 1431 4637 istite

207 4671 340 4720 equoque
360 4659 442 4708 ABG
459 4674 472 4706 a
491 4673 540 4722 qno
556 4674 571 4706 a
588 4673 637 4722 quo
655 4658 688 4708 a*
776 4660 810 4711 26
833 4674 1048 4723 quorumquornm
1067 4660 1183 4723 quisquis
1203 4657 1388 4722 quibusquibus
1407 4655 1431 4704 B

207 4729 331 4788 aquibus
350 4743 364 4774 a
383 4730 475 4789 quibus
493 4729 517 4776 A
588 4728 622 4778 ‘28
640 4727 782 4794 Terentius]
799 4728 896 4795 Herpr.
918 4730 924 4777 l
943 4729 966 4785 l,
983 4728 999 4778 8
1069 4730 1103 4779 29
1122 4729 1221 4778 uuuilrs
1240 4728 1265 4776 B
1273 4729 1329 4777 Oa*
1350 4725 1431 4775 mules

141 4795 164 4842 A
217 4795 318 4861 lateres]
341 4798 381 4845 lot'
399 4798 457 4847 eB
509 4797 540 4848 31
561 4798 799 4849 uerrenisAC:in
821 4800 963 4851 Vermoct.
982 4814 1033 4851 aec.
1054 4799 1136 4859 vti,
1156 4797 1205 4847 1=u
1261 4799 1293 4846 31
1312 4797 1430 4858 quisquis

140 4865 272 4918 ouAuc
324 4866 357 4917 34
376 4867 444 4931 quod
463 4868 488 4915 iu
502 4868 645 4932 utruqucA
695 4866 1049 4919 dbuountestilludBC
1101 4866 1433 4932 iltipiomnoneutABG
