3346 5498
726 384 798 450 lus
1245 413 1247 419 ·
1369 379 1407 445 ll

1211 505 1233 548 p.
1247 492 1305 534 teet
1318 493 1344 535 18
1357 490 1381 532 P.

109 573 219 652 gradus
231 592 355 654 semper
371 576 491 654 generis
507 575 672 636 communis
689 580 744 635 est
758 607 799 619 ·-
811 571 993 636 Ablativo:
1009 573 1105 635 tribus
1116 572 1234 636 casibus
1249 574 1348 643 servit,
1368 571 1516 642 1122212

111 685 154 736 est
166 675 307 747 ablativo,
326 678 455 757 septimo
473 678 563 748 casui,
579 684 608 737 et
622 677 801 738 nominativo
817 675 930 737 adiecta
947 694 1035 756 quam
1045 673 1200 755 particula.
1214 676 1404 755 —Super·
1422 691 1454 740 12

111 773 438 856 latirusgenetiro
454 772 757 857 tantumplurali:
776 779 933 840 dicimus
948 777 1298 840 enimdoctissimus
1315 779 1404 840 ami·

112 899 254 942 corum:
271 888 301 941 et
316 889 389 959 tunc
403 881 461 943 boc
476 881 611 950 dicimus,
628 879 747 960 quando
761 879 889 959 aliquem
906 880 943 941 de
957 886 1059 941 nostro
1074 897 1184 957 genere
1199 879 1298 941 auide
1310 879 1408 960 aliqua

90 982 297 1062 sproimsione
312 983 520 1061 significamus.
550 981 731 1061 singularem
747 989 844 1044 autem
861 1000 1018 1043 numerum
1033 983 1073 1044 ita
1088 981 1229 1051 admittit,
1245 982 1272 1042 si
1285 983 1406 1061 positio·

112 1103 180 1145 nem
195 1083 305 1145 babeat
320 1083 509 1163 singularem,
527 1082 711 1146 intellectum
728 1082 882 1165 pluralem,
901 1091 936 1145 ut
949 1084 1128 1146 fortissimus
1142 1084 1262 1145 Troiani
1275 1084 1404 1162 generis.

111 1219 152 1232 -
163 1186 225 1246 Est
240 1187 465 1266 epicoenon:
481 1188 559 1248 inter
576 1188 740 1266 epicoenon
756 1195 786 1247 21
800 1203 957 1247 commune
972 1185 1029 1247 hoc
1044 1187 1177 1248 interest.
1201 1204 1359 1248 commune
1373 1188 1404 1248 in
1418 1203 1448 1253 11

112 1286 245 1349 articulis
266 1286 325 1349 duo
346 1305 458 1366 genera
476 1285 482 1370 Ι
502 1287 742 1368 comprehendit;
772 1287 898 1349 dicimus
926 1288 1005 1349 enim
1033 1286 1082 1348 1112
1104 1294 1134 1349 21
1154 1288 1229 1351 12222
1250 1287 1405 1351 sacerdos:

103 1388 277 1471 'epicoenon
293 1408 401 1459 unum;
418 1389 637 1471 dicimusqnim
652 1390 701 1450 1212
715 1407 819 1470 2122222
834 1396 863 1451 21
877 1388 951 1451 haec
962 1389 1069 1471 aquila,
1084 1373 1273 1485 -ll-Quibus
1288 1390 1404 1451 modis
1415 1406 1447 1455 21

80 1495 259 1556 1122221122
281 1493 564 1573 conponuntur?
583 1491 662 1553 llll.
685 1490 886 1554 exduobus
901 1488 1188 1571 corruptiszipsa
1203 1493 1322 1553 nomina
1337 1493 1407 1554 sim·

115 1595 198 1675 plicia
215 1603 286 1656 sunt
299 1610 378 1670 quae
393 1611 428 1654 ex
443 1592 558 1656 duobus
572 1595 722 1674 corruptis
744 1600 895 1664 constant:
919 1611 996 1674 quae
1019 1611 1056 1653 ex
1077 1601 1218 1673 corrupto
1239 1602 1270 1655 21
1291 1595 1407 1673 integro

115 1695 159 1756 vel
181 1714 216 1756 ex
239 1698 357 1774 integro
380 1703 410 1757 et
430 1705 571 1775 corrupto
593 1694 639 1756 vel
660 1713 696 1757 ex
717 1694 831 1756 duobus
851 1696 975 1773 integris
997 1696 1121 1764 luerint,
1145 1697 1402 1775 compositasunt.
1416 1713 1448 1761 22

113 1833 153 1843 -
174 1801 214 1861 11
229 1798 383 1860 eliicax:
407 1817 461 1879 pro
477 1798 622 1868 eliciens,
646 1797 862 1859 2111221222-
883 1799 925 1858 Vt
946 1796 1208 1876 nugigerulus:
1231 1813 1449 1878 212221222224

195 1905 219 1963 Α
232 1899 331 1972 2212,
344 1909 463 1981 praeter
475 1900 586 1964 deabus
593 1899 739 1962 mimabus
750 1896 885 1960 mulabus
897 1897 1036 1960 asinabus
1048 1898 1179 1980 equabus
1191 1898 1315 1969 filiabus,
1328 1918 1404 1979 quae
1415 1917 1475 1977 sss,
1488 1918 1518 1965 31

82 2025 103 2064 n
115 2022 201 2066 causa
217 2021 308 2065 sexus
323 2001 458 2065 anomala
478 2009 562 2072 sunt,
587 2002 601 2064 1
606 2002 731 2063 uerint
752 2003 971 2071 terminata,
994 2007 1026 2062 ut
1045 2001 1126 2063 blusa
1141 2001 1290 2063 Musarum
1305 2002 1406 2074 blusis,

114 2107 326 2184 genetivum
342 2102 1406 2184 pluraleminrummittunt,dativumetablatiruminis.
1470 2155 1472 2159 .

112 2207 313 2286 intellegimus
329 2208 426 2277 etiam,
443 2206 561 2286 quando
576 2213 725 2287 correpta,
741 2204 860 2286 quando
875 2204 1020 2285 producta
1036 2206 1105 2267 site
1125 2205 1224 2267 littera
1234 2206 1264 2267 in
1281 2204 1407 2269 ablativo

111 2309 269 2389 singulari:
298 2315 438 2389 correpta
460 2315 519 2378 est,
543 2309 568 2370 si
590 2326 655 2370 eam
680 2310 735 2384 lin
757 2307 894 2386 genetivo
909 2305 1016 2386 plurali
1031 2325 1092 2368 non
1106 2305 1226 2375 reddat,
1250 2315 1284 2369 nt
1298 2307 1336 2369 ab
1350 2307 1408 2370 hoc

112 2429 240 2493 corpore
273 2428 448 2490 corporum,
482 2408 607 2472 muliere
640 2408 812 2478 mulierum:
842 2411 868 2471 si
901 2415 1001 2471 autem
1036 2427 1071 2470 ex
1105 2406 1232 2470 ablativo
1263 2408 1408 2487 singulari

80 2533 144 2577 sse
165 2516 198 2575 in
220 2514 358 2593 genetivo
378 2510 488 2592 plurali
503 2512 678 2581 detinuerit,
701 2511 844 2592 producta
861 2518 920 2582 est,
942 2517 976 2571 ut
989 2508 1027 2572 ab
1042 2509 1098 2571 hac
1112 2512 1213 2590 specie
1227 2513 1406 2592 specierum,

111 2614 149 2677 ab
163 2615 222 2677 hac
234 2632 270 2677 re
282 2633 393 2678 rerum.
411 2649 446 2659 —
462 2615 526 2676 Sis
542 2621 732 2694 correpta:
749 2631 766 2675 2
781 2621 950 2692 correptam
964 2612 1035 2673 hinc
1049 2610 1194 2683 advertes,
1209 2613 1235 2673 si
1249 2615 1405 2693 genetivus
1415 2632 1448 2682 21

111 2719 136 2778 12
152 2717 245 2778 1122211
258 2717 450 2785 terminatus,
466 2725 498 2777 ut
512 2715 601 2777 huius
615 2716 751 2796 parietis:
768 2717 793 2776 si
808 2723 907 2776 autem
923 2716 998 2776 inei
1017 2715 1142 2783 miserit,
1159 2733 1176 2776 e
1190 2715 1334 2798 producta
1351 2724 1405 2786 est,

111 2820 200 2883 buius
215 2818 276 2880 diei
289 2818 397 2879 barum
411 2816 542 2887 dierum,
565 2825 594 2878 et
608 2818 691 2898 siqua
706 2816 784 2878 talia.
804 2851 838 2861 -
864 2817 901 2878 Si
915 2817 1111 2898 producta:
1129 2823 1162 2878 ut
1175 2817 1290 2897 species
1304 2819 1403 2898 speci·
1415 2836 1449 2887 35

111 2939 206 2982 erum.
227 2954 263 2965 -
281 2920 470 2981 Geminata
484 2938 503 2981 u
518 2918 667 2981 littera:
685 2926 718 2982 ut
732 2938 826 2981 cornu
842 2938 996 2982 cornuum.
1016 2954 1052 2964 -
1070 2920 1184 2981 Casus
1198 2921 1473 3002 nominumzssrt,
1487 2939 1520 2989 22

78 3041 198 3084 scamus
221 3041 238 3084 a
260 3021 395 3084 cadendo
417 3021 501 3092 dicti,
530 3020 608 3101 quod
630 3020 720 3083 alium
742 3039 841 3083 casum
865 3021 1079 3083 demonstrent
1120 3019 1254 3103 [quartae
1276 3020 1406 3085 declinu-

110 3122 216 3205 tionis]
238 3125 392 3203 genetivus
406 3123 563 3202 singularis
578 3125 604 3184 si
618 3122 724 3185 similis
739 3123 827 3184 luerit
854 3125 1048 3195 nominativo,
1073 3131 1103 3185 21
1123 3124 1286 3186 vocativum
1301 3142 1405 3203 parem

110 3225 248 3297 babebit,
271 3226 441 3305 genetivum
461 3223 606 3305 pluralem
629 3225 660 3285 in
682 3243 752 3285 uum
775 3226 878 3294 mittit,
902 3225 1029 3288 dativum
1053 3234 1083 3288 et
1109 3225 1267 3287 ablativum
1288 3229 1320 3286 in
1341 3228 1405 3301 bus,

110 3328 160 3389 bic
179 3327 292 3388 tinctus
312 3327 401 3389 huius
422 3327 526 3388 lluctus
546 3326 654 3389 horum
669 3326 811 3389 lluctuum
830 3323 835 3408 1
855 3325 900 3388 his
919 3337 949 3387 21
969 3325 1006 3388 ab
1022 3328 1067 3389 bis
1082 3326 1228 3389 fluctibus.
1266 3330 1292 3388 si
1307 3337 1404 3390 autem

111 3427 267 3491 dissimilis
288 3429 379 3489 inerit
399 3429 551 3507 genetivus
573 3447 589 3491 2
611 3429 805 3497 22211221122,
830 3430 991 3491 vocativum
1014 3430 1045 3490 in
1067 3448 1083 3490 2
1106 3430 1211 3498 mittit,
1234 3431 1404 3507 genetivum

78 3531 262 3611 :oplnralem
283 3532 314 3591 in
336 3549 413 3599 rum,
437 3529 564 3592 dativum
580 3538 609 3591 21
631 3529 788 3593 ablativum
804 3531 833 3590 in
856 3533 896 3601 is,
920 3530 1000 3592 docti
1014 3530 1120 3606 horum
1137 3530 1292 3593 doctorum
1306 3529 1352 3592 bis
1375 3540 1405 3592 et

112 3631 149 3692 ab
170 3631 219 3692 bis
240 3631 344 3691 doctis.
383 3632 434 3692 sed
457 3631 774 3693 21222122121221112121
797 3635 958 3695 vocativum
981 3635 1012 3694 in
1034 3635 1044 3692 1
1067 3634 1169 3704 mittit,
1199 3635 1266 3713 quia
1295 3652 1406 3722 secun3

114 3733 168 3795 dac
190 3731 414 3805 declinationis,
438 3743 471 3794 ut
493 3733 617 3802 salusti:
642 3735 756 3814 antiqui
776 3735 808 3793 in
831 3752 879 3803 us,
902 3742 936 3796 ut
955 3734 1091 3813 Virgilius

181 3970 246 4022 Cod.
264 3971 346 4023 Bem.
369 3968 495 4024 ¹3⁸-5.
568 3971 724 4022 lablntibis-
738 3973 817 4022 tribus
886 3973 965 4021 seruit
983 3980 1008 4022 et
1027 3973 1135 4022 ablatibo
1205 3975 1402 4040 beingolorem

112 4051 196 4092 22212221
220 4041 335 4090 immittis
359 4043 380 4091 si
450 4042 465 4090 7
487 4047 525 4090 est
547 4042 696 4106 epicoenum
720 4040 801 4098 (2222.
820 4039 880 4104 ·on)
900 4043 964 4091 inter
986 4044 1136 4108 epicoenum
1159 4041 1237 4107 (2222.
1258 4046 1317 4104 -2211
1387 4045 1404 4097 9

112 4115 264 4178 epicoenum
282 4125 352 4161 2222.
370 4125 416 4158 -on
486 4108 517 4159 11
541 4119 649 4172 suntex
721 4111 752 4161 17
776 4110 948 4177 intellegimus
965 4122 989 4160 et
1008 4112 1029 4161 21
1048 4113 1149 4174 quando
1220 4111 1264 4178 sit]
1283 4115 1334 4163 sint

112 4181 308 4232 wdetenuerit
377 4180 410 4230 et
434 4194 460 4228 re
478 4195 524 4230 222.
596 4182 618 4229 21
643 4192 791 4245 2222222112
809 4196 823 4230 2
840 4192 957 4246 2222221111
974 4181 1034 4232 hinc
1052 4183 1187 4232 aduertens
1257 4185 1291 4233 2⁴2
1309 4179 1342 4248 is]
1363 4184 1404 4235 1112

179 4246 425 4313 231122221122222
494 4251 670 4315 'tigeminate
688 4251 712 4299 ai
730 4250 813 4299 1111222
866 4252 999 4303 asarotos
1058 4253 1091 4301 211
1109 4253 1293 4304 nominatiuum
1310 4264 1335 4303 et

111 4324 144 4373 ⁴27
162 4324 188 4371 in
210 4323 319 4371 11122222.
392 4317 570 4369 281112112122
587 4335 656 4372 corr.
676 4320 718 4368 bic
736 4320 827 4370 lluctus
895 4321 1077 4372 aenovallaus
1147 4324 1283 4388 genetiuus
1299 4324 1403 4388 pluralis

180 4390 217 4442 31)
234 4391 338 4439 dutinus
356 4397 380 4438 et
398 4387 524 4438 ablaticus
541 4389 567 4438 in
583 4388 624 4440 his
638 4388 718 4440 doctis
732 4389 820 4439 borum
891 4389 923 4441 31
943 4391 1000 4457 sed]
1015 4394 1052 4441 sic
1124 4392 1255 4442 uocatiuus

182 4596 215 4649 1³
227 4598 344 4659 sortasse
365 4602 391 4643 ot
409 4592 500 4643 21112212
518 4610 564 4659 pro
583 4595 705 4660 alliciens,
725 4602 751 4644 ut
768 4596 935 4661 nugigerulus
953 4611 999 4660 pro
1014 4612 1095 4664 nugas
1112 4597 1231 4649 2111222112
1283 4598 1403 4648 1122212

109 4667 263 4729 perturbata
285 4673 341 4714 212
359 4678 405 4713 suo
419 4667 472 4713 loco
490 4673 585 4714 remota
602 4667 729 4716 1221221222
745 4667 855 4716 ordinem
869 4669 906 4717 lta
919 4668 1034 4719 videnter
1050 4669 1206 4718 restituendo
1219 4683 1282 4727 esre,
1298 4683 1312 4716 2
1331 4669 1369 4717 rel
1387 4682 1402 4716 o

112 4738 205 4786 inerint
222 4736 377 4795 terminals,
395 4737 540 4798 genetivum
558 4735 683 4800 pluralem
701 4738 725 4786 112
745 4751 800 4784 runi
825 4736 937 4799 mittunt,
955 4738 1067 4787 dativum
1087 4747 1110 4786 et
1127 4739 1262 4786 ablativum
1280 4738 1304 4785 in
1323 4738 1354 4795 is,
1376 4748 1402 4786 ut

111 4807 180 4858 lima
204 4806 337 4856 Musarum
364 4803 458 4860 1112212,
481 4816 580 4870 praeter
599 4805 697 4866 deabus
720 4806 846 4856 mimabus
871 4809 988 4859 mulabus
1008 4808 1130 4858 asinabus
1154 4807 1267 4870 equabus
1290 4805 1400 4871 filiabus,

110 4894 173 4941 quae
192 4890 273 4927 causo
288 4889 370 4924 sexus
388 4874 506 4924 anomala
521 4882 589 4924 sunt.
607 4875 667 4927 hinc
685 4875 858 4943 intellegimus
927 4878 961 4930 32
980 4874 1117 4946 Virgilius]
1134 4876 1198 4927 Aen.
1216 4874 1275 4926 llll
1294 4877 1327 4927 77
1351 4891 1353 4895 ·
