3346 5498
611 402 846 465 uchuuttrvh
1312 397 1375 462 273

1196 520 1217 562 p.
1226 507 1315 550 ess-cr
1328 506 1352 546 t.

83 591 229 667 parietem
251 608 305 669 per
328 591 465 668 parietes.
503 592 574 651 item
596 590 665 649 illae
688 589 844 660 ablativae,
873 609 888 649 a
911 589 949 650 ab
971 587 1023 650 abs
1044 607 1111 649 cum
1134 606 1235 648 coram
1257 596 1287 648 et
1307 586 1377 648 reli-

87 705 176 766 quam
204 693 279 751 istae
307 699 419 752 tantum
448 690 574 752 ablativo
601 694 774 770 iunguntur.
818 692 870 752 sed
904 693 935 750 in
962 692 1026 751 istis
1055 688 1189 751 ablativis
1211 697 1241 750 et
1261 691 1292 749 in
1315 688 1375 748 illis

91 794 259 854 accusativis
281 801 350 853 sunt
371 793 484 872 aliquae
507 795 635 873 quaein
659 793 873 854 dubitationem
896 794 1025 852 veniunt.
1060 809 1129 852 ecce
1150 793 1180 851 in
1204 790 1476 881 accumtivtssstt

89 890 142 955 boe
168 897 200 955 in
228 896 431 973 quaestionem
459 896 593 955 veniunt:
624 894 659 955 ad
689 902 718 954 et
745 895 821 974 apud
851 897 1034 955 accusativae
1063 903 1132 954 sunt
1158 893 1295 973 quddam,
1325 858 1492 952 sedffl'¹1

29 1002 67 1043 ⁵
96 991 298 1056 discretionem
321 995 492 1075 relinquunt
513 999 543 1057 in
565 995 724 1075 loquendo.
770 996 888 1076 qnando
910 996 946 1057 ad
968 995 1066 1057 locum
1090 1013 1143 1055 nos
1165 996 1209 1055 ire
1231 995 1376 1072 signitica-

96 1111 166 1168 mus,
189 1096 226 1159 ad
249 1100 385 1176 ponitur;
414 1098 532 1177 quando
561 1100 591 1159 in
620 1097 686 1158 loco
715 1118 833 1167 sumus,
863 1097 941 1178 apud
963 1099 1093 1176 ponitur.
1138 1106 1207 1177 puta
1229 1095 1283 1155 ‘ad
1306 1097 1378 1155 ami·

97 1213 155 1260 cum
176 1198 283 1268 vado’,'
304 1199 398 1279 ‘apud
415 1203 549 1261 'amicum
573 1204 671 1261 sum’:
711 1219 769 1261 non
793 1218 913 1279 possum
937 1200 1037 1260 dicere
1060 1207 1109 1260 aut
1133 1198 1227 1278 ‘apud
1250 1199 1378 1258 amicum

96 1300 176 1361 tado'
203 1308 254 1362 eut
281 1300 336 1362 ‘ad
363 1304 490 1362 amicum
518 1304 612 1371 sum',
641 1301 706 1379 lege
735 1301 854 1380 quidem
887 1302 973 1369 artis;
1007 1309 1140 1362 ceterum
1175 1299 1378 1380 exemplorum

94 1395 151 1481 lege
177 1404 362 1463 convertitur
390 1406 443 1464 iste
472 1413 621 1465 tractatus.
666 1405 785 1464 interim
815 1423 869 1465 nos
896 1403 985 1463 hodie
1013 1403 1070 1463 hoc
1097 1410 1264 1471 teneamus,
1289 1410 1320 1462 ut
1342 1401 1377 1461 ad

42 1502 205 1585 ¹⁰8curper
234 1504 270 1564 ad
299 1504 396 1566 locum
424 1508 475 1576 sit,
504 1504 582 1584 apud
610 1523 728 1584 semper
754 1507 784 1565 in
812 1504 879 1565 loco
908 1506 954 1565 sit.
1000 1502 1126 1582 legimus
1148 1504 1268 1584 quidem
1299 1502 1376 1583 apud

89 1600 270 1676 Sallustium,
300 1609 331 1666 in
359 1607 492 1668 historiis
520 1606 663 1667 habemus
692 1605 776 1667 ‘ille
805 1607 1057 1684 Conisturgim
1086 1605 1182 1685 apud
1212 1605 1380 1684 legiones

86 1711 221 1769 venit’:
245 1711 368 1769 mutavit
391 1711 648 1788 praepositionem.
675 1711 770 1788 Asper
785 1707 915 1769 delendit
938 1711 1029 1769 etita
1052 1707 1138 1776 dixit,
1163 1708 1379 1785 ‘Conisturgim

83 1811 198 1889 leniti
222 1809 362 1889 adquam
379 1811 577 1889 Conisturgim
601 1811 699 1871 venit?
723 1810 772 1871 uhi
795 1812 913 1871 inerant
934 1809 1080 1888 legioneS,
1105 1826 1162 1887 quo
1186 1811 1273 1870 venit.
1309 1828 1379 1870 con·

75 1918 184 1973 vertas
206 1911 356 1972 ordinem:
384 1913 439 1971 iste
463 1915 542 1972 enim
565 1913 638 1973 dixit
665 1911 882 1990 ‘Conisturgim
905 1911 981 1990 apud
1004 1910 1137 1989 legiones
1159 1910 1261 1981 venit‘,
1284 1911 1314 1971 id
1338 1918 1382 1971 est

37 2008 166 2092 ¹⁶³pud
196 2013 398 2090 Conisturgim
426 2014 543 2074 lucrant
569 2013 718 2091 legiones,
754 2030 813 2089 quo
840 2015 897 2072 iste
926 2014 1014 2074 venit.
1059 2015 1182 2073 mutavit
1215 2013 1381 2074 ordinem’.

69 2125 159 2193 ergo
188 2114 266 2194 apud
295 2117 324 2174 in
353 2115 419 2175 loco
450 2134 514 2175 esse
543 2114 647 2185 dehet,
676 2123 708 2175 ut
736 2114 833 2194 ‘apud
862 2116 989 2175 amicum
1017 2119 1111 2175 sum’.
1156 2113 1191 2174 ad
1215 2132 1285 2175 vero
1314 2134 1380 2175 cum

62 2219 160 2278 artis
189 2218 368 2277 necessitate
398 2215 434 2277 ad
464 2216 563 2303 locum
591 2218 750 2295 significet,
780 2215 810 2276 id
839 2224 883 2277 cst
911 2214 967 2276 ‘ad
996 2218 1122 2277 amicum
1150 2215 1251 2285 vado',
1282 2224 1380 2277 tamen

64 2329 193 2380 omnes
215 2318 329 2397 antiqui
352 2326 381 2378 et
402 2317 503 2378 idonei
526 2327 555 2378 et
576 2319 652 2379 lirmi
675 2326 813 2379 auctores
835 2320 997 2379 iunxerunt
1017 2319 1099 2396 quasi
1120 2318 1150 2378 in
1173 2316 1253 2387 loco,

242 2421 360 2499 prima
382 2419 478 2498 quod
502 2419 543 2480 ad
567 2420 713 2480 Troiam
736 2438 801 2498 pro
824 2422 926 2480 caris
948 2426 1118 2498 gesserat
1139 2421 1263 2497 Argis:

10 2509 38 2554 '⁰
62 2514 120 2582 in
148 2521 293 2583 Cicerone
321 2520 462 2580 ‘decem
495 2522 611 2582 fiscos
647 2520 688 2581 ad
722 2531 936 2582 senatorem
972 2520 1076 2582 illum
1104 2519 1293 2591 relictos’,
1323 2520 1380 2580 ‘ad

65 2615 251 2685 Marcum
266 2622 393 2683 Lecam
417 2631 451 2682 te
474 2622 645 2683 hahitare
668 2622 825 2683 dixisti’.
859 2641 929 2701 ergo
952 2623 1021 2685 licet
1044 2622 1129 2684 nobis
1151 2622 1188 2683 ad
1212 2629 1241 2682 et
1262 2624 1293 2682 in
1316 2621 1382 2683 loco

68 2734 202 2801 ponere
226 2724 313 2785 etad
337 2723 435 2786 locum
458 2743 589 2803 ponere:
618 2727 692 2785 istac
716 2733 785 2785 sunt
812 2743 887 2801 quae
914 2726 945 2784 in
973 2723 1186 2785 dubitationem
1210 2723 1381 2791 veniebant;

73 2826 150 2887 ‹ttxi
171 2844 260 2906 quam
284 2825 480 2886 dillerentiam
504 2825 615 2887 habent
638 2825 738 2906 [tenus
752 2844 823 2887 vero
838 2828 868 2887 in
885 2828 1088 2906 quaestionem
1110 2828 1203 2893 venit:
1228 2828 1381 2905 quaeritur

80 2935 176 2989 lenus
198 2946 286 3008 quam
310 2937 425 3008 partem
448 2929 590 2988 orationis
612 2927 725 3008 iaciat}

174 3030 228 3091 Est
251 3027 316 3089 talis
337 3027 454 3107 regula,
479 3031 660 3108 praepositio
682 3007 897 3110 praepositioni
921 3049 980 3090 non
1003 3032 1145 3108 iungitur.
1191 3028 1248 3090 hoc
1270 3030 1380 3101 dicunt,
1394 3050 1452 3108 419,
1468 3048 1499 3096 tc

88 3138 161 3208 puta
184 3130 261 3212 apud
283 3150 376 3209 penes
399 3150 458 3191 non
482 3141 566 3210 potes
589 3133 687 3192 lacere
710 3151 798 3192 unam
822 3141 935 3210 partem
960 3133 1109 3193 orationis.
1140 3133 1210 3192 item
1234 3134 1283 3209 qui
1307 3131 1383 3191 male
1394 3118 1453 3232 ’ζῗξ
1466 3118 1500 3232 {ff

93 3230 253 3313 loquuntur
281 3233 368 3293 modu
397 3235 436 3294 ita
465 3233 581 3301 dicunt,
610 3232 732 3312 ‘depost
754 3232 836 3293 illum
859 3232 1017 3295 ambulat’.
1063 3233 1100 3293 de
1121 3235 1304 3313 praepositio
1327 3241 1381 3302 est,
1446 3221 1452 3244 ’
1485 3217 1498 3232 ⁴

97 3344 157 3412 post
177 3337 358 3415 praepositio
387 3344 444 3402 est;
475 3354 543 3395 ecce
572 3335 646 3395 duae
668 3336 911 3416 praepositiones
934 3353 992 3394 non
1016 3335 1190 3403 cohaerent,
1215 3354 1274 3395 non
1297 3334 1380 3402 licet;

98 3452 250 3515 numquam
274 3435 349 3496 duae
371 3438 608 3515 praepositiones
631 3436 791 3497 cohaerent
813 3445 863 3496 aut
884 3445 1007 3516 possunt
1028 3439 1119 3514 iungi.
1157 3455 1228 3515 ergo
1249 3437 1275 3496 si
1297 3455 1382 3516 prae·

10 3525 79 3581 θ’)
98 3538 200 3614 positio
223 3539 435 3617 praepositioni
458 3557 517 3597 non
541 3540 685 3615 iungitur,
709 3537 745 3598 de
761 3538 816 3598 hac
832 3536 998 3598 elocutione
1014 3538 1083 3617 quid
1106 3538 1251 3599 babemus
1272 3537 1382 3606 dicere.

99 3637 153 3698 ‘ad
175 3657 291 3717 usqne
315 3639 541 3699 columnas'?
570 3641 605 3698 ad
634 3642 815 3719 praepositio
844 3648 889 3700 est
909 3639 1157 3710 indubitabiliter,
1182 3658 1275 3719 usque
1297 3658 1382 3719 prae·

99 3742 200 3817 positio
224 3748 282 3809 est;
308 3759 377 3801 ecce
400 3740 492 3802 habes
515 3741 587 3801 eluas
609 3743 844 3820 praepositiones
872 3741 959 3802 simul
982 3742 1186 3802 cohaerentes.
1232 3741 1310 3801 unde
1333 3759 1383 3821 ap-

99 3851 177 3918 paret
198 3844 337 3921 qnoniam
360 3862 420 3902 non
444 3853 489 3904 est
510 3844 690 3922 praepositio
712 3845 767 3903 ista
791 3862 893 3922 usque.
923 3843 993 3923 quid
1017 3862 1089 3922 ergo
1107 3846 1148 3904 vis
1169 3841 1255 3904 esse?
1276 3846 1301 3904 si
1324 3862 1383 3904 non

99 3951 137 4004 cst
162 3945 360 4024 praepositio,
391 3963 511 4005 necesse
543 3954 587 4005 est
615 3951 647 4005 ut
674 3943 746 4004 nihil
774 3944 851 4005 aliud
878 3947 917 4006 sit
949 3946 1006 4005 nisi
1034 3945 1215 4006 adverbium.
1258 3944 1385 4023 legimus

10 3020 46 3063 5

100 4078 344 4089 t———-——--
383 4084 394 4087 r.

160 4180 252 4247 dhae]
274 4181 434 4232 haecABC
487 4184 516 4233 ll
537 4183 731 4246 consturgimG
786 4183 817 4233 le
836 4184 1036 4249 consturgimG
1091 4183 1122 4234 13
1137 4185 1170 4234 ad
1187 4182 1273 4249 quam]
1291 4200 1383 4248 nquam

98 4252 152 4307 AC.
179 4263 288 4304 veterion
307 4253 382 4313 hoec,
407 4255 438 4302 ad
466 4269 541 4316 quarm
566 4253 736 4318 Conisturgim
762 4254 848 4302 venit?
873 4254 914 4301 ubi
938 4257 1037 4303 luerent
1062 4253 1191 4319 legiones,
1215 4272 1265 4318 quo
1281 4256 1350 4304 seuit
1368 4272 1383 4302 a

95 4325 251 4386 grammatico
275 4325 438 4385 explicationi
454 4324 552 4386 Asperi
573 4324 720 4387 interposita
743 4331 807 4376 crint.
834 4324 882 4371 sed
898 4338 930 4372 ne
947 4326 1046 4386 reliqua
1066 4324 1163 4388 quidem
1180 4326 1287 4388 integra,
1305 4328 1342 4372 sie
1358 4331 1385 4371 ut

96 4393 126 4442 ab
141 4395 184 4446 illo
199 4395 299 4456 scripta
315 4402 396 4452 erant,
417 4395 500 4441 relatu
519 4407 575 4442 esse
592 4393 707 4442 videntur
795 4408 845 4454 quo
866 4393 936 4441 uenit
958 4403 1092 4443 conuertas
1113 4394 1169 4442 AB
1197 4409 1246 4457 quo
1265 4395 1337 4442 uenit
1361 4393 1382 4439 si

97 4473 225 4512 conuertas
243 4463 284 4513 Cb
374 4463 404 4512 lt
423 4463 580 4527 eonsturgim
599 4463 651 4513 BG
738 4464 769 4513 15
787 4461 854 4527 apud
871 4464 1026 4528 eonstnrgim
1041 4464 1094 4513 BC
1175 4479 1224 4526 quo
1243 4465 1289 4513 iste
1308 4461 1383 4511 BGa

96 4534 161 4594 quod
179 4533 227 4582 iste
246 4534 270 4581 A
356 4532 387 4582 lc
403 4548 458 4581 snm
474 4549 519 4583 om.
540 4531 623 4582 ABG
701 4531 745 4596 ad]
765 4534 799 4595 cf.
822 4532 964 4596 clodoap.
984 4532 1050 4584 1934
1135 4533 1167 4584 19
1183 4529 1275 4597 prima]
1302 4532 1380 4593 Verg.

96 4601 158 4655 Aen,
179 4602 240 4651 124
347 4603 380 4652 20
399 4603 480 4651 decim
501 4602 564 4651 BC.-
590 4603 640 4653 Cic.
661 4604 685 4650 in
708 4605 786 4654 Verr.
809 4609 857 4649 oet.
880 4601 941 4663 18,
964 4604 998 4651 ‘22
1087 4602 1119 4650 ad
1142 4598 1263 4666 Marcum]
1287 4600 1338 4650 Cic,
1359 4603 1383 4647 in

97 4671 168 4721 Catil.
189 4672 243 4730 18,
265 4669 297 4721 lc
367 4675 400 4722 22
418 4688 510 4737 [sonere
527 4674 616 4734 priore
631 4673 687 4722 loco
701 4688 746 4721 om.
766 4672 790 4720 B
860 4685 924 4732 quae
943 4681 967 4720 et
985 4671 1010 4719 in
1030 4672 1209 4721 dubitationem
1229 4672 1282 4720 AC
1349 4670 1384 4716 ‘iu

96 4754 145 4788 non
162 4751 247 4805 potest
265 4741 289 4788 A
361 4744 419 4791 item
446 4741 771 4804 qoimalehiademonnno
791 4741 916 4802 itemquo
941 4742 1016 4791 modo
1038 4742 1102 4789 male
1121 4740 1206 4789 ABG
1274 4738 1308 4789 30
1332 4754 1382 4788 nou

96 4811 255 4875 coniungitur
274 4811 295 4858 C
311 4813 473 4875 coniungitur
492 4806 559 4862 corr.
579 4825 626 4858 non
645 4811 807 4877 coniungitur
827 4811 849 4857 A
938 4812 969 4862 31
991 4813 1021 4860 ad
1042 4808 1133 4876 usque]
1162 4812 1239 4874 Verp.
1260 4812 1325 4860 Aera.
1347 4809 1382 4858 Xl

96 4877 145 4929 2θῖ
214 4879 248 4930 33
263 4895 319 4928 esse
339 4896 384 4932 oar.
402 4881 484 4931 ABG
551 4882 572 4928 si
591 4895 641 4930 non
659 4891 743 4947 potest
758 4882 829 4943 (esse
845 4880 905 4933 add.
921 4880 952 4944 a)
969 4881 1122 4950 praepositio
1141 4881 1166 4928 A

147 4968 320 5011 aasumensi
335 4971 424 5012 tamar
439 4973 466 5013 v.
1142 4962 1181 5025 18
