3346 5498
252 367 316 431 292
821 370 972 432 eouruu

279 478 401 532 pete-Q
415 475 437 516 1..

252 560 374 636 positio,
407 558 544 636 quoniam
569 575 676 617 nornen
701 566 745 618 est
767 559 952 637 provinciae:
976 556 1144 618 nominibus
1171 559 1322 618 civitatum
1344 576 1403 619 non
1426 558 1545 621 additur

251 660 447 738 praepositio,
478 666 510 718 ut
537 658 678 720 ‘Romam
701 658 811 726 vado’;
841 659 1011 720 nominibus
1034 660 1253 738 provinciarum
1282 676 1401 739 semper
1426 661 1545 721 additur

250 763 440 840 praepositio,
463 768 502 821 ut.
518 761 566 820 ‘in
589 759 685 821 Sicilia
708 767 802 821 sum'.
848 763 920 822 item
947 780 1001 840 per
1029 762 1295 840 praepositionem,
1326 763 1350 822 si
1376 767 1427 823 aut
1448 765 1544 841 ipsam

250 881 306 942 pro
329 862 419 923 altera
443 880 546 940 ponas,
569 871 619 922 aut
640 864 735 941 ipsam
758 862 904 924 detrahas.
941 861 998 923 hoc
1022 869 1115 922 totum
1138 863 1300 924 seeundum
1322 869 1426 925 artem.
1471 863 1545 924 alte·

248 983 312 1033 ram
335 983 390 1043 pro
413 963 504 1023 altera
527 964 737 1043 ponas‚·‘sub
766 963 886 1025 lucem
917 964 1030 1025 densa
1059 967 1158 1025 inter
1187 962 1316 1024 nubila
1344 969 1461 1035 sese',
1486 963 1572 1026 subs
1645 996 1653 1010 =

251 1064 347 1126 lucem
370 1084 425 1144 pro
442 1084 477 1125 eo
493 1067 571 1145 quod
588 1074 633 1126 est
655 1074 724 1127 ante
740 1064 851 1134 lucem;
867 1074 919 1127 ant
933 1068 959 1126 si
972 1067 1067 1146 ipsam
1083 1065 1222 1126 detrahas
1236 1067 1496 1145 praepositionem,
1513 1076 1547 1126 ut

401 1166 510 1227 silvis
533 1175 582 1232 te.
605 1167 785 1247 Tyrreno,
810 1169 911 1229 ieras
933 1170 1076 1247 agitare
1097 1169 1240 1247 putasti

250 1288 304 1348 pro
335 1289 370 1328 eo
399 1268 477 1347 quod
508 1271 604 1329 estin
633 1269 729 1338 silvis,
764 1269 918 1330 detraxisti
946 1271 1204 1349 praepositionem.
1254 1278 1323 1329 suut
1353 1271 1441 1356 etiam
1468 1269 1546 1334 aliae

249 1372 365 1450 species
386 1368 633 1436 innumerabiles:
657 1371 708 1431 sed
731 1371 838 1431 melius
861 1365 912 1440 est,
936 1373 986 1442 ait,
1009 1373 1052 1431 uti
1074 1370 1227 1440 brevitate,
1251 1388 1288 1430 ne
1311 1370 1464 1433 videamur
1482 1391 1546 1433 uon

248 1490 368 1540 cavere,
392 1490 479 1553 quem
509 1472 545 1531 ad
573 1471 694 1533 modum
722 1472 793 1533 fiant
820 1471 998 1533 soloecismi.
1044 1491 1115 1551 ergo
1139 1470 1243 1532 melius
1265 1479 1310 1532 est
1339 1472 1469 1535 breviter
1498 1472 1545 1534 di·
1560 1492 1588 1529 ro
1623 1523 1627 1535 .

248 1591 332 1634 cere:
363 1572 450 1653 plane
478 1573 671 1633 soloecismus
700 1572 817 1654 dicip'tur
845 1575 875 1633 in
904 1573 999 1636 soluta
1030 1577 1181 1642 oratione;
1210 1575 1241 1634 iu
1263 1583 1399 1653 poemate
1422 1577 1545 1637 schema

250 1677 427 1737 nominatur.
1430 1739 1433 1745 ,

333 1777 444 1838 Plinius
466 1778 508 1837 sic
531 1777 612 1845 dicit,
630 1778 758 1856 ‘quando
781 1779 819 1836 sit
841 1778 1042 1847 soloecismus,
1066 1778 1185 1858 qnando
1207 1781 1246 1838 sil
1266 1777 1395 1848 schema,
1412 1778 1473 1839 sola
1497 1781 1544 1840 in·

148 1877 414 1956 447‚5tellegeutia
444 1877 613 1939 discernit’.
659 1877 720 1939 noli
750 1888 778 1938 te
808 1880 922 1939 referre
950 1878 986 1939 ad
1009 1878 1096 1947 illud,
1126 1880 1204 1958 quod
1234 1880 1359 1940 diximus
1386 1880 1423 1940 de
1450 1890 1546 1942 meta·

250 1979 378 2059 plasmis.
423 1999 490 2040 nam
520 1988 548 2040 et
575 1981 605 2038 in
627 1979 803 2041 soloecismo
826 1980 883 2041 hoc
906 1983 1075 2062 quaeritur,
1099 1990 1197 2042 utrum
1219 1983 1316 2042 sciens
1344 1979 1401 2041 boe
1426 1980 1543 2052 iecerit,
1561 2005 1589 2042 rs

250 2101 286 2142 an
310 2083 460 2142 nesciens:
484 2084 509 2141 si
531 2083 628 2142 sciens
651 2082 763 2152 iecerit,
788 2085 844 2142 erit
867 2082 1000 2150 schema:
1024 2086 1049 2142 si
1072 2085 1209 2144 nesciens
1225 2083 1339 2152 iecerit,
1364 2085 1421 2144 erit
1442 2085 1544 2146 soloe·

249 2185 368 2244 cismus.
415 2202 472 2262 qua
500 2183 632 2243 ratione?
661 2192 728 2262 puta
758 2189 845 2264 ‘pars
873 2186 903 2245 in
930 2186 1023 2245 frusta
1052 2187 1187 2245 secant':
1233 2184 1362 2244 diximus
1389 2186 1419 2244 in
1448 2193 1545 2246 meta·

249 2283 368 2365 plasmis
391 2295 420 2344 et
443 2284 635 2346 barbarismis
663 2286 739 2365 quod
769 2285 842 2347 haec
865 2287 904 2346 sit
925 2285 1078 2357 discretio,
1107 2294 1153 2356 ut,
1183 2288 1208 2346 si
1237 2294 1294 2345 stat
1322 2304 1424 2347 versus
1453 2288 1545 2348 etiam

248 2389 312 2447 siue
334 2386 381 2446 illa
406 2389 606 2454 necessitate,
624 2395 655 2447 ul
684 2386 886 2459 barbarismus
909 2390 961 2457 sit;
978 2383 1020 2448 'si
1048 2397 1147 2448 autem
1170 2405 1230 2447 non
1252 2395 1323 2463 stat,
1352 2389 1410 2448 nisi
1437 2389 1553 2458 vitium

248 2489 367 2559 leceris
392 2489 601 2568 metaplasmus
624 2497 679 2549 est.
723 2491 754 2549 in
777 2488 921 2550 hocloco
951 2489 1020 2567 quid
1050 2489 1201 2549 dicemus?
1228 2507 1297 2567 pars
1326 2491 1357 2550 in
1379 2489 1471 2550 lrusta
1496 2509 1589 2557 seso

249 2600 317 2652 cant
345 2600 375 2651 et
402 2608 471 2670 pars
493 2591 524 2650 in
546 2591 640 2650 irusta
664 2600 753 2659 secat,
778 2599 808 2651 et
822 2591 861 2651 ita
885 2594 975 2653 etita
997 2599 1055 2652 stat
1076 2610 1186 2652 versus.
1222 2591 1301 2651 unde
1324 2599 1446 2671 apparet
1467 2610 1545 2671 quo·

249 2696 327 2755 uiam
357 2692 514 2753 adfectavit
541 2695 710 2754 novitatem.
757 2695 838 2754 nelas
868 2701 912 2755 est
941 2702 1040 2754 autem
1070 2692 1107 2752 de
1133 2695 1191 2752 isto
1219 2700 1300 2753 tanto
1328 2695 1391 2752 viro
1419 2694 1547 2753 credere

250 2815 304 2875 per
330 2797 496 2875 inperitiam
521 2793 577 2855 boc
600 2796 714 2863 iecisse,
739 2814 797 2855 reon
821 2814 875 2875 per
898 2797 1050 2857 scientiam
1074 2794 1235 2855 adfectasse
1258 2796 1425 2855 novitatem.
1471 2812 1548 2874 ergo

247 2897 310 2958 sola
338 2897 476 2956 diseretio
503 2899 581 2958 iuter
611 2899 711 2959 vitium
740 2907 769 2958 et
804 2899 941 2958 virtutem
969 2897 1091 2957 seientia
1124 2898 1195 2956 erit:
1240 2916 1310 2957 nam
1343 2898 1385 2957 sic
1413 2896 1548 2976 appellat

247 3000 370 3077 figuras,
399 3001 535 3059 virtutes:
565 2998 626 3058 sola
656 3017 726 3077 ergo
760 3000 898 3059 discretio
927 2999 984 3058 erit
1010 2999 1143 3058 seientia.
1189 3005 1321 3058 ceterum
1349 2998 1375 3057 si
1402 2999 1586 3067 nesciensas

247 3103 313 3180 quis
341 3102 459 3175 lecerit,
492 3103 557 3160 sine
580 3100 671 3161 dubio
700 3101 815 3162 dicetur
845 3100 1051 3167 soloecismus;
1088 3102 1112 3158 si
1141 3100 1238 3159 sciens
1270 3101 1389 3170 lecerit,
1425 3099 1545 3163 dicetur

247 3203 377 3262 schema.
423 3202 479 3262 boc
508 3203 627 3279 quidem
658 3203 746 3271 dixit;
776 3212 875 3264 tamen
904 3204 997 3281 quivis
1024 3209 1123 3281 polest
1150 3201 1249 3260 lacere
1276 3200 1485 3262 soloecismum
1514 3212 1547 3263 et

248 3304 348 3365 dicere
371 3306 511 3381 ‘figuram
527 3306 612 3365 ieci'.
644 3307 669 3364 si
692 3304 821 3366 noluerit
843 3306 988 3366 rationem
1012 3303 1148 3372 reddere,
1172 3301 1246 3362 nihil
1271 3311 1315 3362 est
1335 3302 1403 3374 boc,
1421 3304 1544 3366 licentia

248 3414 292 3466 est
314 3425 411 3485 pram.
450 3425 508 3466 non
532 3407 640 3467 sufficit
661 3409 737 3468 scire
761 3406 835 3487 quae
860 3406 976 3468 vitanda
998 3413 1074 3472 sunt,
1099 3404 1152 3466 sed
1175 3406 1263 3465 etiam
1286 3405 1368 3465 addit
1391 3413 1541 3467 ornatum.

248 3507 321 3576 ride,
346 3516 455 3587 quante
479 3508 583 3569 ordine
605 3510 753 3578 tractavit,
779 3508 782 3588 Ι
808 3518 837 3569 el
863 3529 951 3590 quem
975 3507 1153 3568 admodum
1176 3506 1330 3587 disposuit.
1366 3509 1463 3587 primo
1486 3508 1542 3569 do·
1556 3536 1585 3576 ω

247 3611 308 3669 cuit
330 3628 399 3677 nos,
423 3629 497 3688 quae
521 3618 619 3670 essent
640 3618 739 3688 partes
762 3613 920 3678 orationis,
950 3619 980 3669 et
1007 3627 1095 3687 quem
1126 3608 1162 3667 ad
1187 3607 1307 3669 modum
1330 3615 1541 3670 tractarentur.

248 3718 402 3790 postquam
426 3710 566 3790 explicuit
588 3713 675 3771 istum
692 3719 858 3780 tractatum,
882 3713 1018 3792 pervenit
1033 3710 1069 3770 ad
1090 3709 1174 3770 illum
1190 3709 1298 3780 locum,
1322 3709 1372 3770 ubi
1395 3712 1479 3790 qnasi
1502 3704 1542 3772 ad

248 3813 390 3871 scientem
414 3812 580 3880 bominem,
604 3814 652 3891 qni
677 3812 799 3873 deberet
822 3813 858 3871 de
880 3814 1026 3873 sermonis
1048 3820 1153 3872 ornatu
1178 3839 1196 3872 e
1224 3815 1321 3892 primo
1343 3830 1470 3892 aequum
1495 3820 1544 3873 est

247 3920 279 3971 ut
300 3914 377 3972 vitiis
399 3932 560 3984 careamus,
584 3923 686 3992 postea
710 3915 888 3993 accipiamus
911 3923 1057 3975 ornatum.
1089 3932 1160 3991 ergo
1183 3914 1285 3975 docuit
1306 3913 1456 3974 vitandum
1472 3932 1541 3975 esse

248 4013 472 4082 barbarismum,
496 4015 644 4075 viteredum
669 4033 733 4073 esse
755 4014 971 4077 soloecismum.
1002 4018 1073 4076 dicit
1094 4015 1189 4075 adlruc
1212 4015 1327 4076 vitorida
1351 4034 1416 4076 esse
1439 4014 1540 4094 aliqua
1557 4047 1585 4085 n,

247 4116 349 4177 decem
373 4117 454 4186 vitia,
483 4116 583 4178 brevia
612 4115 745 4195 quidem3
778 4126 874 4178 tamen
904 4127 933 4177 et
960 4121 1022 4197 ipsa
1053 4117 1167 4177 vitanda
1191 4125 1268 4178 sunt.
1312 4118 1358 4177 liis
1380 4116 1540 4178 duodecim

246 4220 323 4278 viliis
346 4219 422 4297 siqui
444 4220 581 4287 caruerit,
606 4218 747 4298 eloquens
770 4221 838 4293 erit,
863 4219 890 4279 id
916 4228 960 4279 est
982 4220 1123 4284 disertus:
1154 4239 1213 4280 non
1236 4220 1356 4300 quidem
1383 4217 1540 4287 facundus,

244 4321 297 4381 sed
320 4321 456 4380 disertus.
505 4339 575 4398 ergo
598 4322 627 4379 in
651 4322 751 4381 vitium
776 4340 812 4380 ue
834 4323 980 4393 incurras,
1003 4323 1075 4383 baec
1098 4329 1207 4381 teneto.
1250 4340 1325 4400 quae
1348 4329 1417 4380 sunt
1439 4328 1541 4382 autem

245 4425 319 4484 ista?
342 4425 396 4484 isla
420 4429 488 4482 sunl
511 4421 568 4481 duo
591 4428 619 4480 et
642 4421 697 4482 alia
721 4422 834 4484 decem.

315 4580 331 4624 :l
347 4579 406 4627 item
426 4592 471 4642 per
488 4577 701 4640 praepositionem
716 4579 741 4625 P
757 4578 815 4625 ilem
837 4577 861 4625 in
882 4578 1096 4642 praepositionem
1108 4574 1186 4627 BOS
1238 4577 1319 4626 5sub
1338 4573 1430 4643 lucem]
1455 4576 1540 4643 Verp,

241 4663 330 4712 peorp,
354 4649 431 4698 1445)
501 4647 670 4695 interuebnla
690 4647 714 4696 B
785 4644 902 4713 isileis]
927 4650 1005 4711 Verp.
1026 4649 1090 4697 Aa.
1108 4645 1142 4695 Xl
1161 4645 1214 4696 cdd
1286 4644 1407 4713 Tyrreue]
1431 4656 1541 4710 tyranne

246 4718 268 4767 G
320 4719 348 4768 ll
370 4715 850 4780 insolutopurteorntionisllCSl’
919 4717 950 4767 13
969 4719 1065 4783 piiuins
1082 4715 1121 4765 Sd
1142 4716 1240 4780 plenius
1259 4716 1339 4767 BCP
1409 4717 1443 4767 14
1461 4717 1540 4784 illud]

246 4787 352 4836 nliudC
419 4787 453 4837 ‘23
472 4801 533 4851 ergo
552 4787 607 4834 solu
628 4788 745 4836 discretio
765 4788 872 4835 scientia
890 4790 937 4836 erit
956 4788 1020 4836 inter
1039 4788 1128 4836 uitium
1148 4796 1173 4834 et
1191 4787 1308 4835 uirtutem
1329 4785 1432 4836 BGSP
1503 4787 1541 4840 33

245 4867 332 4907 ornatu
352 4883 385 4892 —
405 4857 559 4920 accipiamus
573 4871 619 4908 orer,
640 4856 660 4903 S
