3346 5498
318 323 361 388 24
877 283 1051 386 cannono

346 447 367 489 p.
381 434 438 476 rua
452 434 476 475 aa
490 432 512 473 r.

786 527 835 591 DE
858 527 1135 592 coutvncrtuuss

404 667 577 728 Coniunctio
606 673 650 725 est
677 684 747 745 pars
775 666 933 735 orationis,
963 665 1041 726 dicta
1063 665 1140 744 quod
1165 668 1265 744 iungat
1287 665 1495 725 elocutionem.
1540 679 1607 722 nam

320 771 346 829 si
363 769 439 829 ·dico
468 767 541 846 ‘ego
571 776 601 828 tu
630 768 800 836 iaciamus’,
830 785 889 828 non
917 769 1019 848 utique
1046 786 1145 828 sermo
1173 766 1336 848 completus
1365 774 1423 833 est:
1453 764 1551 824 addito
1580 771 1610 823 et

202 889 261 952 364,
274 888 307 938 34
318 869 491 950 implebitur
514 868 656 940 elocutio,
681 878 712 930 ut
735 875 808 948 ‘ego
831 877 861 930 et
882 880 914 930 tu
937 869 1107 930 iaciamus'.
1133 866 1139 952 Ι
1165 903 1202 913 -
1228 868 1496 931 coniunctioni
1521 874 1610 945 quot

320 971 529 1034 accidenti:
554 973 624 1041 tria,
648 979 778 1051 potestas
799 958 898 1063 ⁸lig'ura
921 970 1003 1032 ordo.
1047 978 1192 1051 potestas,
1222 980 1253 1032 ut
1275 971 1415 1039 sciamus
1440 974 1518 1049 quae*
1530 965 1635 1028 'con-⁵

320 1075 430 1134 iunctio
453 1074 505 1142 sit:
529 1073 636 1152 ligura,
660 1075 729 1154 quia
752 1075 795 1135 sic
818 1082 1030 1153 conponuntur
1052 1074 1283 1143 coniunctiones,
1308 1091 1366 1152 quo
1389 1070 1476 1131 modo
1499 1088 1609 1150 prono·

319 1177 416 1247 mina;
447 1174 535 1244 ordo,
565 1183 598 1236 ut
625 1177 767 1246 sciamus
796 1175 914 1254 quando
943 1183 993 1236 aut
1014 1193 1231 1254 praeponamus
1253 1183 1304 1236 aut
1325 1172 1545 1251 subiungamus.
1574 1205 1608 1216 -

276 1277 500 1356 asQuinque.
526 1282 634 1357 quas?
657 1276 897 1356 copulativas
919 1277 1179 1338 disiunctivas:
1204 1276 1252 1337 hic
1268 1278 1397 1357 quaestio
1414 1285 1471 1343 est,
1494 1276 1519 1335 si
1541 1292 1612 1334 con·

320 1380 488 1440 iunctiones
510 1397 526 1439 a
550 1379 755 1458 coniungendo
779 1378 873 1440 dictae
895 1387 977 1449 sunt,
1001 1397 1055 1439 cur
1070 1379 1243 1440 disiunctira
1266 1379 1437 1439 coniunctio
1461 1383 1514 1437 est.
1543 1377 1610 1455 quia

321 1479 485 1559 copulativa
512 1479 603 1540 rerba
632 1488 661 1540 et
687 1499 791 1541 sensus
818 1482 928 1560 iungit,
958 1479 1130 1541 disiunctira
1158 1478 1247 1541 verbu
1276 1479 1395 1560 quidem
1425 1480 1535 1556 iungit,
1559 1476 1610 1537 sed
1626 1497 1651 1535 ro

321 1599 426 1643 sensus
449 1580 597 1660 disiungit
644 1585 716 1661 ‘ego
740 1590 769 1643 et
791 1587 855 1642 tu':
880 1600 950 1642 ecce
972 1583 1125 1643 coniunxit
1146 1600 1298 1661 personas.
1345 1581 1612 1641 disiunctiras:

322 1683 394 1762 ‘ego
427 1691 477 1744 ant
509 1687 569 1759 tu',
604 1685 758 1763 separarit.
805 1683 1030 1764 expletiras:
1065 1686 1142 1744 ‘non
1176 1683 1265 1761 legiS,
1299 1682 1403 1745 saltem
1435 1679 1615 1761 vapulabis'.

322 1784 544 1846 rationales:
579 1784 662 1866 ‘lege
690 1804 757 1847 curn
785 1787 1038 1866 pronuntiatione;
1072 1803 1139 1846 nam
1167 1785 1353 1865 vapulabis’:
1383 1802 1452 1844 ecce
1486 1791 1516 1846 et
1544 1801 1613 1843 can·

322 1879 394 1948 sam.
415 1921 449 1931 -
475 1885 587 1958 Quas?
610 1887 859 1967 copulativas:
876 1888 1058 1968 copulativae
1081 1886 1175 1948 dictae
1197 1886 1325 1948 suntab
1349 1885 1501 1965 eo,‚quod
1524 1883 1614 1945 verba

323 1988 463 2068 copulent
486 1996 516 2049 et
536 2007 654 2058 sensus,
678 1990 735 2051 lmc
758 2000 802 2053 εει
823 1992 1016 2068 coniungant,
1039 1991 1115 2050 sicut
1136 2008 1223 2070 supra
1247 1989 1388 2059 diximus,
1409 1990 1414 2066 1
1434 1991 1508 2066 ‘ego
1531 1996 1560 2047 ει
1583 1994 1614 2047 ιιι
1628 2003 1653 2044 ιε

324 2092 476 2152 iaciamus.
514 2091 705 2153 disiunctirae
728 2091 824 2153 dictae
847 2101 929 2163 sunt,
954 2091 1032 2171 quod
1054 2110 1158 2152 sensus
1180 2090 1299 2171 quidem
1323 2091 1502 2169 disiungant,
1524 2089 1614 2149 rerlta

323 2200 422 2254 autem
451 2189 628 2275 collpulent,
658 2202 691 2255 ut
718 2199 791 2273 ‘ego
820 2205 869 2254 aut
895 2203 925 2254 tu
954 2193 1122 2254 iaciamus'.
1160 2192 1304 2272 expletiva
1327 2201 1372 2254 est
1400 2192 1437 2253 ab
1460 2210 1513 2262 eo,
1537 2190 1615 2270 qnod

326 2294 442 2374 expleat
463 2295 492 2354 id
516 2295 595 2374 quorl
617 2297 646 2356 in
669 2314 759 2357 sensu
782 2298 880 2357 minus
902 2296 1005 2365 luerit,
1030 2302 1063 2356 ut
1086 2302 1154 2374 puta

476 2414 606 2475 saltem
629 2416 735 2494 siqua
758 2415 845 2486 mihi
868 2415 910 2475 cle
932 2421 967 2474 ιε
990 2425 1165 2494 suscepta
1188 2415 1324 2475 luisset

477 2523 564 2578 aute
586 2517 707 2595 lugam
730 2510 895 2578 suboles.
1629 2550 1655 2588 20

279 2642 312 2693 36
325 2632 501 2696 eausates
523 2653 563 2696 ac
585 2635 808 2697 rationales:
831 2637 909 2696 inter
925 2634 1057 2697 causales
1072 2642 1102 2696 et
1122 2636 1282 2697 rationales
1304 2636 1361 2696 hoc
1382 2637 1516 2704 interest,
1539 2634 1618 2715 quod

326 2735 459 2798 causales
481 2756 540 2798 non
563 2746 688 2817 possunt
709 2740 781 2817 poni
803 2756 858 2817 pro
881 2735 1088 2807 rationalibus,
1112 2738 1272 2800 rationales
1293 2747 1417 2818 possunt
1439 2757 1494 2818 pro
1516 2755 1616 2798 causa·

326 2837 413 2900 libus.
458 2857 526 2900 narn
554 2841 586 2900 in
608 2857 695 2900 causa
723 2858 783 2900 non
807 2846 852 2901 εει
873 2841 949 2901 ratio
971 2857 1102 2918 semper;
1128 2858 1252 2901 necesse
1275 2851 1319 2901 est
1340 2848 1372 2901 ιιι
1393 2841 1482 2900 sitin
1504 2840 1618 2899 ratione

327 2948 357 3001 ει
383 2958 470 3002 causa
499 2939 544 3021 [in
572 2959 660 3002 causa
686 2959 745 3002 nou
773 2960 892 3021 semper
922 2951 966 3002 εει
987 2943 1077 3010 ratio,
1107 2943 1138 3002 in
1160 2943 1275 3002 ratione
1297 2961 1416 3022 semper
1435 2929 1484 3001 ¹est
1506 2939 1617 3021 causa].

327 3041 471 3112 videlicet,
494 3044 606 3123 itaque,
630 3045 694 3112 etsi,
718 3062 851 3123 quoque,
874 3044 1019 3123 itemque,
1044 3045 1196 3122 quatinus,
1221 3044 1351 3124 quando,
1375 3050 1570 3123 quapropter,
1594 3044 1618 3102 si
1632 3060 1657 3099 as

328 3146 421 3219 enim,
451 3163 595 3224 namque,
626 3147 780 3225 quoniam,
810 3145 1019 3225 quamobrem,
1054 3148 1202 3224 quamvis,
1238 3147 1403 3215 enimvero,
1436 3148 1461 3206 si
1488 3144 1617 3225 quidem,

327 3265 434 3326 porro,
458 3254 570 3317 autem,
594 3249 671 3320 sive,
694 3250 765 3328 quin
789 3249 891 3319 etiam,
915 3249 1039 3318 etenim,
1063 3249 1129 3309 nisi.
1150 3248 1155 3326 Ι

790 3434 839 3496 DE
860 3434 1159 3497 Punurostrtorte
1253 3464 1257 3473 ¹

181 3597 184 3601 «
213 3577 271 3638 ³65,
287 3577 318 3625 ιο
414 3569 599 3648 Praepositio
622 3570 700 3631 dicta
724 3580 768 3631 εει
790 3570 827 3631 ab
849 3590 900 3639 eo,
925 3572 1002 3650 quotl
1025 3580 1226 3651 praeponatur
1242 3571 1380 3647 omnibus
1395 3571 1530 3651 partibus
1553 3590 1619 3631 ora·

330 3671 433 3731 tionis:
457 3669 583 3731 dicimus
607 3674 685 3732 enim
708 3680 777 3732 aute
800 3673 951 3741 homines,
975 3691 1035 3732 non
1058 3673 1193 3733 lromines
1215 3681 1293 3734 ante.
1326 3692 1393 3734 nam
1417 3672 1490 3734 lraec
1512 3675 1555 3734 ris
1577 3682 1659 3734 estat

329 3773 573 3851 praepositionis:
596 3775 764 3852 praeposita
787 3775 1013 3853 praepositionis
1028 3773 1141 3834 obtinet
1156 3774 1269 3846 locum,
1294 3776 1457 3855 postposita
1477 3777 1507 3836 in
1530 3777 1620 3852 signi-

330 3873 498 3933 ficationem
522 3874 627 3933 transit
648 3872 788 3935 adverbii.
831 3874 900 3935 inde
923 3882 968 3936 est
989 3877 1043 3937 ‘et
1064 3875 1174 3955 longo
1197 3886 1278 3955 post
1301 3886 1468 3957 tempore
1492 3878 1621 3952 renit’;

333 3975 491 4051 ‘gemina
515 3993 627 4054 super
650 3974 785 4037 arbore
807 3974 965 4045 sidunt’;
989 3981 1115 4038 ‘saeva
1138 3978 1273 4039 sedens
1300 3998 1412 4059 super
1441 3984 1567 4048 arma',
1591 3977 1622 4038 id

404 4197 465 4248 Cod.
484 4195 564 4247 Bern.
583 4194 615 4243 lV
637 4193 742 4249 1-a*.
831 4196 847 4249 3
867 4211 915 4246 uon
935 4198 1035 4261 utrique
1119 4196 1217 4263 addito]
1232 4199 1316 4248 ndrluo
1334 4214 1401 4248 corr.
1423 4202 1457 4248 αἱ.
1476 4199 1624 4251 :cumatile

333 4276 358 4315 et
442 4265 546 4327 lquod
564 4265 680 4314 accidunt
767 4265 903 4329 'lquando
921 4268 954 4316 ad
977 4283 1150 4333 proponamus
1234 4267 1325 4335 9eur]
1348 4284 1395 4317 cun
1415 4286 1486 4320 corr.
1504 4271 1537 4318 al.
1557 4286 1623 4317 mun.

333 4351 390 4386 curn
462 4336 494 4386 16
513 4335 691 4400 disiungantur
710 4335 790 4400 (corr.
808 4335 876 4400 ant)
900 4339 978 4388 uerba
1001 4339 1102 4402 quidem
1127 4336 1245 4404 copulant
1318 4339 1348 4388 17
1366 4339 1416 4387 hub
1434 4357 1464 4389 eo
1536 4338 1569 4389 18
1585 4336 1621 4402 id]

334 4408 354 4456 it
425 4402 456 4455 19
474 4405 539 4456 salte
555 4420 623 4455 corr.
639 4415 693 4456 -tue
762 4405 797 4455 ‘20
815 4406 951 4474 auteluga
1022 4409 1053 4459 21
1070 4407 1111 4473 ac]
1132 4423 1147 4456 o
1168 4423 1237 4461 corr.
1257 4410 1292 4460 al.
1312 4426 1377 4458 uren.
1396 4425 1425 4456 uc
1494 4408 1528 4458 '23
1546 4410 1579 4459 sit
1600 4419 1625 4457 et

336 4478 443 4527 ratioet
512 4473 671 4541 usqueque]
693 4492 793 4539 quoquo
864 4477 898 4527 29
917 4488 1088 4544 preponantur
1157 4477 1191 4529 30
1210 4477 1273 4528 haec
1287 4477 1336 4546 vis]
1357 4477 1433 4529 lrabet
1446 4480 1486 4529 nis
1503 4494 1572 4528 corr.
1587 4480 1622 4532 ol.

334 4563 398 4598 anan.
414 4544 461 4595 hae
479 4545 551 4594 cuins
620 4544 652 4597 31
672 4544 828 4612 praeposita]
846 4551 1006 4615 praepositae
1076 4548 1172 4613 optinet
1242 4551 1374 4614 posposita

405 4737 499 4799 llsort.
516 4750 566 4799 quo
579 4736 655 4786 morlo
672 4745 697 4786 et
714 4735 817 4786 nomina
889 4735 921 4786 19
945 4733 1045 4801 saltem]
1072 4738 1150 4801 Verp.
1169 4738 1231 4787 Aen.
1254 4737 1298 4786 llll
1317 4735 1368 4786 327
1439 4737 1472 4788 32
1492 4746 1515 4786 ει
1535 4736 1622 4805 longo]

342 4807 420 4872 Verp.
440 4806 521 4861 bucol.
542 4805 625 4869 1,30
694 4805 729 4857 33
745 4804 860 4873 gemina]
883 4807 963 4872 Verp,
984 4805 1047 4855 Aen.
1067 4807 1101 4856 Vl
1124 4805 1176 4858 203
1246 4804 1625 4874 saeva]Verp.Aen.1atta
