3346 5498
123 369 144 438 6
277 401 279 405 ’
533 426 537 434 .
684 369 859 435 structuri

122 558 150 623 is
173 556 276 640 enim,
299 556 379 622 dum
398 555 519 623 librum
540 578 562 621 a
582 578 634 624 me
657 577 830 623 excussum
851 579 923 624 esse
945 557 1066 640 nescit,
1096 556 1213 624 iterum
1235 578 1311 622 cum
1332 555 1410 621 Put-

123 657 204 727 schii
225 658 367 725 editione
388 657 561 744 diligenter
582 681 656 725 eum
677 658 817 740 contulit
839 669 872 725 et
892 681 968 725 suas
983 660 1120 726 schedas
1138 659 1322 724 humaniter
1343 681 1410 722 me·

122 762 197 826 cum
218 760 481 828 communicavit.
524 759 644 847 quihus
665 761 853 848 conparatis
876 783 950 828 cum
970 762 1013 826 iis
1040 785 1123 849 quae
1146 784 1205 847 ego
1228 761 1409 848 exscripse-

122 885 193 929 ram
213 863 374 950 quaedam
395 885 480 950 quae
500 885 606 929 meam
629 861 835 948 diligentiam
855 862 1008 949 fugerant
1029 864 1150 931 inveni.

207 963 402 1032 Oledonium
416 963 451 1031 in
465 965 546 1030 urbe
562 964 846 1053 Constantinopoli
866 975 973 1031 artem
993 966 1241 1051 grammaticam
1263 965 1412 1035 docuisse

123 1077 157 1132 et
178 1067 372 1153 dignitatem
394 1066 551 1133 habuisse
565 1067 706 1132 Romani
720 1067 880 1133 senatoris
895 1067 1065 1155 inscriptio
1080 1067 1157 1133 libri
1172 1068 1277 1134 docet.
1310 1090 1412 1155 quare

123 1191 162 1234 ea
182 1191 311 1257 quoque
333 1190 417 1257 quae
440 1168 480 1234 de
508 1168 621 1235 schola
641 1170 677 1234 in
698 1167 859 1255 Capitolio
885 1169 1001 1236 habita
1021 1181 1155 1237 narrata
1176 1180 1253 1236 sunt
1273 1193 1306 1257 p.
1330 1169 1412 1234 1866

123 1280 211 1337 recte
233 1271 282 1336 ita
302 1271 609 1358 interpretabimur,
632 1283 668 1336 ut
690 1269 883 1336 Oledonium
905 1270 1038 1359 publico
1061 1295 1194 1337 munere
1216 1271 1412 1359 professoris

122 1375 203 1439 artis
225 1373 457 1460 grammaticae
479 1373 513 1438 in
535 1370 697 1460 Capitolio
719 1371 961 1439 functumesse
983 1374 1142 1439 dicamus.
1172 1396 1276 1460 neque
1298 1373 1412 1441 dubito

123 1476 203 1563 quin
230 1497 272 1539 ex
298 1476 350 1540 his
376 1474 458 1562 ipsis
481 1473 617 1556 scholis,
644 1475 764 1562 quibus
785 1473 840 1541 ille
862 1484 964 1541 artam
986 1476 1111 1542 Donati
1132 1477 1342 1563 interpretari
1364 1499 1413 1543 so·
1502 1518 1504 1525 <

123 1576 233 1659 lebat,
261 1576 345 1642 liber
375 1599 470 1664 quem
498 1575 657 1642 habemus
685 1576 842 1662 originem
870 1577 1011 1644 duxerit.
1055 1601 1097 1645 ex
1123 1577 1186 1644 hoc
1213 1577 1302 1647 enim
1322 1577 1413 1644 fonte

123 1678 336 1767 repetendum
358 1688 409 1744 est
430 1676 529 1760 illud,
552 1675 641 1765 quod
662 1676 801 1765 plurima
823 1680 961 1765 quaein
984 1678 1133 1747 Cledonii
1153 1678 1238 1746 libro
1261 1679 1415 1766 leguntur

123 1803 198 1847 cum
225 1780 439 1869 amplioribus
467 1780 722 1862 commentariis,
751 1801 833 1867 quos
861 1779 970 1848 Servii
998 1780 1051 1846 vel
1078 1780 1187 1867 Sergii
1212 1791 1246 1846 et
1266 1781 1414 1868 Pompeii

123 1884 310 1951 nominibus
333 1883 509 1969 inscriptos
530 1882 705 1961 habemus,
729 1883 945 1949 consentiunt.
989 1905 1066 1948 nam
1092 1906 1156 1950 non
1183 1883 1285 1949 solum
1306 1908 1413 1950 rerum

123 1985 158 2050 in
179 1985 229 2051 bis
252 1985 345 2052 libris
368 1985 563 2051 traditarum
578 1994 611 2050 et
625 1984 762 2049 rationis
780 1984 970 2072 disputandi
991 1985 1136 2051 maxima
1150 1995 1201 2051 est
1222 1985 1414 2068 similitudo,

123 2111 207 2175 quae
228 2087 361 2175 quidem
382 2087 467 2153 libro
488 2085 628 2168 Donati,
652 2108 749 2173 quem
771 2086 890 2152 ducem
911 2088 1016 2153 secuti
1037 2098 1129 2169 sunt,
1152 2087 1253 2155 tribui
1275 2097 1413 2175 poterat,

124 2189 183 2255 sed
210 2191 309 2255 etiam
341 2190 457 2256 eadem
477 2189 547 2254 lere
568 2187 803 2255 vocabulorum
825 2188 976 2275 exempla
997 2198 1030 2255 et
1051 2200 1199 2255 veterum
1221 2192 1416 2278 scriptorum

124 2291 313 2359 testimonia
333 2291 377 2356 ad
398 2288 529 2377 regulas
550 2289 739 2378 probandas
761 2290 929 2378 adscripta
951 2302 1043 2373 sunt,
1066 2302 1164 2379 atque
1179 2314 1222 2358 ex
1237 2292 1319 2379 ipsis
1335 2294 1415 2357 artis

123 2395 309 2482 praeceptis
332 2393 493 2480 quaedam
518 2391 679 2479 similibus
701 2392 812 2457 verbis
835 2404 993 2480 concepta
1012 2394 1175 2459 invenias.
1209 2417 1347 2482 quarum
1368 2417 1417 2460 re-

123 2519 195 2564 rum
228 2519 303 2563 cum
329 2494 473 2582 plurima
498 2493 650 2583 exempla
675 2516 734 2580 per
761 2516 890 2560 omnem
912 2493 1062 2561 Oledonii
1088 2495 1209 2563 librum
1239 2496 1417 2583 deprehen·

125 2597 260 2681 danum,
284 2609 352 2664 tum
374 2595 470 2662 facile
493 2597 631 2685 adparet
651 2596 699 2661 ita
720 2607 934 2683 conparatum
955 2619 1027 2664 esse
1049 2620 1124 2663 eum
1146 2621 1358 2681 consensum,
1381 2611 1419 2666 ut

125 2723 270 2788 eaquae
292 2699 442 2764 similiter
464 2698 554 2786 apud
575 2697 649 2764 illos
671 2699 903 2783 grammaticos
931 2701 1054 2786 scripta
1077 2710 1154 2766 sunt
1175 2723 1281 2788 neque
1303 2723 1323 2764 a
1345 2700 1417 2767 Cle-

125 2803 224 2870 donio
254 2825 296 2868 ex
322 2800 452 2866 illorum
473 2799 567 2865 libris
595 2799 663 2886 peti
683 2823 788 2885 neque
811 2799 854 2864 ad
875 2799 948 2881 illos
972 2824 1014 2867 ex
1036 2801 1186 2868 Oledonii
1207 2801 1291 2868 libro
1315 2815 1417 2868 trans-

125 2905 205 2970 ferri
225 2903 409 2991 potuerint,
439 2902 498 2968 sed
525 2902 635 2988 potius
657 2925 700 2967 ex
721 2904 884 2968 communi
906 2903 996 2970 sonte
1026 2913 1058 2969 et
1079 2903 1229 2969 adhunc
1250 2915 1283 2970 et
1304 2903 1348 2969 ad
1368 2927 1417 2970 rc·

125 3006 231 3094 liquos
258 3007 452 3092 interpretes
481 3003 631 3070 derivata
656 3003 732 3068 sint.
777 3003 842 3075 alia
874 3005 962 3071 enim
993 3028 1014 3070 a
1041 3004 1197 3072 Oledonio
1231 3008 1350 3072 rectius
1384 3017 1418 3072 et

125 3108 257 3175 uberius
280 3129 378 3194 quam
399 3107 441 3172 ab
463 3105 528 3171 illis
550 3104 674 3184 tradita
695 3114 787 3187 sunt,
810 3104 890 3186 alia,
913 3131 996 3194 quae
1011 3130 1032 3174 a
1046 3106 1202 3172 Oledonio
1223 3109 1343 3173 omissa
1364 3108 1417 3174 vel

126 3219 279 3297 corrupta
306 3220 396 3293 sunt,
424 3208 554 3293 integra
580 3217 797 3274 servaverunt
822 3206 880 3274 illi.
925 3209 1011 3275 vidit
1031 3209 1093 3275 hoc
1107 3231 1225 3296 -nuper
1245 3211 1417 3296 Augustus

127 3312 310 3378 Wilmanns
340 3310 381 3377 de
408 3310 505 3376 Varr.
533 3309 608 3376 libr.
638 3332 776 3395 gramm.
804 3334 836 3398 p.
862 3311 939 3393 110,
974 3312 1031 3414 qui
1060 3333 1133 3376 cum
1159 3312 1193 3376 in
1221 3313 1418 3399 quibusdam

126 3414 285 3480 Varronis
305 3405 497 3498 fragmentis
519 3413 605 3478 hunc
627 3435 821 3480 consensum
841 3414 1055 3500 interpretum
1069 3413 1193 3481 Donati
1214 3415 1418 3481 animadver-
1484 3433 1487 3437 ·

127 3516 234 3598 tisset,
258 3537 368 3581 omncs
384 3538 426 3581 ex
441 3538 505 3581 uno
521 3513 700 3602 codemque
715 3515 859 3583 doctiore
874 3517 1104 3583 commentario
1120 3515 1280 3598 hausisse,
1303 3515 1418 3583 alium·

128 3639 192 3704 que
212 3614 323 3704 plura,
347 3614 447 3680 alium
469 3616 625 3703 pauciora
646 3616 723 3682 inde
745 3618 923 3705 sumpsisse
946 3618 1159 3685 existimavit.
1188 3642 1293 3705 neque
1309 3628 1419 3686 tamen

127 3719 163 3785 in
189 3740 254 3783 uuo
283 3728 315 3783 et
341 3718 494 3784 continuo
522 3719 716 3805 antiquioris
743 3719 947 3804 grammatici
973 3719 1058 3786 libro
1080 3720 1162 3787 haec
1184 3722 1307 3805 omnia,
1336 3744 1420 3808 quae

127 3831 293 3908 tamquam
316 3819 435 3885 veteris
457 3819 624 3886 doctrinae
646 3820 803 3908 reliquiae
822 3844 909 3888 nunc
922 3821 1012 3909 apud
1026 3821 1137 3909 plures
1160 3823 1311 3910 dispersa
1333 3834 1419 3909 sunt,

129 3923 205 3989 olim
233 3922 407 3988 coniuncta
432 3921 536 3990 irrisae
563 3923 842 4007 confirmaverim
870 3924 928 3990 sed
955 3925 1118 3991 constanti
1145 3924 1329 3990 scholarum
1358 3949 1420 3990 usu

128 4026 253 4091 factum
280 4047 353 4090 esse
382 4024 577 4092 videturne
604 4048 644 4092 ea
670 4049 754 4115 quae
781 4049 801 4090 a
826 4025 993 4111 magistris
1020 4026 1253 4110 grammaticae
1275 4026 1354 4090 artis
1377 4027 1419 4091 de

128 4127 253 4192 Donati
274 4125 358 4193 libro
382 4128 506 4215 scripta
527 4125 580 4193 vel
602 4127 722 4194 scholis
744 4136 920 4214 praecepta
945 4136 1055 4207 erant,
1083 4125 1118 4191 id
1140 4125 1227 4213 quod
1249 4126 1284 4191 in
1305 4127 1419 4214 primis

129 4252 171 4295 ox
194 4227 343 4295 Cledonii
370 4227 453 4295 libro
477 4228 693 4316 intellegitur,
722 4229 765 4295 ad
792 4239 941 4316 posteros
963 4238 1224 4315 propagarentur
1246 4237 1279 4292 et
1299 4229 1340 4292 iis
1363 4230 1420 4315 qui

128 4340 243 4420 postea
272 4331 306 4399 in
334 4331 450 4396 eodem
477 4333 588 4398 labore
617 4330 835 4399 versabantur
862 4341 971 4398 certae
998 4329 1111 4416 copiae
1137 4338 1272 4416 paratae
1299 4341 1419 4412 essent,

129 4433 248 4524 quibus
268 4433 318 4513 ita
338 4434 532 4516 utebantur,
561 4444 597 4499 ut
619 4443 653 4500 et
680 4431 868 4520 disputandi
891 4431 1038 4498 ordinem
1060 4453 1082 4496 a
1102 4431 1267 4519 prioribus
1289 4432 1418 4498 institu-

129 4547 199 4604 tum
221 4546 434 4624 sequerentur
456 4546 489 4602 et
510 4558 593 4623 quae
616 4536 658 4601 ab
680 4534 746 4601 illis
768 4533 944 4601 memoriae
965 4534 1098 4618 prodita
1113 4544 1207 4600 erant
1221 4543 1416 4623 repeterent.

129 4641 240 4727 itaque
261 4637 305 4704 ad
320 4635 512 4705 Cledonium
535 4661 663 4726 quoque
686 4643 829 4702 maxima
849 4658 926 4723 pars
949 4659 1062 4702 corum
1084 4658 1167 4723 quae
1189 4634 1243 4701 ille
1266 4659 1309 4702 ex
1330 4645 1418 4702 vete·
1456 4640 1460 4647 '

128 4763 201 4805 rum
228 4742 423 4827 scriptorum
450 4740 544 4805 libris
572 4739 723 4806 exhibuit
754 4749 788 4804 et
820 4736 862 4802 de
893 4759 1040 4803 sermone
1072 4736 1267 4825 antiquioris
1299 4739 1417 4803 aetatis

129 4841 313 4929 disputavit
334 4843 374 4907 iis
397 4864 482 4930 quae
503 4840 581 4908 olim
602 4842 637 4905 in
652 4840 775 4907 Donati
796 4849 898 4906 artem
919 4839 1077 4907 adnotata
1098 4848 1132 4905 et
1152 4862 1213 4905 usu
1235 4838 1417 4907 scholarum
