3346 5498
263 362 326 429 288
829 368 981 432 Ponrssd

228 489 238 510 ο
290 476 415 529 ptati-oo
429 474 452 514 L.
1226 511 1227 514 ,

264 555 389 616 ‘Lucius
411 556 518 616 Senius
538 563 657 615 senator
680 557 709 615 ixx
732 563 834 617 senatu
856 553 969 617 litteras
991 559 1145 618 recitavit’.
1166 553 1172 639 Ι
1190 575 1250 617 uon
1265 556 1384 636 quidem
1399 559 1463 636 ipsa
1479 575 1550 637 pars
1640 607 1646 615 .

264 659 406 718 orationis
428 656 547 736 abipsa
571 657 720 719 inchoavit
740 658 771 717 iu
794 676 882 736 quam
905 657 991 719 desiit
1013 661 1109 739 prior,
1131 659 1183 719 sed
1210 666 1307 718 tamen
1337 677 1441 718 omues
1467 660 1553 736 quasi

263 760 293 820 in
316 758 435 837 syllabis
456 758 580 837 singolis
608 758 754 838 quandam
783 758 1003 820 similitudinem
1027 760 1146 821 habeut.
1191 778 1262 838 ergo
1291 759 1337 820 bis
1365 761 1397 820 tit
1423 759 1480 819 boc
1509 760 1551 820 vi·

264 862 346 929 tium,
371 862 432 921 sive
454 860 491 923 alx
518 863 581 942 ipsa
603 861 737 929 inchoet,
768 862 798 921 in
827 879 915 941 quam
943 861 1043 933 desiit,
1073 864 1133 923 sive
1161 860 1322 923 similitudo
1350 863 1388 921 sit
1414 863 1444 921 in
1466 862 1553 922 initio

263 961 432 1023 verborum.
1565 979 1580 1018 s

147 1076 250 1132 tenet
347 1064 559 1135 tribunatus,
584 1071 655 1125 ‘nos
678 1066 795 1143 quidem
819 1065 893 1127 haec
914 1067 981 1127 xxxia
1004 1066 1184 1127 docuimus'.
1229 1083 1287 1142 qno
1310 1065 1397 1125 modo
1419 1064 1555 1126 dicamus

262 1167 317 1226 ista
339 1167 401 1245 ipsa
423 1168 500 1237 vitia,
523 1166 645 1246 reliquit
666 1166 730 1228 aliis
752 1166 954 1247 quaerendum
978 1175 1007 1227 et
1028 1167 1170 1229 abstinuit
1192 1186 1234 1228 se.
1267 1166 1319 1227 sed
1335 1165 1408 1226 nibil
1430 1165 1555 1226 dillicile

263 1276 318 1328 est.
363 1277 447 1347 potes
470 1271 547 1329 enim
572 1288 607 1329 ox
630 1269 803 1330 delinitione
830 1268 879 1329 illa
907 1271 1061 1348 superiore
1089 1269 1228 1348 colligere
1250 1267 1307 1329 hoc
1328 1271 1434 1348 ipsum.
1480 1265 1553 1346 quid

263 1369 389 1429 diximus
412 1389 475 1430 esse
501 1370 734 1432 barbarismum?
768 1373 869 1432 vitium
898 1372 1006 1432 iactum
1033 1373 1068 1432 iu‘
1088 1390 1146 1432 una
1172 1380 1256 1450 parte
1284 1371 1435 1431 orationis.
1480 1367 1553 1446 quid

263 1471 390 1532 diximus
413 1490 479 1532 esse
502 1471 730 1534 soloecismum?
767 1475 869 1534 vitium
898 1474 1004 1534 iactum
1032 1475 1062 1534 in
1086 1481 1224 1534 contexto
1247 1473 1375 1551 partium
1398 1472 1551 1531 orationis.
1568 1489 1597 1528 ro

263 1590 334 1650 ergo
357 1574 527 1634 iotacismus
548 1575 579 1632 iu
603 1572 786 1634 barbarismo
810 1576 880 1634 erit:
909 1593 977 1635 nam
1000 1575 1094 1636 Titius
1115 1577 1146 1634 iu
1168 1593 1225 1635 una
1242 1583 1327 1653 parte
1341 1574 1489 1633 ,orationis
1508 1579 1556 1633 est

262 1676 372 1736 lactum
400 1676 511 1735 vitium.
557 1693 628 1752 ergo
656 1674 854 1737 labdacismus
880 1677 912 1737 in
940 1675 1123 1738 barbarismo
1152 1678 1221 1736 erit:
1258 1693 1327 1736 nam
1350 1672 1479 1736 Catullus
1507 1673 1555 1733 rel

262 1775 372 1836 Lucius
399 1778 428 1836 in
458 1794 515 1836 una
544 1785 627 1855 parte
657 1786 702 1858 est
729 1780 882 1838 orationis.
927 1778 1046 1857 quaudo
1074 1786 1170 1839 autem
1198 1777 1263 1838 dico
1286 1776 1457 1837 ‘bominem
1479 1777 1555 1836 ami·

263 1879 359 1954 cum',
383 1896 441 1938 nou
465 1887 509 1938 est
531 1897 588 1937 una
611 1898 679 1959 pars
695 1880 845 1947 orationis,
869 1879 920 1939 sed
938 1879 1026 1949 dnae;
1051 1898 1121 1957 ergo
1138 1878 1331 1940 soloecismus
1347 1886 1400 1939 est.
1433 1878 1556 1958 quando

262 1980 329 2040 dico
352 1980 451 2040 ‘llusa
479 1981 619 2049 amavit',
651 2000 710 2041 non
739 1989 784 2041 est
810 2001 865 2042 una
894 2000 962 2060 pars
990 1984 1147 2051 orationis;
1177 1999 1247 2058 ergo
1276 1980 1471 2041 soloecismus
1498 1987 1555 2042 est.
1571 2001 1598 2041 xe

263 2085 375 2142 ‘mater
404 2079 499 2141 terra’
527 2089 585 2141 tam
613 2082 670 2143 boc
697 2084 798 2143 vitium
827 2091 872 2143 est
898 2100 986 2160 qnam
1014 2083 1062 2144 illa
1092 2081 1261 2163 [conlisio];
1298 2080 1349 2143 sed
1383 2080 1555 2142 soloecismi

261 2190 339 2244 sunt.
378 2200 449 2260 ergo
472 2184 539 2242 vitia
561 2185 626 2252 ista,
651 2204 726 2264 quae
748 2187 779 2244 in
801 2184 924 2262 singulis
946 2184 1079 2264 partibus
1101 2185 1236 2253 iacimus,
1258 2182 1462 2262 inputabimns
1485 2182 1557 2244 bar·

263 2283 409 2353 barismis,
433 2283 560 2361 reliquas
581 2283 773 2347 soloecismis.
818 2288 866 2347 isti
889 2296 957 2347 sunt
978 2286 1155 2347 barbarismi
1177 2287 1447 2365 grammaticorum.
1484 2295 1557 2347 sunt

263 2384 353 2465 aliqui
376 2404 449 2464 quos
471 2385 573 2448 dicunt
595 2405 660 2448 esse
683 2397 847 2457 oratorum;
873 2387 933 2455 ,hos
955 2407 1010 2467 ego
1033 2407 1088 2449 nec
1110 2387 1169 2466 legi
1191 2405 1246 2449 neo
1268 2390 1331 2449 scio
1357 2406 1422 2449 esse
1443 2386 1555 2449 barba·

262 2488 385 2556 rismos,
413 2487 526 2548 scilicet
552 2498 675 2568 propter
703 2488 806 2568 longas
834 2499 864 2550 et
890 2498 1013 2569 propter
1041 2489 1165 2572 brelves.
1208 2489 1259 2550 sed
1287 2488 1373 2551 aliter
1396 2489 1552 2558 dicuntur:
1568 2507 1595 2547 ao

264 2608 323 2649 uon
346 2588 486 2650 dicuntur
509 2588 694 2661 barbarismi,
719 2592 771 2652 sed
794 2591 888 2652 malae
911 2599 1086 2653 structurae.
1592 2582 1596 2588 ’

752 2745 799 2838 bu
821 2776 1055 2839 soxoucxsno

347 2895 480 2957 Diximus
502 2894 709 2957 soloecismum
734 2914 799 2957 esse
821 2898 923 2957 vitium
946 2897 1054 2957 iactum
1077 2898 1108 2957 in
1131 2905 1269 2958 contextu
1292 2898 1419 2976 partium
1442 2898 1552 2958 oratio·

263 2998 318 3057 nis.
364 3016 431 3057 narn
460 2993 483 3057 si
512 2999 543 3058 in
569 3017 629 3059 uno
660 2997 752 3058 verbo
779 2999 866 3058 iaciat
893 3000 1008 3068 vitium,
1042 2997 1259 3058 barbarismum
1286 2999 1370 3066 lacit;
1403 2999 1429 3058 si
1460 2997 1553 3060 multo

263 3099 350 3160 verba
373 3109 476 3178 ponat,
500 3100 613 3178 integra
637 3099 755 3179 quidem
777 3098 907 3177 singula,
937 3100 967 3159 iu
990 3101 1153 3160 conexione
1175 3107 1274 3159 antem
1297 3101 1459 3178 peccantia,
1483 3101 1597 3161 lacitsa

262 3199 479 3262 soloecismum.
520 3211 551 3261 ut
574 3203 668 3278 siquis
691 3201 768 3262 dicat
790 3201 923 3280 ‘plurimi
946 3201 1080 3261 homines
1101 3202 1202 3271 venit’,
1226 3200 1341 3279 singula
1362 3203 1418 3262 ista
1440 3200 1555 3262 babent

262 3304 407 3364 rationem
430 3322 522 3373 suam,
546 3321 613 3363 nam
636 3303 725 3363 latina
748 3311 817 3364 sunt
839 3304 945 3373 omnia,
968 3302 1019 3362 sed
1048 3304 1112 3382 ipsa
1135 3304 1259 3364 conexio
1282 3321 1340 3362 non
1364 3321 1397 3364 se
1419 3304 1552 3382 respicit.

72 3421 80 3442 ⁸
144 3421 334 3483 troad-ergo
363 3406 464 3465 vitium
493 3404 548 3464 boc
576 3406 617 3465 sic
647 3404 787 3473 dicimus,
813 3403 1029 3465 soloecismum.
1078 3404 1268 3465 soloecismus
1298 3404 1395 3465 dictus
1424 3412 1469 3464 est
1496 3403 1554 3465 bac

262 3524 364 3567 cansa:
403 3506 491 3565 Soloe
519 3506 637 3585 quidam
664 3505 765 3584 populi
793 3514 862 3566 suut
892 3508 970 3567 eirca
999 3504 1145 3574 Ciliciam
1181 3506 1211 3566 bi
1239 3513 1383 3566 venerunt
1410 3505 1553 3577 Athenas,

262 3608 331 3668 dum
354 3610 482 3686 pessime
505 3606 712 3687 loquerentur;
738 3607 844 3667 exinde
868 3617 993 3668 tractum
1016 3616 1060 3669 est
1082 3615 1114 3668 ut
1128 3607 1299 3668 dicerentur
1313 3609 1381 3668 vitia
1396 3609 1460 3688 ipsa
1476 3608 1555 3669 male
1570 3633 1599 3674 so

263 3709 445 3787 loquentium
469 3709 646 3778 soloecismi,
671 3710 754 3787 quasi
777 3725 852 3785 quae
876 3710 919 3769 sic
941 3716 1090 3778 sonarent,
1108 3728 1196 3789 quem
1219 3710 1255 3770 ad
1274 3710 1393 3770 modum
1416 3708 1460 3770 illi
1475 3711 1574 3780 male⁸

262 3808 468 3887 loquebantur,
491 3809 520 3869 id
545 3819 590 3870 est
611 3827 686 3888 quae
710 3811 777 3870 vitia
799 3808 867 3869 talia
891 3819 996 3880 essent,
1021 3809 1117 3891 qualia
1139 3811 1268 3872 illorum.
1313 3811 1370 3871 boc
1397 3810 1556 3882 dixerunt;

217 3942 218 3946 =
263 3919 307 3971 est
330 3920 427 3972 tamen
449 3910 503 3971 alia
528 3931 595 3972 vera
617 3912 702 3970 ratio.
748 3929 783 3969 ex
805 3929 838 3971 re
860 3911 970 3973 lactum
998 3919 1042 3972 est
1068 3912 1125 3972 lxoc
1147 3931 1271 3982 nomen,
1300 3930 1335 3972 cx
1359 3931 1467 3991 graeca
1490 3922 1555 3994 ety-

261 4011 388 4091 mologia
417 4020 469 4073 est.
520 4032 589 4081 nam
620 4013 707 4071 etiam
741 4010 798 4071 hoc
825 4015 921 4091 ipsum
950 4014 1070 4075 verbnm
1098 4032 1238 4092 graecum
1268 4023 1327 4088 est,
1358 4013 1557 4076 soloecismus
1640 4066 1642 4071 .

260 4116 342 4194 qnasi
366 4109 457 4196 σῳόυ
480 4108 584 4192 λόγου
607 4107 776 4192 αἰκισμός,
805 4114 834 4173 id
864 4123 908 4175 est
936 4117 999 4176 sani
1029 4113 1110 4175 verbi
1139 4114 1316 4196 corruptela.
1360 4117 1483 4196 proprie
1511 4119 1601 4184 sicas

261 4216 412 4277 delinitur:
434 4196 507 4295 quid
532 4223 576 4274 est
599 4211 817 4295 soloecismus?
846 4215 1037 4277 soloecismus
1061 4226 1106 4277 est
1134 4235 1222 4277 sanae
1249 4215 1424 4278 elocutionis
1446 4236 1556 4280 corru·
1650 4284 1653 4288 ,

262 4316 350 4397 ptola.
396 4319 516 4396 proprie
544 4334 614 4394 ergo
646 4316 837 4378 soloecismus
864 4317 916 4379 ubi
944 4318 1069 4378 dicitur?
1104 4320 1134 4378 iu
1164 4317 1257 4378 solnta
1286 4320 1434 4419 oratiope,
1464 4338 1556 4399 quem

263 4472 378 4479 —.-·--
403 4472 454 4477 ...-
462 4471 563 4477 ,.-.-,...

331 4555 509 4619 iquaerenda
528 4555 636 4606 BGSP
722 4556 738 4606 8
761 4564 843 4621 potest
867 4557 934 4605 enim
959 4556 1040 4607 BGP
1063 4549 1255 4622 possuot'enim
1273 4555 1294 4604 S
1382 4555 1414 4607 lo
1432 4557 1480 4608 bos
1503 4574 1557 4624 ego

264 4625 462 4676 Lindemannua:
479 4626 525 4675 hos
541 4639 603 4690 ergo
619 4641 664 4675 nec
682 4627 733 4692 legi
752 4641 799 4675 neo
817 4627 870 4675 scio
891 4627 937 4676 OS
955 4626 1001 4674 lios
1019 4641 1081 4692 ergo
1098 4627 1200 4693 neglegi
1218 4628 1303 4676 nescio
1322 4626 1348 4675 B
1366 4627 1414 4676 boo
1433 4641 1484 4677 uon
1499 4627 1559 4694 legi

264 4711 308 4744 nec
327 4698 380 4746 scio
399 4698 424 4745 P
491 4695 525 4746 29
544 4695 599 4744 solo
618 4695 757 4757 quidamC
825 4696 856 4746 31
878 4697 1184 4748 sonantBSsonentC
1251 4695 1330 4745 aoid
1352 4699 1470 4760 estquis
1492 4698 1557 4747 uitia

264 4765 460 4815 diadematibus:
480 4766 507 4815 id
526 4767 649 4827 estquod
670 4768 731 4815 uitia
750 4768 806 4832 ipso
823 4766 882 4815 tolia
908 4776 992 4815 esseut
1012 4768 1036 4816 P
1121 4766 1155 4815 :35
1175 4767 1247 4828 qnasi
1267 4782 1312 4814 suo
1338 4766 1510 4832 locoegismus
1531 4768 1559 4818 P

263 4836 336 4896 quasi
354 4836 573 4900 soloegoeoismus
592 4833 641 4884 BS
658 4837 730 4897 quusi
749 4835 903 4900 splogismus
923 4837 943 4885 C
1449 4835 1452 4840 ’
