3346 5498
628 387 865 451 (JOMMENTvrl
1334 385 1393 448 l't'l

1210 508 1231 548 p.
1245 496 1332 537 teau—tt
1347 494 1370 534 Ι,ι

97 576 219 639 dicitur.
265 577 394 638 diximus
417 579 505 637 etiam
528 576 616 637 talem
640 594 702 636 rem
726 575 763 636 de
785 575 879 654 gradu
900 578 1035 661 positivo.
1069 594 1137 636 nam
1161 593 1249 653 quem
1273 575 1309 635 ad
1331 594 1395 656 ruo·

98 680 169 741 dam
190 682 334 760 positivus
355 678 466 758 gradus
488 679 584 739 dictus
599 687 643 738 est
659 680 876 757 conparationis
891 677 1015 757 gradus,
1038 697 1098 738 non
1121 676 1199 757 quod
1221 695 1276 757 per
1297 679 1396 757 ipsum

99 789 258 879 conparat,
285 777 338 842 sed
362 781 440 861 quod
463 779 499 841 ab
522 783 588 860 ipso
617 781 771 850 discimus,
800 770 871 859 (perid
899 782 937 840 sit
959 798 1135 859 conparare,
1160 786 1189 839 et
1211 778 1279 839 ideo
1301 778 1396 839 dictus

100 895 145 946 est
170 884 282 964 gradus
310 885 544 963 conparationis;
573 885 615 943 sic
644 885 731 943 etiam
754 890 785 944 ει
807 882 1001 969 nominativus
1023 881 1119 942 dictus
1142 889 1187 941 est
1208 899 1311 950 casus,
1335 899 1395 941 non

74 989 169 1068 aquia
191 989 256 1066 ipse
279 1003 387 1047 nomen
410 986 480 1044 iacit
502 984 624 1058 cadere,
645 984 697 1045 sed
720 989 790 1060 qnia
805 1002 860 1063 per
875 987 971 1065 ipsum
987 986 1111 1052 scimus,
1135 982 1205 1059 quid
1223 984 1262 1042 sit
1276 982 1394 1043 cadere.

100 1107 161 1149 uon
190 1090 270 1149 euim
298 1104 455 1167 possumus
483 1088 487 1161 ξ
517 1089 608 1155 seire,
638 1085 707 1166 quid
736 1089 775 1146 sit
801 1087 921 1157 cadere,
950 1088 1008 1148 nisi
1035 1086 1190 1145 scierimus
1217 1092 1301 1154 ante,
1325 1082 1394 1165 quid

99 1191 189 1252 luerit
210 1198 335 1252 rectum.
1092 1184 1103 1196 “

185 1293 261 1353 Sunt
288 1301 388 1353 autem
416 1292 488 1351 elicii
516 1310 567 1351 sex
596 1310 696 1360 casus,
725 1294 934 1378 nominativus,
964 1290 1041 1372 quod
1064 1292 1237 1369 peripsum
1260 1290 1395 1350 nomine·

101 1414 186 1463 mus,
216 1403 247 1455 ut
281 1394 330 1456 bic
363 1397 517 1472 magister;
551 1395 719 1472 genetivus,
754 1394 832 1474 quod
862 1412 917 1473 per
944 1395 1040 1473 ipsum
1068 1411 1164 1470 genus
1194 1390 1394 1461 ostendamus,

67 1499 206 1559 u‘cuius
229 1498 311 1557 est’?
330 1495 430 1557 ‘illius
452 1500 528 1565 est';
551 1495 679 1564 dativus,
701 1496 780 1574 quod
803 1498 975 1577 peripsum
998 1493 1111 1564 demus,
1135 1494 1190 1553 ‘da
1212 1492 1287 1561 illi’;
1310 1511 1395 1554 accu-

101 1601 228 1668 sativus,
253 1598 333 1677 quod
356 1618 411 1678 ρει
432 1601 529 1677 ipsum
553 1616 740 1668 accusemus,
765 1604 893 1659 “accuso
915 1596 1031 1665 illum';
1054 1598 1217 1665 vocativus,
1241 1594 1319 1676 quod
1341 1613 1396 1674 per
1442 1654 1447 1662 ,

100 1704 196 1781 ἰρειιιιι
221 1719 374 1768 vocemus,
397 1720 415 1760 o
437 1701 497 1762 ille.
540 1699 684 1761 ablativus
706 1700 783 1780 apud
806 1701 935 1761 Graecos
957 1717 1017 1758 non
1040 1700 1201 1766 invenitur,
1225 1697 1277 1758 sed
1301 1697 1398 1758 Latini

103 1803 183 1864 bunc
206 1802 437 1882 adsumpserunt
460 1801 526 1863 sibi.
571 1801 684 1863 idcirco
707 1801 863 1882 aliquando
885 1800 987 1861 dicunt
1010 1819 1077 1861 eum
1099 1810 1231 1869 sextum,
1260 1799 1290 1860 id
1313 1806 1359 1859 est
1379 1818 1397 1858 a

102 1923 228 1965 numero
245 1923 312 1966 eum
335 1904 498 1983 appellant,
523 1903 680 1984 aliquando
703 1923 719 1964 a
742 1913 830 1982 geute
850 1903 989 1971 latinum,
1012 1905 1151 1983 quoniam
1174 1901 1250 1981 apud
1267 1901 1397 1962 Graecos

68 2021 163 2068 1⁵uou
190 2008 341 2067 iuvenitur
368 2024 452 2066 casus
480 2005 623 2067 ablativus
652 2004 824 2085 [aliquando
851 2007 1004 2082 genetivus
1032 2004 1191 2082 singularis
1219 2003 1397 2083 fungebatur

102 2110 201 2169 officio
231 2108 376 2188 ablativi].
423 2120 491 2188 puta
521 2109 568 2168 laic
596 2108 701 2168 doctus
729 2108 815 2167 buius
837 2105 916 2167 docti
940 2105 1009 2166 huic
1031 2105 1119 2166 docto
1140 2107 1221 2166 dunc
1243 2108 1398 2167 doctumo

102 2210 188 2271 docte
211 2218 241 2269 et
263 2209 293 2270 bi
316 2210 395 2269 docti
417 2209 522 2270 horum
548 2211 700 2271 doctorum
724 2209 770 2270 bis
793 2209 886 2270 doctis
908 2211 961 2268 bos
983 2210 1083 2268 doctos
1105 2225 1123 2268 ο
1144 2210 1238 2286 docti,
1262 2216 1292 2268 et
1312 2208 1397 2268 linie-

102 2312 181 2372 bant.
228 2330 300 2390 ergo
322 2330 388 2372 cum
411 2332 470 2373 non
494 2312 639 2373 baberent
661 2311 834 2379 ablativum,
862 2331 915 2390 per
938 2312 1105 2389 genetivum
1129 2308 1329 2388 iungebantur
1352 2309 1396 2368 ol·

102 2415 169 2474 icio
192 2412 310 2473 ablativi
334 2413 506 2494 [aliquando
528 2415 696 2492 genetivus,
721 2413 879 2493 aliquando
902 2413 1041 2491 dativus}
1086 2412 1143 2472 lroc
1166 2431 1234 2472 cum
1256 2411 1398 2472 vidissent

65 2532 92 2572 aa
105 2512 231 2577 lio'mani
254 2535 319 2577 esse
341 2534 492 2595 asperum,
516 2517 654 2576 lecerunt
674 2514 841 2576 ablativum.

187 2617 268 2678 luter
290 2617 448 2678 ablativum
472 2627 501 2679 et
523 2620 679 2697 septimum
704 2616 760 2678 boc
781 2619 913 2687 interest,
938 2617 1016 2698 quod
1038 2615 1182 2678 ablativus
1204 2619 1398 2697 praepositio-
1409 2630 1469 2693 aaa,
1484 2631 1515 2679 16

102 2737 171 2779 nem
195 2717 294 2788 babet,
317 2721 462 2798 septimus
483 2739 542 2780 non
566 2719 664 2781 babet.
696 2739 763 2781 uam
787 2719 904 2799 quando
927 2719 1052 2780 dicimus
1075 2719 1125 2779 ‘ab
1147 2727 1265 2780 oratore
1288 2721 1396 2788 venio',

101 2821 248 2882 ablativus
270 2828 328 2889 est;
352 2820 468 2902 quando
491 2822 616 2883 dicimus
639 2828 776 2883 ‘oratore
791 2824 932 2901 magistro
947 2824 1043 2890 utor’,
1067 2823 1210 2901 septimus
1225 2830 1278 2883 εει.
1308 2839 1396 2899 quae·

101 2925 189 2983 situm
219 2932 264 2983 est
286 2940 302 2982 a
324 2923 480 3003 plurimis,
511 2932 610 2985 utrum
637 2925 667 2984 id
696 2925 876 3003 signiticaret
902 2926 1060 3003 septimus,
1089 2923 1169 3000 quod
1192 2932 1222 2983 et
1243 2921 1394 2983 ablativus.

66 3041 93 3082 rs
106 3024 193 3085 multi
216 3026 295 3084 euim
318 3024 375 3085 boc
397 3025 549 3094 dixerunt,
573 3025 602 3085 id
624 3026 791 3103 significare
813 3025 985 3094 ablativum,
1009 3025 1085 3105 quod
1110 3035 1139 3087 et
1160 3027 1330 3104 septimum.
1350 3034 1396 3085 'et

103 3145 136 3186 re
159 3145 229 3187 vera
257 3136 326 3187 sunt
353 3126 549 3196 elocutiones,
574 3127 623 3188 ubi
646 3129 758 3188 similes
780 3137 850 3188 sunt
870 3127 941 3195 sibi,
965 3137 997 3188 ut
1019 3128 1135 3188 doctior
1156 3127 1206 3187 illo
1230 3134 1258 3186 et
1281 3126 1395 3189 doctior

102 3227 228 3289 abillo:
253 3228 331 3289 idem
355 3238 399 3289 εει
421 3228 575 3298 ablativus,
599 3230 678 3307 quod
702 3238 731 3290 et
752 3232 904 3308 septimus.
938 3230 990 3289 sed
1013 3239 1113 3291 tamen
1135 3232 1213 3290 scire
1235 3227 1326 3289 debes
1347 3231 1392 3289 ia·

102 3332 196 3390 veniri
218 3330 330 3409 aliquas
353 3332 543 3399 elocutiones,
567 3334 597 3391 in
621 3332 729 3408 quibus
751 3330 966 3392 elocutionibus
990 3340 1118 3391 mutatur
1139 3334 1194 3391 ista
1217 3323 1404 3392 differentia*

103 3449 169 3492 nam
192 3450 281 3512 saepe
304 3432 382 3493 aliud
405 3435 550 3511 significat
571 3433 730 3503 ablativus,
754 3433 832 3495 aliud
856 3436 1013 3512 septimus,
1037 3441 1069 3493 ιιι
1084 3443 1131 3493 εει
1153 3433 1221 3493 ‘illo
1236 3442 1391 3510 praesente

65 3535 247 3613 aosusaepi’.
293 3552 360 3594 uam
390 3534 456 3595 ‘illo
483 3544 640 3614 praesente
667 3539 800 3616 suseepi'
830 3536 948 3613 quando
976 3534 1056 3603 dico,
1081 3537 1166 3595 tertia
1188 3553 1316 3615 persona
1339 3545 1392 3604 εει,

105 3635 134 3694 id
157 3645 203 3695 est
229 3636 362 3714 ‘suscepi
390 3654 444 3714 ego
472 3637 509 3696 ab
537 3641 592 3697 isto
614 3637 665 3697 illo
687 3644 872 3718 praesente’.
917 3637 1035 3717 quando
1057 3645 1155 3699 autem
1178 3637 1245 3698 dico
1268 3636 1395 3698 ‘abillo

104 3745 260 3815 praesente
283 3739 427 3816 suscepi’,
456 3737 531 3797 duae
561 3758 707 3818 personae
734 3741 950 3820 significantur,
979 3742 1041 3819 ipsa
1071 3757 1146 3816 quae
1167 3740 1249 3801 dedit
1277 3747 1306 3800 et
1332 3742 1395 3820 ipsa

106 3855 180 3914 quae
201 3841 339 3919 suscepit.

188 3941 264 4001 Sunt
297 3949 393 4002 autem
421 3941 534 4003 formae
562 3943 710 4006 casuales:
740 3944 797 4005 boc
830 3946 908 4024 quod
941 3946 1013 4006 dicit
1045 3945 1207 4025 adsumpsit
1236 3945 1291 4006 sibi
1325 3965 1393 4025 pro·
1408 3961 1514 4023 coasts

67 4071 92 4110 ῃ
104 4048 170 4121 pter
192 4042 422 4103 declinationum
444 4047 623 4106 varietatem.
669 4048 905 4109 accommodatae
928 4057 995 4108 sunt
1017 4047 1152 4109 casuales
1174 4049 1296 4116 iormae,
1321 4066 1394 4127 quo·

105 4146 182 4204 uiam
203 4147 373 4206 invenimus
402 4150 571 4208 varietatem
593 4151 624 4208 in
647 4148 774 4210 casibus.
810 4150 968 4230 aliquando
990 4151 1155 4210 invenimus
1177 4130 1348 4231 monoptota
1376 4178 1396 4213 s

104 4245 262 4325 aliquando
284 4248 313 4306 in
337 4256 485 4323 quattuor.
531 4249 586 4310 hae
609 4259 708 4311 autem
731 4251 915 4313 differentiae
938 4271 997 4313 non
1018 4251 1054 4312 ad
1078 4253 1306 4315 declinationem
1327 4273 1396 4333 per·

174 4484 469 4541 cahom..a,add.a
559 4490 638 4539 bsed
657 4506 703 4556 per
722 4491 806 4555 ipsum
825 4490 912 4542 ABG
992 4492 1088 4543 8dieti
1111 4508 1156 4542 oar.
1177 4493 1216 4551 B,
1234 4491 1326 4541 adea

107 4556 139 4607 15
154 4554 293 4619 singularis
311 4556 384 4605 Bca
404 4558 428 4603 iu
453 4558 578 4621 singulari
598 4560 622 4608 A
694 4560 829 4611 ldotncio
851 4561 1258 4627 ablatiuiABcol'dciopl'iC
1328 4560 1396 4611 laune

104 4626 206 4674 doctum
226 4639 240 4671 o
261 4625 332 4672 docte
346 4635 370 4674 et
389 4625 435 4674 laos
453 4627 541 4675 doctos
559 4642 573 4675 o
591 4630 657 4678 docti
676 4647 720 4680 ora.
738 4630 823 4680 ABG
909 4631 942 4681 ’23
961 4631 1073 4681 officium
1094 4637 1117 4680 Α
1207 4632 1238 4679 27
1258 4631 1398 4680 inueniric

104 4696 220 4743 inuenire
238 4694 322 4743 ABG
373 4697 406 4745 29
425 4708 449 4746 ut
468 4709 505 4745 est
524 4697 568 4745 illo
586 4712 719 4762 praesente
737 4702 838 4764 suscepi
859 4702 986 4751 ablaticus
1006 4711 1109 4752 estnon
1128 4714 1212 4751 tamen
1231 4700 1278 4750 hoc
1296 4711 1335 4749 εει
1353 4701 1396 4751 illo

104 4771 239 4830 praesente
257 4765 353 4828 suscipi
376 4781 433 4814 nam
452 4768 475 4813 Α
562 4768 593 4818 31
616 4773 717 4831 quaudo
740 4781 824 4820 autem
842 4771 901 4820 dico
920 4770 1011 4821 abillo
1027 4782 1162 4837 praesente
1180 4787 1225 4820 om.
1244 4771 1278 4829 A,
1298 4770 1358 4819 add.
1379 4789 1396 4820 a

172 4832 207 4883 35
226 4835 428 4883 accommodatae
442 4846 499 4884 sunt
517 4839 631 4886 casuales
649 4851 707 4887 sunt
723 4840 819 4889 lormae
838 4842 860 4889 A
930 4841 965 4891 36
980 4850 1040 4904 post
1057 4853 1204 4906 monoptota
1221 4842 1336 4904 reliquae
1351 4842 1396 4891 de·

103 4905 264 4953 emmam
277 4905 420 4965 ocricdues,
437 4915 463 4955 at
480 4909 588 4972 videtur,
607 4909 732 4960 iudicatae
746 4920 772 4961 et
788 4912 905 4968 definitae
917 4912 1030 4975 [amat.
1057 4913 1143 4978 itaque
1161 4913 1274 4961 lacunam
1286 4911 1396 4966 abdicavi
