3346 5498
657 396 900 487 counnurvu,
1360 396 1424 460 289

1238 505 1398 558 puto-³212.

128 585 167 645 ad
198 583 316 644 modum
345 587 376 644 in
404 583 498 644 solnta
526 585 658 644 oratione
686 585 793 646 dicitur
821 584 1030 645 barbarismus.
1075 584 1145 662 quid
1174 586 1199 643 si
1227 585 1258 643 in
1287 592 1423 663 poemate

128 687 200 746 liat?
222 688 279 746 iarn
303 704 362 745 non
385 684 493 746 dicitur
516 685 717 756 soloecismus,
741 686 793 746 sed
817 685 924 746 dicitur
950 684 1078 744 schema.
1123 704 1181 763 quo
1210 684 1298 745 modo
1325 693 1422 747 autem

128 791 182 849 frat
208 786 416 856 soloecismus,
446 806 504 868 quo
532 787 619 848 modo
647 789 697 847 dat
723 787 855 856 schema,
893 807 928 847 ex
958 787 1066 847 affectu
1093 770 1251 849 scribentis
1280 788 1424 849 debemus

129 907 304 966 agnoscere.
329 891 352 947 si
369 891 529 950 necessitas
544 891 632 950 metri
648 891 726 967 cogit
740 898 774 951 ut
787 892 827 951 ita
842 890 938 959 iaciat,
953 889 1071 950 schema
1089 898 1148 959 est;
1174 892 1198 950 si
1221 898 1319 951 autem
1336 892 1422 950 etiam

100 994 196 1053 ssine
219 993 395 1052 necessitate
418 994 506 1052 metri
527 998 626 1070 potest
646 989 695 1051 illa
718 1010 768 1052 res
790 992 858 1061 dici,
882 1000 1003 1071 apparet
1025 1009 1090 1051 esse
1104 990 1311 1053 soloecismum
1338 993 1424 1052 etiam

128 1094 162 1154 in
186 1112 283 1154 versu.
328 1099 399 1170 quot
422 1092 527 1161 modis,
551 1093 604 1162 ait,
628 1095 703 1153 liunt
725 1092 1066 1154 soloecismit'llonatus
1091 1092 1208 1172 redegit
1230 1112 1261 1154 se
1284 1093 1321 1154 ad
1343 1104 1495 1164 sum-tto,
1509 1105 1540 1153 tn

129 1213 210 1256 mam
239 1194 412 1255 brevitatem
449 1202 479 1254 et
506 1194 579 1254 dixit
607 1193 742 1255 ‘duobus
770 1197 912 1256 tantum'.
958 1194 1090 1255 Lucilius
1117 1203 1214 1256 autem
1243 1195 1315 1255 «tint
1338 1197 1424 1256 ‘cen-

131 1301 211 1358 tnm'
236 1304 265 1356 et
288 1297 472 1357 enumeravit
493 1315 612 1357 omnes:
642 1304 722 1358 extat
749 1296 823 1357 liber
845 1298 952 1376 ipsius,
982 1294 1052 1357 dicit
1078 1295 1153 1357 illud
1177 1307 1206 1358 et
1227 1295 1310 1357 illud.
1356 1315 1423 1357 nam

130 1400 174 1460 ait
195 1400 247 1468 sic,

87 1518 116 1555 ιο
285 1500 378 1560 adde
402 1498 668 1561 soloecismum
691 1518 826 1578 genera
850 1507 960 1580 atque
981 1499 1161 1561 vocabula
1184 1509 1344 1570 centnm,

132 1612 163 1664 et
190 1609 314 1662 currunt
335 1605 398 1682 ipsa
428 1600 568 1662 vocabula
596 1600 732 1662 versibus
763 1603 881 1682 scriptis
913 1610 991 1669 arte,
1027 1611 1056 1662 et
1088 1601 1131 1662 ibi
1163 1605 1344 1663 enumeravit
1375 1602 1424 1662 illa

131 1705 241 1764 omnia.
286 1706 407 1764 interim
430 1705 486 1764 iste
508 1702 639 1763 breviter
662 1705 788 1773 strinxit,
813 1706 926 1763 ‘omnis
949 1701 1143 1764 soloecismus
1169 1704 1202 1763 iit
1223 1703 1339 1765 duobus
1361 1723 1424 1765 mo·

130 1805 186 1879 dis,
210 1813 260 1866 aut
282 1823 337 1885 per
358 1812 457 1884 partes
480 1806 621 1865 orationis
642 1817 693 1865 aut
715 1823 768 1883 per
790 1804 953 1865 accidentia
976 1807 1105 1883 partium
1127 1807 1303 1876 orationis',
1326 1805 1355 1865 id
1380 1813 1426 1866 est

130 1908 244 1968 duobos
258 1915 383 1968 tantum.
411 1908 532 1967 interim
548 1915 706 1986 antequam
722 1913 881 1967 tractemus
903 1906 940 1965 de
962 1907 1025 1966 istis
1048 1904 1162 1968 duabus
1184 1906 1327 1987 partibus,
1350 1907 1425 1978 vide,

87 2028 119 2068 15
138 2009 208 2089 quid
229 2011 261 2069 in
284 2011 430 2089 principio
453 2016 566 2070 tractat.

216 2112 294 2189 lngo
323 2109 514 2172 soloecismus
543 2119 588 2171 est
615 2112 714 2170 vitium
742 2109 852 2169 iactum
879 2112 909 2169 in
938 2117 1077 2171 contextu
1109 2113 1237 2189 partium
1265 2099 1417 2173 orationis.
1434 2123 1521 2185 44ιρ

131 2213 202 2291 quid
226 2215 317 2292 ergo?
348 2232 406 2273 non
430 2214 462 2272 lit
483 2208 675 2272 soloecismus
697 2213 785 2273 etiam
802 2210 806 2291 l
823 2214 854 2272 in
876 2231 935 2272 una
957 2221 1041 2292 parte
1064 2214 1224 2274 orationis?
1251 2213 1330 2285 dicit,
1355 2235 1424 2277 non.

130 2315 184 2376 sed
207 2314 283 2375 dabo
307 2315 505 2383 elocutiones
535 2331 611 2393 quoe
643 2312 827 2373 elocutiones
849 2315 936 2375 etiam
966 2315 995 2374 in
1023 2314 1148 2393 singulis
1169 2323 1307 2377 constant
1328 2316 1425 2377 verbis

132 2425 163 2477 et
189 2415 281 2477 nilrilo
311 2419 408 2477 minus
436 2414 627 2476 soloecismos
654 2417 774 2480 iaciunt.
819 2434 878 2496 quo
905 2416 995 2476 modo
1024 2434 1095 2494 ergo
1125 2416 1199 2477 dicis
1227 2421 1364 2498 quoniam
1394 2420 1424 2478 in

84 2518 257 2598 sosingulis
284 2517 383 2578 verbis
412 2537 471 2578 non
500 2524 569 2577 sunt
591 2516 777 2578 soloecismi?
811 2536 879 2578 cum
902 2519 1085 2579 inveniamus
1115 2518 1172 2580 lale
1200 2518 1325 2598 aliquid,
1354 2528 1424 2600 puta

132 2620 211 2680 videt
233 2621 336 2685 nescio
363 2621 413 2699 qui
437 2616 601 2679 masculum
624 2619 774 2680 hominem
799 2627 828 2679 et
856 2618 927 2680 dicit
954 2620 1045 2689 hanc;
1077 2639 1145 2681 ecee
1173 2621 1249 2681 lianc
1277 2641 1426 2702 unapars

131 2724 274 2783 orationis
297 2730 341 2782 est
363 2731 392 2783 et
414 2718 506 2781 nihilo
530 2723 628 2781 minus
650 2722 843 2782 soloecismus
866 2728 920 2781 est
951 2721 1020 2800 quid
1044 2722 1117 2782 dicis
1146 2724 1235 2800 ergo?
1259 2725 1301 2783 vis
1322 2726 1424 2786 vitium

130 2823 341 2884 soloecismum
364 2841 428 2883 esse
449 2831 501 2882 aut
523 2821 761 2884 barbarismum?
783 2824 949 2901 interrogat
970 2832 999 2884 te
1022 2826 1120 2886 nescio
1144 2827 1193 2904 qui
1217 2824 1287 2904 ‘quo
1302 2826 1423 2893 vadisl’.

131 2933 162 2986 et
183 2933 215 2986 tu
239 2924 313 2985 diois
335 2926 451 2984 ‘intus'
479 2942 535 3002 pro
564 2943 599 2984 eu
622 2923 699 3003 quod
723 2932 768 2985 est
791 2926 916 2994 ‘intro',
946 2943 1016 2985 occe
1044 2944 1194 3005 unapars
1217 2933 1262 2986 est
1284 2928 1425 2988 orationis

88 3027 245 3087 ssvitioso.
290 3035 359 3105 puta
383 3029 457 3106 ‘quo
481 3025 597 3087 vadisl’
627 3025 755 3087 ‘Roma'
782 3045 838 3106 pro
867 3045 903 3086 eo
934 3027 1012 3104 quod
1039 3035 1085 3087 est
1106 3027 1244 3111 Romam,
1275 3046 1344 3089 ecce
1367 3047 1424 3089 nno

130 3147 202 3208 pars
224 3137 269 3188 est
290 3130 432 3189 orationis
454 3128 565 3187 vitiosa.
598 3135 648 3187 aut
668 3137 740 3207 puta
763 3127 899 3189 salutavit
920 3137 950 3187 te
974 3147 1058 3198 unus,
1082 3137 1112 3189 et
1134 3129 1214 3189 dicas
1229 3128 1272 3188 illi
1294 3128 1422 3199 ‘valete'‚

132 3250 202 3292 ecce
229 3250 289 3291 nna
317 3249 387 3310 pars
416 3237 460 3289 est
491 3231 635 3290 orationis
663 3232 775 3290 vitiosa.
821 3227 890 3306 quid
919 3246 990 3306 ergo
1019 3230 1153 3290 dicemus
1181 3231 1217 3290 de
1244 3232 1308 3290 istis
1330 3233 1424 3292 vitiis?
1485 3234 1496 3251 “

131 3331 291 3412 numquid,
321 3333 460 3411 quoniam
489 3333 519 3390 in
547 3321 670 3408 singulis
697 3330 831 3409 partibus
858 3333 1000 3391 orationis
1023 3340 1107 3399 sunt,
1136 3352 1195 3393 non
1219 3341 1307 3394 erunt
1329 3332 1424 3395 soloe·

132 3435 233 3495 cisun?
269 3433 342 3493 dixit
363 3435 420 3493 iste
443 3452 506 3493 rem
529 3434 687 3511 optimam:
727 3430 895 3493 soloecismi
917 3440 999 3502 sunt,
1030 3435 1055 3493 si
1083 3435 1189 3511 iungas
1215 3435 1425 3513 interrogantis

93 3559 118 3597 ao
132 3545 162 3596 et
183 3536 391 3616 respondentis
414 3534 518 3602 verlva;
544 3553 580 3594 ex
602 3536 810 3595 coniunctione
830 3536 1073 3613 interrogationis
1095 3543 1125 3595 et
1142 3538 1344 3615 responsionis
1365 3540 1424 3598 iam

131 3640 236 3718 incipit
262 3657 323 3698 non
351 3633 433 3697 nnus'
458 3654 521 3696 esse
543 3654 656 3705 sermo,
682 3636 734 3696 sed
758 3638 842 3716 quasi
864 3645 1021 3698 contextus
1048 3656 1155 3698 sermo.
1201 3639 1320 3718 quando
1343 3642 1424 3700 simi·

130 3740 197 3801 liter
221 3741 328 3800 dieitur
352 3740 428 3817 ‘quo
451 3738 576 3807 vadisl’,
602 3746 631 3798 et
652 3746 683 3798 tu
707 3737 787 3798 dicas
810 3739 967 3807 ‘Romae',
991 3747 1084 3800 toturn
1107 3739 1164 3799 hoc
1186 3741 1292 3819 iunge,
1316 3749 1345 3802 et
1366 3743 1423 3802 iam

132 3861 191 3903 non
214 3852 338 3902 estune
366 3860 436 3920 pars
465 3841 615 3907 orationis,
640 3838 692 3900 sed
716 3837 721 3920 Ι
744 3839 854 3901 multae
877 3848 946 3900 sunt
967 3850 1080 3921 partes,
1111 3850 1140 3902 et
1166 3843 1196 3902 in
1225 3844 1298 3922 ipsis
1325 3842 1425 3905 multis

131 3945 235 4004 vitium
257 3945 366 4003 iactum
391 3952 450 4010 est;
475 3961 545 4020 ergo
568 3941 762 4002 soloecismus
785 3950 837 4003 est.
883 3941 952 4002 dicit
982 3945 1060 4003 enim
1084 3942 1296 4005 ‘soloecismus
1319 3953 1362 4006 est
1383 3948 1425 4006 vi·

91 4067 118 4105 ss
133 4048 206 4106 tium
229 4047 339 4106 lactum
361 4047 391 4105 in
415 4051 552 4104 contextu
576 4043 704 4121 partium
728 4045 896 4104 orationis'.
942 4045 1017 4105 adde
1045 4047 1133 4107 etiam
1161 4055 1193 4107 tn
1222 4045 1331 4125 aliquid
1355 4046 1424 4109 vali-

132 4148 207 4208 dius.
252 4149 333 4207 intus
355 4145 478 4206 latinum
502 4133 554 4209 est.
584 4164 620 4206 an
645 4147 721 4206 non?
757 4145 870 4206 Rornae
898 4143 1019 4206 latinum
1050 4154 1110 4216 est,
1141 4167 1178 4208 an
1201 4150 1280 4209 non?
1315 4148 1425 4210 salvete

202 4320 218 4366 2
236 4318 362 4380 quomodo
382 4327 464 4365 alitem
484 4316 527 4364 liat
546 4316 711 4365 soloecismus
731 4317 858 4379 quomodo
879 4315 923 4364 tint
941 4316 1044 4364 seluemo
1062 4316 1084 4365 S
1101 4319 1228 4381 quomodo
1246 4327 1329 4367 utitem
1350 4317 1424 4368 iaciat

132 4388 299 4438 soloecismus
319 4388 446 4448 qnoruodo
463 4386 539 4435 iaciat
556 4384 643 4449 (iaciat
660 4400 707 4434 om.
726 4387 754 4449 e)
772 4386 874 4434 schema
891 4386 950 4450 rte,
968 4402 1014 4433 our.
1036 4386 1056 4436 G
1074 4389 1200 4448 quomodo
1218 4399 1300 4438 antem
1321 4391 1363 4438 liet
1382 4403 1424 4437 so-

131 4457 413 4520 loecismnsqnornodo
432 4471 516 4506 scema
536 4456 559 4503 P
626 4455 847 4520 drodigitBCS
915 4455 1054 4504 ilueilins
1074 4456 1114 4506 Cir
1133 4457 1370 4507 lntiliusBlneins
1389 4459 1424 4508 S:

131 4529 214 4576 lucius
229 4529 262 4576 nir
282 4528 317 4574 d'
336 4525 373 4588 (d.
388 4542 411 4574 e,
431 4527 507 4588 dixit)
524 4534 548 4574 rt
567 4534 682 4574 numemt
699 4541 787 4575 omnes
806 4535 895 4575 extans
913 4524 975 4572 liber
993 4527 1074 4589 ipsius
1093 4527 1154 4576 dicit
1174 4528 1235 4576 illud
1254 4542 1311 4575 num
1332 4527 1367 4575 nit
1387 4529 1424 4575 sir

132 4599 198 4647 adde
213 4597 391 4648 soloecismum
411 4612 506 4662 genem
523 4606 598 4659 atque
614 4596 736 4646 uocabulo
755 4605 779 4644 et
796 4604 898 4643 currunt
913 4596 948 4650 12„
971 4616 974 4621 ’
1006 4596 1023 4644 8
1040 4599 1176 4645 enumerari
1192 4598 1217 4646 B
1235 4606 1366 4645 enrrmerut
1381 4597 1426 4645 GS

203 4669 236 4719 10
254 4667 321 4715 udde
342 4666 492 4716 soloecismo
511 4665 555 4716 CS
576 4667 642 4714 nvlde
664 4665 869 4714 soloecismosB
939 4664 969 4714 il
989 4675 1094 4714 currunt
1111 4666 1152 4716 ct
1176 4668 1252 4714 currit
1268 4665 1324 4714 ns
1392 4667 1424 4717 ll

131 4736 385 4786 dnobrrsom.BCS
454 4736 488 4785 26
505 4735 625 4784 salutabit
643 4743 667 4783 te
683 4731 840 4784 rinusBCS
855 4734 950 4782 saintes
970 4737 1086 4785 unnml’
1153 4734 1185 4787 31
1207 4734 1423 4801 similiter]simul

132 4807 208 4858 Bcs
278 4806 311 4858 36
330 4816 373 4854 ant
392 4821 441 4854 non
456 4821 541 4854 romae
561 4805 665 4854 latinum
683 4813 722 4853 est
739 4813 782 4851 not
800 4818 848 4852 non
869 4803 965 4852 snlnete
987 4805 1091 4854 latinum
1112 4813 1150 4854 est
1168 4813 1212 4854 evit
1231 4820 1280 4854 non
1296 4804 1316 4854 S
1333 4815 1423 4855 utnon

132 4893 218 4927 rumne
242 4877 345 4925 latinum
365 4885 403 4924 est
422 4887 446 4923 nt
466 4892 514 4924 tion
534 4875 630 4924 saincte
649 4874 752 4923 latinum
769 4881 807 4921 est
824 4882 849 4920 ut
867 4887 916 4920 non
935 4873 988 4924 Bc

184 4967 360 5010 onuunmnu
378 4967 466 5009 manu
482 4967 508 5007 v.
1183 4959 1222 5024 19
