3346 5498
1264 1211 1284 1250 μ.
1300 1199 1342 1238 127.
1356 1200 1381 1237 28
1396 1197 1420 1237 l.

223 1293 518 1388 FRAGMENTVM
547 1294 753 1389 nuutnusn
778 1295 835 1389 EE
861 1293 1023 1390 MlMlME
1050 1295 1103 1389 El
1130 1294 1379 1390 ruutuutnn

694 1667 743 1729 DE
765 1667 911 1731 NOMINE

242 1802 314 1862 Nam
343 1801 470 1880 legimus
500 1803 576 1882 apud
605 1802 776 1863 Lucretium
805 1813 835 1863 et
864 1802 1027 1881 Vergilium
1054 1804 1191 1864 ‘terrai
1226 1805 1447 1882 irngiierai'

158 1923 212 1982 pro
234 1912 332 1964 terrae
355 1906 517 1982 frugiferae
541 1913 570 1964 et
593 1904 709 1964 ‘aulai
733 1905 869 1965 medio’
891 1904 1059 1984 proauiae,
1083 1905 1209 1985 ‘atquc
1232 1909 1337 1966 aurai
1360 1908 1447 1968 sim·

132 2002 272 2083 aplieis
300 2008 442 2082 igncm'
470 2025 525 2085 pro
552 2024 657 2075 aurae,
687 2008 758 2066 item
786 2006 908 2067 ‘dives
934 2009 1052 2086 pictai
1081 2008 1217 2067 vestis'
1251 2026 1306 2086 pro
1333 2009 1447 2086 pictae;

157 2107 234 2185 apud
258 2106 419 2167 Salustium
442 2127 558 2187 quoque
580 2107 746 2167 ‘duobus
768 2110 889 2168 senati
913 2107 1115 2170 consultis’
1138 2128 1192 2188 pru
1213 2116 1348 2178 senatus;
1371 2109 1448 2188 apud

158 2207 331 2268 Terentium
360 2212 450 2269 etiam
478 2208 592 2269 ‘nihil
623 2212 762 2279 ornati,
796 2208 892 2271 nihii
919 2209 1102 2280 tumulti’,
1136 2213 1207 2270 item
1235 2211 1336 2268 ‘eius
1364 2211 1448 2270 anui

158 2313 284 2370 cansa'
318 2329 371 2388 pro
403 2319 525 2370 ornatus
557 2309 701 2371 tumultus
729 2330 818 2379 anus:
852 2313 923 2372 item
951 2312 1028 2390 apud
1055 2310 1219 2389 Vergilium
1247 2309 1362 2370 ‘lihra
1391 2311 1448 2369 die

158 2414 373 2490 somnique'
401 2430 456 2491 pro
485 2413 560 2483 dici,
591 2422 620 2472 et
648 2412 725 2492 apud
754 2411 915 2474 Salustium
938 2412 1145 2473 ‘dubitavit
1167 2415 1246 2472 acie
1269 2415 1372 2490 pars’
1394 2430 1449 2491 pro

120 2514 243 2571 roncini.
288 2513 340 2572 sed
369 2513 442 2573 haec
470 2516 567 2574 omnia
598 2515 766 2594 usurpando
789 2515 949 2576 vindicavit
970 2513 1028 2575 sibi
1051 2522 1195 2581 vetustas,
1217 2516 1377 2593 posteritas
1399 2533 1448 2573 ex·

159 2614 257 2692 plosit.
304 2619 400 2676 omnis
422 2617 512 2676 etiam
535 2619 732 2678 nominativus
755 2617 902 2678 secundae
926 2614 1132 2677 declinationis
1155 2634 1189 2675 us
1211 2633 1285 2694 pura
1309 2617 1448 2676 termina·

159 2724 206 2775 tus
228 2718 425 2794 praecedente
456 2720 464 2776 i
497 2715 595 2778 littera
624 2720 786 2796 genitivum
816 2737 901 2778 suum
930 2736 984 2796 per
1006 2717 1078 2778 duas
1101 2720 1110 2775 i
1133 2717 1261 2795 prolerri
1285 2717 1376 2776 iaciat
1398 2734 1448 2775 ne·

159 2835 241 2874 cesse
266 2827 325 2887 est,
350 2838 386 2878 rie
409 2821 555 2879 minorem
578 2839 644 2880 eum
669 2818 775 2879 lrabeat
798 2838 922 2879 numero
937 2816 1126 2897 syllabarum,
1150 2835 1215 2875 cum
1239 2815 1283 2874 vel
1306 2835 1448 2895 superare

159 2920 308 2990 genitivus
331 2919 374 2977 vel
398 2929 479 2979 reverte
503 2920 611 2980 debeat
632 2921 798 3000 adaequare
822 2921 1034 2980 nominativum
1056 2937 1157 2986 suum,
1181 2925 1213 2977 ut
1229 2916 1368 2978 Horatius
1391 2917 1449 2977 Ho-

123 3037 146 3074 m
160 3022 241 3079 ratii.
273 3020 411 3079 similiter
434 3028 463 3079 et
485 3029 589 3081 neutra
613 3021 745 3080 eiusdem
769 3020 975 3081 declinationis
997 3038 1073 3099 quae
1096 3022 1105 3078 i
1129 3017 1287 3077 habuerint
1309 3027 1376 3078 ante
1399 3037 1450 3078 nm

159 3122 352 3196 genrinabnnt
380 3124 390 3180 i
419 3121 546 3181 litteram
576 3121 614 3180 ol)
643 3121 767 3181 carrdem
796 3124 957 3191 rationem,
985 3129 1017 3182 nt
1040 3118 1142 3181 solium
1165 3118 1244 3188 totit,
1268 3122 1361 3180 otium
1384 3123 1448 3190 otii,

161 3226 309 3300 tragurium
334 3225 460 3298 tugurii,
490 3221 638 3301 peculium
662 3221 787 3301 peculii,
816 3222 886 3282 iicet
908 3222 980 3283 haec
1004 3224 1165 3302 antiquitas
1187 3238 1241 3300 per
1262 3214 1448 3302 ἄποκοπήν,

160 3326 188 3383 id
213 3332 258 3383 est
281 3323 374 3382 arblata
398 3325 406 3380 i
430 3321 544 3392 littera,
568 3325 781 3391 enuntiaverit,
805 3332 837 3384 ut
852 3326 916 3403 ipse
932 3323 968 3383 de
984 3343 1016 3384 sc
1032 3324 1170 3385 Horatius
1193 3324 1305 3382 ‘vatis
1320 3307 1448 3383 Horati

159 3444 355 3484 inemorem
379 3424 581 3503 sepulchro
610 3424 735 3503 scalpe
759 3423 1003 3505 quelrellam’,
1028 3425 1174 3503 Vergilius
1197 3426 1393 3503 ‘pauperis
1415 3432 1451 3484 ct

121 3528 287 3601 aotuguri
311 3534 526 3601 eringestum
549 3530 631 3594 est’,
655 3527 725 3586 item

161 3699 363 3770 Frnqmentum
386 3701 422 3753 de
443 3702 554 3754 nomine
576 3705 604 3754 et
623 3703 792 3770 pronomine
813 3702 892 3755 initio
907 3702 1065 3756 mutilatum
1088 3714 1103 3752 e
1125 3700 1223 3754 codiee
1247 3698 1452 3755 Vindobonensi

248 3784 284 3838 17
309 3786 372 3839 olim
388 3783 524 3839 Rodiensi
544 3800 623 3839 succ.
640 3782 693 3838 VMl
712 3783 880 3856 s.11—14
903 3785 1007 3840 editum
1030 3787 1122 3840 estin
1145 3785 1288 3839 analectis
1307 3800 1449 3856 dramma-

246 3871 309 3923 licis
340 3869 521 3924 Vindobonoe
542 3887 570 3923 a.
597 3867 675 3924 1837
694 3885 728 3939 p.
746 3868 921 3925 127—141.
945 3870 1094 3939 adscripta
1117 3875 1160 3923 est
1181 3868 1380 3938 discrepantia
1403 3883 1450 3924 co·

244 3954 316 4007 (licia
332 3952 481 4008 Rodiensis
503 3953 557 4020 (B)
1206 3966 1214 3981 ·

230 4191 296 4236 'ins
316 4201 412 4235 nonina
429 4202 475 4234 orn.
496 4185 521 4234 B
590 4186 606 4236 3
624 4187 700 4236 terrai
720 4185 854 4251 irngiierai
874 4187 971 4236 Ennius
992 4187 1017 4234 in
1035 4185 1170 4235 annalibus
1186 4183 1315 4235 chanana
1333 4199 1360 4246 p.
1380 4183 1447 4246 lat

161 4257 294 4321 irrrgil'erai
318 4256 414 4304 Ennius
440 4257 464 4302 iu
490 4253 623 4304 annalibus
647 4272 704 4307 eme.
731 4256 806 4306 Clrur.
829 4273 857 4321 ρ.
879 4257 946 4316 538,
964 4257 1011 4305 27:
1040 4257 1074 4319 es.
1096 4255 1161 4304 Ena.
1188 4256 1274 4308 annul.
1297 4271 1320 4304 v.
1341 4253 1393 4301 4711
1409 4253 1451 4302 ed.

165 4329 240 4378 Valet.
263 4325 375 4375 Larmetii
387 4327 502 4386 excerpta
519 4326 603 4374 mouit
622 4326 769 4375 Priscianus
781 4328 798 4375 l.
814 4325 857 4374 Vll
872 4341 900 4388 p.
920 4325 980 4385 285,
995 4324 1011 4374 7
1082 4322 1222 4390 imgeierai
1240 4323 1266 4373 B
1335 4322 1350 4371 4
1370 4317 1448 4385 aulai]

165 4400 242 4459 Vera).
263 4397 327 4446 Aen.
347 4394 446 4444 111354
531 4393 617 4463 atque]
642 4398 721 4460 Vero.
742 4395 807 4448 Aen.
827 4395 929 4445 71717
1003 4390 1122 4459 [odires]
1149 4395 1227 4457 Vera.
1247 4391 1313 4441 Aen.
1332 4390 1400 4440 Vllll
1418 4392 1452 4439 26

212 4467 229 4514 o
248 4466 316 4528 aprrd
330 4461 479 4529 Salustium]
499 4464 573 4515 Cutil.
588 4465 621 4515 au
636 4465 736 4514 duobns
754 4465 835 4513 senati
855 4464 978 4513 decretis:
996 4465 1031 4518 εἰ.
1044 4463 1142 4513 Choria.
1153 4478 1179 4526 ρ.
1196 4464 1239 4525 22,
1254 4461 1286 4511 18
1304 4476 1362 4510 eoec.
1376 4459 1450 4510 clar.

160 4549 187 4595 p.
200 4533 309 4597 531112
381 4532 489 4597 7nil1il]
509 4533 611 4588 Terent,
626 4535 708 4587 Andr.
729 4536 749 4584 ll
769 4537 794 4596 ¹2,
809 4532 843 4584 28
913 4530 979 4597 elue]
996 4535 1096 4586 Terent.
1113 4533 1238 4584 Heauton.
1257 4532 1308 4580 tim.
1326 4531 1347 4578 11
1366 4527 1399 4587 3,
1418 4527 1452 4577 48

213 4607 273 4652 antri
283 4605 309 4653 B
322 4605 395 4652 antris
405 4604 534 4653 Glramaina
544 4618 571 4665 p.
587 4605 630 4662 54,
642 4603 675 4655 31
729 4604 746 4653 8
764 4600 840 4669 libra]
861 4604 940 4666 Very.
954 4602 1065 4668 neceni
1083 4601 1135 4652 208
1184 4600 1201 4650 9
1218 4600 1286 4665 apud
1299 4594 1449 4661 Salustium]

162 4673 185 4719 in
206 4673 317 4722 historiis
335 4675 460 4723 l’ra'am'an.
480 4676 495 4721 l.
515 4673 559 4720 Vll
577 4689 603 4736 p.
622 4672 724 4738 367,ss
795 4674 829 4723 10
846 4668 920 4738 aciei]
942 4673 996 4720 aeni
1014 4672 1039 4722 B
1111 4670 1142 4722 18
1161 4667 1291 4733 Horatius]
1312 4683 1390 4719 carra.
1409 4668 1452 4717 HM

161 4744 187 4802 u,
202 4743 235 4790 43
256 4744 353 4792 reddidi
373 4758 472 4791 carmen
489 4742 580 4792 docilis
598 4743 730 4793 modorum
745 4745 811 4792 vatia
824 4743 910 4792 Horati
929 4740 960 4790 111
980 4740 1022 4804 11,
1036 4741 1068 4791 at
1088 4742 1166 4790 nostri
1182 4754 1316 4789 memorem
1335 4736 1452 4803 sepulcro

162 4810 248 4875 scalpe
265 4813 401 4875 querellam
465 4813 497 4862 ta
515 4824 644 4863 manerem
662 4812 688 4862 B
757 4808 888 4878 pauperie]
914 4810 995 4876 Vera.
1015 4809 1096 4864 huoi.
1117 4809 1142 4872 1,
1159 4811 1194 4863 69

1183 4890 1340 4958 aa*-
