3346 5498
137 381 200 444 572
590 382 638 443 bu
662 382 786 444 uvalis
808 381 1015 444 NOMlNlBVS

221 572 333 647 Anguis
359 572 478 646 generis
505 569 676 637 masculini,
706 577 738 629 ut
766 568 909 645 Virgilius
940 568 1097 628 ‘inimicus
1124 569 1269 627 inmensis
1296 563 1428 625 orbibus

138 673 272 748 anguis’.

221 772 316 833 Ardor
338 775 457 850 generis
480 774 651 833 masculini:
680 773 730 833 bic
753 772 842 833 ardor
860 770 1022 833 'dicendum
1045 780 1074 831 et
1095 771 1125 831 bi
1149 770 1281 831 ardores.

221 875 389 934 Archanum
412 877 531 952 generis
554 877 669 943 neutri,
693 875 747 935 bac
770 875 931 935 archanum
954 881 984 934 et
1006 873 1078 934 baec
1101 873 1238 933 archana.

220 975 350 1052 Ambage
380 980 499 1053 generis
527 977 678 1044 seminini,
703 984 736 1036 ut
757 976 937 1037 Prudentius
961 973 1053 1053 (calb.
1077 972 1106 1045 6,
1129 971 1181 1055 48)
1205 972 1345 1050 ‘ambage
1369 972 1456 1033 lai-a

135 1077 169 1137 lit
191 1082 284 1137 atra'.

221 1178 315 1238 Aedes
338 1181 457 1256 generis
479 1181 632 1248 feminini,
657 1183 748 1241 etita
771 1180 807 1240 de
830 1182 918 1240 domo
940 1178 1108 1240 dicendum.

218 1283 298 1359 Apes
321 1284 441 1358 generis
462 1282 636 1342 masculini:
660 1282 708 1342 hic
731 1299 806 1360 apex
828 1281 996 1342 dicendum.

218 1385 342 1470 Antrum
365 1385 484 1460 generis
507 1386 620 1453 neutri,
644 1385 714 1462 quia
735 1383 892 1462 pluraliter
914 1391 997 1445 antra
1020 1382 1170 1442 dicuntur.

218 1487 349 1543 Acumen
371 1488 490 1562 generis
513 1487 627 1554 neutri;
649 1485 805 1563 pluraliter
828 1503 897 1545 vero
918 1487 1054 1546 acumina
1077 1484 1226 1543 dicuntur.
1441 1504 1470 1545 ιο

218 1585 342 1654 Bracae,
366 1604 425 1646 non
448 1575 567 1656 braces,
592 1594 623 1646 ut
645 1586 747 1647 Livius
769 1587 917 1666 ‘laxisque
938 1585 1065 1646 bracis'.

218 1686 312 1746 Ranae
328 1687 445 1756 multae,
463 1688 535 1749 baca
551 1707 617 1757 una,
635 1697 666 1748 ut
681 1688 824 1766 Virgilius
842 1686 881 1764 (g.
899 1684 1012 1766 11519)
1030 1687 1155 1747 ‘teritur
1170 1686 1300 1745 Sicionia
1317 1682 1424 1744 baca’.

217 1787 358 1848 Bnculnm
381 1796 412 1847 et
435 1789 547 1858 baculi,
571 1792 640 1868 quia
664 1790 820 1850 masculini
836 1791 956 1867 generis
972 1797 1027 1848 est.
1058 1806 1125 1849 nam
1141 1787 1261 1866 quidam
1277 1786 1424 1846 dixertmt

132 1889 229 1950 bacilli
254 1899 284 1949 et
306 1889 420 1950 bacilla.

216 1990 314 2050 Babae
337 1994 441 2052 vitiose
465 1992 590 2063 dicitur,
619 1993 670 2052 sed
694 2012 786 2071 papae
810 1994 985 2061 dicendum,
1009 1995 1085 2052 sicut
1107 1992 1199 2051 Varro
1221 1993 1251 2050 in
1275 1992 1378 2050 satira.
1444 2016 1470 2052 rs

216 2092 342 2152 Balneas
365 2096 479 2172 antiqui
503 2095 656 2164 dixerunt,
681 2112 760 2154 nunc
784 2097 881 2154 neutri
905 2097 1024 2171 generis
1047 2094 1183 2154 balneum
1207 2101 1236 2152 et
1260 2091 1377 2152 balnea.

215 2194 347 2253 Ramnes
370 2194 543 2263 dicendum,
568 2199 645 2256 sicut
668 2196 773 2257 Cicera
795 2196 831 2256 ad
854 2196 990 2256 Pansam.
1068 2218 1072 2227 ·

215 2294 340 2354 Barbam
363 2296 486 2355 tondere
509 2297 682 2367 dicendum,
706 2317 764 2358 ner]
787 2300 905 2366 lacere,
929 2300 1006 2358 sicut
1027 2298 1129 2356 Varro.
1160 2297 1281 2357 barbani
1304 2298 1424 2375 antiqui

130 2397 323 2474 singulariter
355 2396 507 2466 dicebant,
541 2416 619 2457 nunc
654 2399 825 2476 pluraliter,
862 2407 893 2459 ut
915 2399 1056 2476 Virgilius
1088 2394 1292 2476 (9.111299)
1323 2398 1424 2457 ‘inte-

131 2516 179 2557 rea
204 2499 312 2560 barbas
333 2500 496 2578 incanaque
520 2503 646 2559 menta'.
948 2490 950 2493 ’
1439 2526 1468 2562 aa

214 2602 326 2661 baxeas
348 2600 539 2661 calciamenta
562 2602 756 2671 seminarum,
781 2609 814 2661 ut
834 2601 927 2661 Varro
950 2602 1031 2662 dicit.

214 2703 315 2762 Beavit
343 2702 460 2763 beatum
492 2705 576 2772 lecit,
612 2712 642 2763 et
670 2705 707 2765 ab
735 2704 790 2764 hoc
819 2704 988 2781 benignitas
1010 2704 1103 2770 dicta,
1127 2705 1195 2781 quia
1223 2701 1306 2769 beat,
1341 2704 1424 2762 sicut

131 2805 270 2864 Horatius
295 2803 403 2881 (carne.
430 2805 453 2864 ll
476 2802 509 2874 3,
533 2802 568 2881 6)
599 2809 669 2866 ‘seu
692 2815 721 2865 te
743 2808 774 2865 in
798 2815 912 2866 remoto
935 2807 1068 2883 gramine
1092 2822 1146 2882 per
1168 2803 1231 2861 aies
1254 2804 1346 2862 festus
1370 2823 1421 2862 re-

128 2905 269 2966 clinatum
293 2905 392 2966 bearis
402 2911 422 2966 '.

212 3009 345 3068 Bircnras
374 3007 513 3066 dicebant
541 3010 654 3087 antiqui
682 3027 785 3077 naves,
815 3027 894 3068 riunc
923 3007 1052 3067 biremes
1075 3007 1195 3074 melius,
1220 3016 1251 3066 ut
1273 3006 1421 3084 Virgilius
1437 3035 1463 3071 ss

129 3111 175 3189 (A.
199 3112 211 3170 1
236 3107 305 3188 182)
330 3109 551 3189 ‘Phrygiasque
575 3110 731 3170 biremes'.

212 3213 305 3272 Boves
327 3213 447 3288 generis
469 3213 620 3281 feminini,
646 3222 676 3271 ut
692 3213 834 3289 Virgilius
858 3212 895 3288 (b.
922 3212 948 3281 1,
965 3210 994 3292 9)
1020 3214 1117 3269 ‘meas
1141 3229 1241 3268 errare
1266 3209 1379 3269 batres'.

214 3312 297 3372 Bnbn
334 3315 396 3373 avis
433 3317 552 3390 generis
580 3315 732 3382 seminini,
764 3324 804 3374 -ut
833 3315 975 3392 Virgilius
1011 3311 1061 3389 (A.
1092 3311 1144 3370 llll
1171 3308 1248 3391 462)
1278 3312 1418 3391 ‘solaque

127 3414 307 3475 culminibus
331 3414 416 3474 lerali
439 3418 570 3475 carmine
594 3414 702 3474 bubn’.

196 3620 319 3684 languis
338 3619 402 3671 Non.
424 3616 471 3669 191
544 3586 837 3674 ascensoriorum
909 3619 938 3668 ll
959 3619 1047 3667 bracas
1067 3619 1130 3682 Cap.
1151 3619 1219 3667 2247
1291 3618 1321 3667 14
1340 3619 1419 3667 bacu-

127 3690 178 3736 lum
192 3690 257 3750 Cup.
277 3690 345 3738 ’2247
418 3686 725 3738 lambesitanum
795 3686 829 3735 29
848 3689 915 3737 bubo
933 3688 998 3736 Non.
1019 3688 1066 3737 ltta

197 3877 208 3924 l
233 3878 339 3938 Vergilii
357 3880 493 3940 exerrzplum
511 3892 546 3925 ex
565 3875 669 3934 dualem,
687 3891 752 3939 quae
770 3884 828 3925 aaut
844 3876 914 3939 capital
929 3877 1030 3925 Nonium
1044 3878 1060 3922 l.
1079 3893 1113 3933 e,
1134 3876 1197 3923 Aen.
1214 3875 1280 3922 vat
1301 3874 1415 3924 lubricus

126 3947 216 4009 anguis
234 3954 259 3994 et
275 3947 339 3994 Aen.
353 3947 375 3994 ll
394 3943 444 3994 ’204
462 3946 582 3993 luciensis
598 3946 701 3992 orbibus
719 3959 816 4008 angues
833 3947 965 4012 conflatum
978 3956 1016 3995 eat
1070 3946 1185 3993 immensi
1205 3945 1323 3994 sordibus
1342 3947 1365 3993 L

125 4015 140 4065 3
157 4015 198 4062 bic
216 4016 291 4062 ardor
308 4016 407 4063 dicend'
424 4027 447 4063 et
466 4015 505 4063 bis
524 4015 601 4063 ardus
620 4014 649 4061 M
669 4014 727 4062 binc
746 4016 821 4063 ardor
841 4016 975 4063 dicendum
991 4025 1029 4063 est
1047 4027 1071 4063 et
1088 4018 1125 4062 bis
1146 4016 1257 4063 ardorL
1326 4014 1414 4064 (intra

124 4101 170 4135 om.
192 4085 223 4132 M
291 4084 398 4133 letita
416 4085 447 4132 (le
467 4081 551 4149 danie]
570 4084 637 4132 edita
656 4085 687 4132 de
706 4083 781 4134 ML:
801 4086 873 4134 aedis
892 4086 923 4133 ab
942 4085 1004 4133 aede
1022 4087 1249 4135 emalecitlllera'cus
1301 4084 1414 4149 8Apex

124 4154 308 4203 -dicendum
327 4172 373 4205 ntra.
394 4156 417 4202 L
489 4155 519 4204 11
543 4152 639 4220 braces]
662 4154 744 4202 bracis
764 4154 824 4204 ML
905 4168 930 4202 nt
949 4155 1033 4204 lunius
1054 4154 1100 4204 M:
1120 4154 1190 4205 Ouid.
1210 4157 1273 4202 trial.
1293 4155 1313 4201 V
1334 4154 1358 4214 7,
1379 4157 1414 4205 49

125 4224 231 4288 pellibus
249 4235 273 4273 et
289 4224 356 4273 laxis
375 4234 459 4271 arcent
477 4225 543 4272 mala
563 4223 659 4288 frigora
678 4224 773 4273 braccis
828 4224 929 4287 laxique
949 4224 982 4272 M
1051 4225 1083 4274 12
1103 4239 1152 4272 una
1171 4240 1216 4272 unc
1235 4224 1266 4272 M
1318 4232 1413 4273 teretur

126 4296 184 4345 ML
254 4295 354 4342 eitiunia
373 4296 397 4343 L
470 4294 546 4342 bacae
559 4293 620 4340 ML
691 4291 868 4360 tanacetum]
893 4295 996 4343 baculus
1016 4294 1129 4343 Clericus
1181 4294 1283 4355 qnidam
1302 4293 1412 4355 scripse-

124 4376 180 4413 runt
198 4364 321 4416 dederunt
341 4364 364 4412 L
383 4362 468 4426 qulam
488 4362 598 4427 scripse?
612 4363 653 4410 dd'
674 4362 704 4411 M
776 4364 808 4413 14
827 4364 909 4412 bacilli
930 4374 954 4411 et
974 4364 1066 4411 bucella
1087 4364 1129 4411 M:
1153 4363 1267 4424 fortusse
1292 4362 1411 4411 bacillum

122 4445 146 4481 ct
165 4433 264 4482 bacilla.
283 4449 314 4481 aa
336 4450 401 4496 qrace
418 4442 553 4496 sequuntur
566 4434 655 4481 ordine
673 4441 764 4484 utulate
782 4436 817 4482 ita
835 4436 931 4497 scripta
949 4441 1006 4482 sum
1019 4435 1043 4480 in
1059 4435 1089 4489 L.
1110 4435 1216 4482 barones
1230 4435 1292 4480 habe.
1307 4433 1411 4481 barbanu

123 4505 215 4551 bubum
235 4503 337 4551 balneus
355 4504 457 4551 birimas
478 4505 554 4551 buires
575 4505 668 4551 baxeas
683 4503 767 4552 beauit
784 4505 883 4552 bustum
939 4504 969 4553 15
989 4502 1034 4551 sed
1049 4519 1113 4568 pape
1126 4504 1185 4553 ML
1237 4504 1262 4550 iu
1282 4504 1365 4562 satyra
1381 4504 1414 4550 M

193 4571 224 4621 16
239 4573 363 4620 dederunt
379 4587 444 4620 nunc
462 4573 642 4621 neutriLcltl'
663 4587 722 4621 num
742 4575 778 4622 nit
799 4574 828 4622 M
882 4575 913 4624 17
931 4575 1010 4623 eicere
1031 4573 1062 4620 M
1115 4574 1146 4622 18
1165 4573 1269 4621 tundere
1290 4571 1348 4621 ML

121 4643 155 4690 20
172 4651 254 4691 mente
273 4642 336 4690 ML
398 4643 479 4690 sicL
548 4643 581 4692 23
598 4658 641 4690 sen
661 4643 685 4690 ln
704 4654 797 4693 rernota
813 4646 927 4709 gramine
945 4643 976 4690 M
994 4658 1063 4690 ceum
1085 4655 1176 4690 reuicta
1196 4642 1345 4707 graminis,

122 4711 202 4759 leatus
222 4711 253 4770 L,
268 4729 313 4764 orti.
333 4712 364 4759 M
433 4713 467 4760 24
488 4713 574 4760 beares
595 4715 616 4761 L
687 4715 720 4760 :¹5
740 4715 846 4761 Birimas
866 4715 888 4761 L
954 4714 1055 4761 lairinres
1075 4713 1137 4761 ML
1208 4715 1242 4761 uu
1261 4711 1362 4759 birimes
1381 4712 1411 4758 M

188 4784 399 4830 ratumenna·
420 4781 449 4828 M
469 4784 661 4830 nttrltsat‘ttt'lL
745 4787 777 4831 '28
795 4785 863 4830 Bubu
884 4781 913 4830 M
929 4781 1067 4831 BubnmL
1152 4783 1258 4843 trulaque
1285 4781 1304 4825 L
1376 4784 1411 4830 29

122 4848 204 4916 lamii]
229 4850 280 4898 iera
299 4852 330 4898 de
351 4852 409 4900 ML
479 4852 591 4900 curmine
614 4851 637 4899 L
