3346 5498
335 365 377 431 26
857 408 859 415 -
894 366 1070 429 CLEDONH

361 475 528 532 promotu.

338 559 487 619 contrario
510 555 627 637 quando
651 554 796 616 itineralis
812 557 903 617 luerit
924 557 1092 616 accusativo
1108 555 1214 624 servit,
1238 552 1356 633 quando
1373 551 1474 613 localis
1490 551 1626 620 ablativo,

338 667 371 721 ut
391 659 454 720 ‘est
475 659 568 720 codex
591 677 681 738 super
704 660 891 729 armarium’,
921 677 980 720 non
1009 661 1115 736 ‘super
1136 655 1289 726 armario’,
1319 657 1403 734 quia,
1427 662 1459 715 ut
1480 654 1556 722 dixi,
1580 655 1627 714 iti·

338 761 448 824 neralis
470 762 633 822 accusativo
655 761 802 838 iungitor;
827 763 852 821 si
868 779 937 821 vero
953 759 989 820 de
1009 747 1155 839 significat
1168 757 1293 819 ablativo
1310 759 1414 827 servit,
1438 758 1505 836 quia
1528 754 1628 816 localis

338 872 397 933 est,
426 873 458 924 ut
485 862 614 923 ‘multa
642 882 755 942 super
786 862 930 924 Priamo
964 865 1164 941 rogitans’,
1199 861 1255 921 hoc
1284 868 1330 921 est
1357 859 1393 919 de
1425 858 1552 919 Priamo.
1590 892 1624 901 -

338 968 448 1046 Suptus
471 984 628 1045 numquam
652 965 786 1036 dicimus,
810 966 866 1025 nisi
888 972 938 1026 aot
960 964 1017 1025 sub
1039 972 1088 1026 aut
1110 983 1209 1044 super.
1229 998 1264 1007 -
1289 963 1460 1024 decusatim
1484 962 1654 1029 serviunt,5

339 1069 457 1146 qnando
486 1067 636 1128 itinerales
664 1075 746 1138 sont,
776 1066 903 1128 ablativo
932 1066 1050 1144 quando
1078 1065 1200 1133 locales,
1224 1067 1300 1126 sicut
1322 1063 1378 1125 sub
1401 1072 1430 1124 et
1452 1070 1563 1141 supter.
1589 1097 1626 1106 —

238 1172 431 1239 366,‘tSunt
459 1189 549 1249 quae
577 1168 874 1230 adiectionibus:
903 1171 976 1231 istae
1002 1169 1241 1249 praepositiones
1269 1165 1447 1245 loquellares
1474 1164 1627 1224 dicuntur:

338 1272 406 1333 ideo
434 1271 470 1333 ab
500 1271 713 1333 adiectionibus
740 1270 933 1352 sequentibus
955 1290 1014 1331 non
1037 1277 1228 1349 separantur,
1258 1271 1326 1347 quia
1349 1266 1528 1346 loquellares
1549 1272 1628 1334 sunt,

339 1393 397 1434 non
421 1372 567 1436 casuales:
594 1371 597 1451 l
621 1372 759 1451 loquellis
786 1380 898 1434 tantum
927 1374 1072 1442 serviunt,
1102 1372 1219 1434 casibus
1243 1369 1255 1453 ll
1279 1372 1391 1432 servire
1413 1387 1472 1429 non
1495 1374 1627 1447 possunt,

340 1495 395 1537 nec
423 1483 575 1556 separatae
603 1476 747 1555 proferri,
776 1476 833 1536 nisi
861 1476 978 1535 iunctae
1006 1474 1104 1536 verbis
1133 1473 1302 1535 nominibus
1323 1472 1486 1552 participiis
1508 1471 1553 1533 vel
1576 1469 1667 1533 art-1⁰

341 1578 456 1639 verbiis.

797 1747 845 1808 DE
868 1746 1158 1808 INTERlECTIONE

296 1881 328 1930 13
425 1865 645 1939 interiectio
672 1866 758 1944 quid
789 1868 861 1926 est?
888 1886 977 1946 pars
1005 1868 1206 1928 orationis:
1237 1867 1403 1928 interiectio
1431 1865 1521 1935 dicta,
1551 1865 1630 1943 quod

254 1988 261 2003 ‘
341 1971 540 2049 interponitur
568 1968 603 2028 ad
633 1967 841 2048 exprimendos
862 1976 976 2029 tanturn
999 1971 1089 2029 animi
1112 1972 1241 2031 allectus.
1286 1987 1354 2029 nam
1378 1986 1445 2028 cum
1470 1967 1535 2029 dico
1558 1969 1631 2028 ‘beu

341 2073 453 2132 amicus
479 2090 561 2132 meus
588 2080 722 2132 mortuus
750 2073 818 2141 est’,
848 2072 982 2149 significo
1010 2090 1047 2132 ex
1076 2073 1181 2133 allecto
1210 2073 1317 2133 mentis
1346 2089 1463 2131 causam
1495 2069 1629 2130 dolendi:
1644 2077 1669 2118 1⁵

342 2191 414 2252 ergo
437 2172 578 2253 quidquid
601 2174 737 2234 allectum
760 2174 912 2251 exprimit,
936 2175 1103 2237 interiectio
1133 2182 1185 2236 cst.
1231 2193 1298 2235 nam
1322 2180 1390 2234 sunt
1410 2173 1632 2234 interiectiones

341 2275 451 2336 similes
473 2274 755 2355 praepositionibus,
779 2293 855 2354 quae
878 2275 946 2336 binc
968 2276 1190 2355 intelleguntur,
1214 2275 1293 2356 quod
1315 2277 1549 2355 praepositiones
1572 2294 1632 2335 non

299 2379 415 2447 resim,
444 2396 498 2456 per
525 2377 662 2438 allectum
691 2385 740 2438 aut
768 2376 923 2454 gaudentis
951 2385 1001 2438 aut
1026 2378 1151 2440 dolentis
1180 2387 1230 2441 eut
1252 2379 1424 2440 admirantis
1447 2411 1483 2422 —
1510 2376 1631 2438 {nter-

341 2481 500 2541 ieotioni
517 2497 607 2557 quae
625 2478 830 2540 acciduntl:
855 2481 923 2557 quia
938 2489 1007 2541 suot
1021 2481 1169 2558 interdum
1185 2483 1326 2543 confusae
1342 2481 1572 2542 interiectiones.
1593 2514 1629 2523 -

221 2653 225 2657 ¹
303 2587 414 2644 toAut
436 2582 620 2652 dolorem,
641 2588 682 2643 ut
702 2581 786 2652 heu,
811 2590 872 2642 aut
894 2582 1194 2654 admirationem,
1218 2591 1256 2644 ut
1277 2602 1407 2664 papae:
1431 2582 1490 2643 heu
1512 2582 1671 2659 quando2⁰

341 2685 509 2746 interiectio
539 2691 583 2745 est
611 2683 751 2752 dolentis,
780 2684 898 2764 quando
926 2684 1098 2747 adverbium
1120 2685 1335 2765 respondendi,
1361 2689 1366 2757 Ι
1391 2684 1460 2745 hinc
1482 2683 1630 2764 intellegi·

298 2798 422 2847 tomus:
446 2785 779 2866 productaioteriectio
802 2796 863 2855 est,
880 2795 1016 2867 correpta
1033 2787 1205 2849 adverbium
1222 2787 1431 2867 respondendi.
1460 2822 1493 2831 -
1519 2787 1561 2848 Et
1582 2789 1632 2847 si·

344 2906 413 2966 qua
437 2898 523 2950 sunt
544 2888 697 2949 similia:
728 2905 802 2966 quae
825 2907 860 2948 ex
884 2890 991 2951 aflectu
1013 2892 1120 2951 mentis
1142 2890 1306 2969 colligenda
1329 2897 1411 2959 sunt,
1434 2889 1463 2949 id
1487 2897 1531 2950 est
1554 2889 1632 2970 quod

342 3009 449 3052 sonum
471 3009 557 3052 suum
580 2989 729 3051 vocalibus
751 2993 906 3061 misceant.
931 2998 964 3052 ut
985 2992 1022 3052 he
1045 2991 1102 3052 ohe
1125 3011 1186 3052 vae.
1395 2995 1396 2999 ’

869 3160 916 3222 DE
938 3161 1100 3224 LITTERA
1403 3197 1419 3232 ο
1646 3171 1672 3213 ²⁵

241 3290 330 3353 atto
385 3357 388 3362 1
427 3280 536 3341 Littera
566 3280 635 3358 quid
665 3281 726 3342 est?
754 3299 823 3359 pars
848 3283 968 3342 minima
998 3284 1077 3343 vocis
1104 3270 1283 3345 articulatae.
1320 3283 1416 3344 littera
1445 3283 1522 3343 dicta
1550 3284 1633 3362 quasi

344 3384 482 3462 legitera,
507 3402 542 3443 eo
565 3382 643 3462 quod
666 3382 834 3461 legentibus
853 3385 909 3444 iter
924 3384 1074 3463 praebeat.
1106 3384 1202 3448 littera
1219 3388 1248 3446 in
1265 3385 1337 3447 duas
1352 3387 1467 3465 species
1482 3385 1632 3451 dividitur.

345 3488 446 3546 autin
470 3483 585 3545 vocales
607 3493 657 3545 aut
680 3486 710 3547 in
732 3495 952 3547 consonantes·
972 3487 1086 3548 vocales
1108 3495 1177 3548 sunt
1199 3490 1270 3550 istae
1294 3489 1437 3567 quinque,
1461 3507 1476 3547 a
1500 3488 1541 3547 ei
1564 3508 1581 3548 o
1604 3507 1632 3557 u,

344 3584 408 3646 sine
431 3585 536 3663 quibus
558 3585 640 3664 loqui
662 3606 721 3647 non
744 3604 917 3664 pessumum
949 3587 1079 3666 reliquae
1102 3589 1205 3651 decom
1229 3598 1257 3650 et
1280 3598 1346 3650 octo
1370 3601 1566 3652 consonantes
1589 3589 1633 3650 di·

343 3696 464 3755 cuntur,
494 3706 529 3746 eo
557 3687 637 3763 quod
665 3706 730 3747 cum
761 3687 909 3749 vocalibus
937 3699 1108 3751 consonant.
1142 3726 1177 3735 —
1206 3692 1450 3754 Articulatae:
1484 3693 1551 3771 quia
1574 3692 1672 3753 duo³⁰

343 3806 452 3866 genera
475 3794 543 3847 sunt
566 3806 683 3857 vocum,
714 3789 834 3849 confusa
856 3808 1014 3869 pecorum,
1047 3810 1121 3870 quae
1144 3793 1233 3854 scribi
1256 3812 1316 3854 non
1339 3802 1449 3873 potest,
1478 3794 1634 3856 articulata

345 3888 513 3958 hominum,
538 3906 612 3966 quae
635 3891 693 3969 legi
716 3898 745 3951 et
767 3891 857 3952 scribi
881 3901 986 3970 potest.
1024 3893 1140 3956 litterae
1162 3897 1256 3974 ipsae,
1280 3897 1305 3955 si
1327 3895 1363 3956 ad
1387 3895 1532 3957 elementa
1555 3898 1633 3958 rele-

345 4010 460 4061 ramus,
484 3992 583 4051 neutri
604 3995 722 4070 generis
745 4002 829 4062 sunt,
853 3996 929 4054 sicut
950 3995 1064 4057 Tollius
1087 3996 1175 4065 diro,
1200 4003 1233 4056 ut
1254 3996 1310 4057 hoc
1332 4018 1371 4068 m,
1395 3997 1453 4059 boc
1475 4000 1499 4068 l;
1526 4002 1551 4061 si
1574 3995 1631 4083 adl

344 4095 423 4172 ipsas
445 4093 573 4163 litteras,
597 4095 739 4156 seminini.
771 4095 918 4158 Romanas
940 4096 1054 4160 litteras
1075 4100 1172 4178 primo
1189 4100 1352 4160 Carmentis
1375 4100 1516 4182 nympha,
1540 4112 1634 4164 mater

414 4315 477 4365 Cori.
498 4315 578 4366 Bern.
599 4318 632 4367 IV
651 4317 750 4371 tt—o.
822 4319 839 4369 3
861 4316 958 4385 localis]
982 4320 1077 4370 bacalis
1094 4336 1163 4374 corr.
1178 4325 1213 4375 at.
1233 4339 1297 4373 oron
1317 4324 1414 4373 uocatis
1494 4325 1632 4388 liquando

346 4383 447 4435 nucales
518 4386 551 4436 tr
568 4386 617 4437 heu
637 4403 683 4438 ont.
747 4388 780 4439 ²0
800 4404 866 4455 pepe
928 4392 1002 4439 arur
1019 4390 1051 4440 be
1070 4406 1100 4441 oe
1120 4406 1151 4440 ue
1217 4394 1250 4444 27
1270 4393 1546 4458 legiteradlcorr.a1.
1566 4411 1630 4446 marr.

344 4456 451 4522 legitera
471 4455 515 4517 ed)
534 4458 601 4519 quod
672 4458 706 4509 30
724 4459 845 4509 articulos
864 4460 958 4522 quiduo
1030 4460 1062 4511 31
1082 4470 1210 4525 pectorum
1281 4463 1313 4511 34
1334 4462 1412 4513 nimio

416 4647 547 4711 l'quondo
566 4645 689 4698 itineralis
703 4646 786 4709 luerit,
804 4648 915 4699 abletiuo
928 4649 1017 4711 seruit,
1036 4650 1136 4712 qnando
1156 4643 1405 4703 localis‘occusotiuo
1423 4661 1448 4703 ct
1464 4654 1555 4704 deinde
1573 4655 1633 4718 qnia

346 4725 373 4765 ut
390 4718 443 4767 dixi
464 4718 551 4768 localis
569 4720 714 4769 accusativo
732 4719 864 4768 Poetelius
935 4720 951 4768 4
970 4718 1058 4782 multo]
1079 4722 1158 4785 Verp.
1172 4722 1237 4773 Aen.
1256 4723 1263 4770 l
1283 4721 1334 4772 750
1404 4723 1629 4790 iudicetionibus]

345 4787 499 4838 dictionibus
515 4789 629 4838 Donatus
698 4790 730 4838 27
748 4788 856 4854 legitera
873 4789 929 4838 ideo
949 4791 1018 4852 quod
1036 4791 1169 4842 Pmrclriue
1238 4791 1272 4843 33
1291 4788 1400 4858 Tullius]
1422 4794 1550 4844 Ciceronis
1564 4799 1633 4847 terti-

344 4861 422 4908 mom'o
439 4860 463 4907 io
478 4860 563 4909 eodem
579 4875 609 4910 re
627 4874 687 4910 rrsroe
704 4860 887 4921 corrompetur
903 4876 931 4925 p.
945 4859 979 4911 34
996 4860 1037 4914 ed.
1057 4861 1133 4915 Liod.
