3346 5498
603 392 652 454 DE
675 394 820 455 NOMINE
844 398 954 454 2—11
1365 395 1427 460 557

1242 507 1361 555 11121311
1377 506 1401 546 1“.

138 599 231 658 paene
255 583 284 639 in
308 580 446 640 omnibus
468 580 630 646 faciebant,
654 601 729 660 vyuae
746 581 801 640 sub
824 583 927 643 eadem
950 584 1090 643 finalitate
1114 587 1144 642 in
1168 592 1293 663 utroque
1317 604 1426 662 genere

138 701 216 741 nvrnc
246 685 453 761 proferuntur,
483 693 515 743 ut
538 691 608 762 puta
631 686 729 761 magni
755 687 868 761 maguis
891 693 921 746 ot
942 702 1065 761 magnae
1090 689 1217 762 maguis,
1249 688 1348 765 pudici
1372 707 1425 767 pu·

140 784 216 843 dicis
239 791 270 842 et
292 784 416 862 pudicae
440 784 569 863 pudicis,
594 784 696 844 liberti
719 785 836 845 libertis
859 794 889 844 et
910 785 1034 846 libertae
1057 786 1185 847 libertis.
1218 789 1291 848 haec
1313 792 1425 869 antiqui

139 885 176 944 ob
199 885 428 946 discernendum
457 905 560 946 sexum
587 888 619 945 in
648 887 801 946 femininis
824 886 986 964 magnabus
1008 889 1172 967 pudicabus
1194 889 1359 950 libertabus
1382 891 1425 951 di·

111 988 260 1056 ⁵cebant3
283 988 334 1047 sed
359 1008 374 1047 a
398 991 527 1068 posteris
550 986 598 1047 illa
620 996 734 1049 tantum
757 1008 832 1068 quae
861 992 999 1068 superius
1027 991 1155 1051 diximus
1178 994 1209 1050 in
1234 1011 1288 1051 usu
1312 1000 1425 1052 retenta

137 1098 205 1148 sunt
233 1100 354 1169 propter
383 1093 458 1150 iuris
485 1093 707 1159 necessilatem,
738 1091 816 1169 quod
844 1109 962 1152 omnem
989 1091 1212 1170 ambiguitatem
1236 1094 1353 1154 auferre
1377 1113 1425 1154 vo-

137 1191 256 1252 luerunt
278 1212 313 1251 ex
337 1194 523 1253 testamentis
545 1200 632 1271 atque
655 1192 770 1269 legatis.

220 1293 338 1354 Tertiae
362 1295 569 1354 declinationis
585 1293 730 1355 ablativus
746 1295 904 1372 singularis
926 1304 976 1355 aut
999 1316 1014 1354 e
1038 1304 1088 1356 aut
1112 1299 1121 1355 i
1146 1299 1332 1357 terminatur.
1368 1301 1375 1357 i
1400 1301 1424 1357 si

136 1398 226 1455 fuerit
251 1399 442 1465 terminatus,
467 1396 564 1456 addita
588 1415 636 1456 um
660 1394 770 1474 syllaba
793 1396 865 1455 facit
887 1398 1050 1472 genitivum
1073 1397 1231 1476 pluralem,
1257 1407 1288 1457 ut
1310 1399 1346 1457 ab
1369 1399 1425 1459 boc

98 1512 123 1550 ιο
136 1498 216 1557 facili
245 1498 350 1557 borum
379 1499 525 1567 lucilium,
555 1499 626 1558 forti
654 1499 785 1557 fortium.
830 1516 846 1557 e
874 1517 945 1557 voro
974 1501 1057 1558 linito
1080 1498 1184 1558 eudem
1207 1519 1277 1559 casu
1299 1501 1424 1561 modoe

135 1600 233 1659 littera
263 1603 292 1660 in
322 1620 370 1660 um
394 1618 536 1660 conversa
564 1601 613 1659 fret
641 1601 788 1676 genitivus
815 1597 951 1677 pluralis,
983 1609 1012 1659 ut
1035 1600 1071 1660 ab
1095 1601 1151 1660 boc
1175 1601 1294 1661 bomine
1317 1603 1423 1663 horum

134 1702 300 1770 bominum,
330 1702 417 1762 morio
446 1704 478 1762 in
505 1705 514 1761 i
543 1709 718 1762 commutata
747 1709 777 1760 et
804 1701 903 1760 addita
933 1720 997 1770 um,
1027 1710 1059 1761 111
1082 1701 1118 1761 ab
1142 1703 1197 1762 boc
1220 1703 1295 1763 colle
1318 1705 1423 1764 borum

134 1802 269 1871 collium,
294 1804 331 1864 ab
355 1804 409 1863 lvoc
432 1812 530 1863 moute
554 1804 659 1864 borum
682 1805 837 1863 montium.
872 1803 989 1881 quando
1012 1811 1110 1862 tamen
1134 1823 1166 1872 e,
1189 1805 1307 1883 girando
1330 1808 1338 1864 i
1363 1816 1422 1866 tov-

135 1908 279 1975 minetur,
305 1906 432 1966 toclmici
456 1909 503 1966 vix
526 1906 740 1973 distinxerunt,
764 1905 900 1983 ideoque,
925 1913 957 1963 ut
978 1923 1014 1964 ex
1037 1904 1157 1964 illorum
1180 1907 1338 1966 traditione
1361 1909 1421 1969 eol·

96 2017 120 2057 15
134 2008 226 2084 ligero
250 2011 348 2086 potui,
371 2027 459 2087 quam
483 2016 586 2086 potero
609 2009 712 2085 paucis
735 2025 889 2084 exponam.
934 2014 1039 2065 neutra
1069 2009 1168 2066 omnia
1191 2027 1266 2086 quau
1289 2011 1422 2070 nomina·

133 2111 192 2168 tivo
214 2111 358 2187 singulari
381 2130 397 2170 a
419 2112 532 2170 fuerint
562 2110 719 2169 terminata
746 2117 776 2167 et
799 2107 927 2167 ablativo
949 2108 1092 2185 singulari
1116 2129 1131 2167 e
1155 2108 1254 2169 littera
1278 2112 1423 2171 finiuntur

132 2213 293 2291 cariemque
327 2216 355 2272 in
389 2231 438 2272 um
472 2210 614 2290 syllabam
649 2217 826 2270 commutata
858 2210 968 2268 facient
1000 2212 1163 2286 genitivum
1196 2211 1354 2290 pluralem,
1390 2222 1421 2274 ut

132 2333 234 2391 prvema
269 2324 403 2392 pocvrratc
437 2321 619 2392 poematvun,
654 2310 801 2372 emblema
834 2309 1010 2370 emblemate
1045 2310 1271 2382 emblematum,
1309 2314 1420 2392 plasma

132 2414 272 2492 plasmato
297 2417 483 2495 plasmatum.
521 2423 549 2473 et
572 2424 640 2473 sunt
663 2417 761 2473 omnia
784 2414 872 2474 liuius
895 2413 974 2473 modi
998 2431 1103 2490 graeca
1127 2415 1208 2475 nullo
1230 2415 1288 2475 alio
1310 2434 1419 2493 genere

93 2516 263 2576 1111111111
292 2518 432 2577 filialitate
460 2519 491 2575 in
515 2500 633 2575 tertiam
662 2518 800 2576 veniente
823 2514 1059 2576 declinationem.
1104 2518 1155 2595 qui
1179 2525 1278 2576 autem
1302 2536 1419 2596 poema-

131 2628 227 2678 torum
252 2619 496 2679 emblematorum
520 2619 731 2697 plasmatorum
754 2618 992 2686 declinaverunt,
1022 2621 1127 2678 vitiose
1151 2626 1181 2677 11
1202 2625 1305 2677 contra
1327 2622 1417 2679 ratio-

131 2739 196 2779 nem
221 2721 310 2780 locuti
339 2730 421 2791 sunt,
453 2739 507 2780 nec
537 2728 581 2780 est
608 2738 711 2779 eorum
740 2723 900 2780 auctoritas
928 2720 1123 2786 admittenda,
1146 2719 1216 2778 lieet
1238 2722 1337 2796 magni
1359 2721 1418 2780 sint

130 2823 267 2881 unrniuis.
313 2825 382 2883 itenr
414 2824 511 2882 omnia
539 2825 638 2882 neutri
666 2824 784 2899 generis
812 2839 828 2879 e
856 2824 1012 2881 terminata
1041 2828 1071 2879 et
1093 2819 1220 2881 ablativo
1243 2821 1383 2898 singulari
1408 2824 1416 2880 i

129 2923 227 2983 littera
251 2927 392 2984 finientur
414 2932 443 2983 et
465 2924 565 2984 addita
588 2944 636 2984 um
660 2923 772 3003 syllaba
795 2923 905 2983 facient
931 2924 1094 2999 genitivum
1118 2922 1276 3000 pluralem,
1301 2930 1333 2981 111
1355 2942 1415 2982 mo·

93 3026 192 3085 ²⁵nilr
221 3025 322 3086 monili
350 3027 521 3116 monilium,
550 3025 643 3085 sedile
672 3024 758 3083 sedili
787 3023 941 3092 sedilium,
972 3042 1114 3101 praesepe
1137 3026 1274 3102 praesepi
1298 3042 1415 3102 praese·

129 3129 219 3206 pium.
245 3124 249 3208 Ι
273 3131 371 3188 omnia
395 3129 511 3187 nomina
534 3145 551 3183 o
574 3128 730 3185 terminata
747 3132 777 3183 et
799 3123 926 3184 ablativo
947 3124 1090 3201 singulari
1113 3143 1129 3183 o
1151 3126 1293 3185 finientur
1315 3133 1345 3184 et
1367 3144 1414 3186 ea·

128 3230 193 3289 dem
222 3232 252 3288 in
281 3249 298 3287 u
328 3236 506 3289 commutata
529 3211 565 3287 et
581 3227 734 3304 adsumpta
764 3245 792 3285 m
815 3224 914 3285 littera
943 3228 1054 3286 facient
1076 3227 1238 3303 genitivum
1261 3227 1414 3305 pluralem,

128 3340 158 3390 nt
182 3331 229 3390 bie
253 3331 324 3391 Cato
351 3329 388 3389 ab
414 3330 471 3389 boc
499 3330 607 3389 Catone
636 3329 741 3387 lvorum
765 3327 922 3395 Catonum,
955 3327 1027 3388 baec
1056 3330 1138 3405 virgo
1161 3327 1198 3387 ab
1221 3328 1275 3388 hac
1299 3330 1413 3406 virgine

128 3432 231 3491 barum
255 3434 412 3508 virginum.
458 3429 570 3490 nullum
599 3431 760 3507 excipitur:
795 3447 863 3488 nam
891 3430 988 3507 pondo
1015 3428 1224 3489 indeclinabile
1252 3439 1312 3499 est;
1332 3423 1413 3490 ¹item

88 3542 193 3592 3111111
217 3552 276 3592 non
298 3534 391 3593 solum
415 3530 641 3598 indeclinabile,
664 3530 716 3589 sed
732 3533 822 3591 etiarn
838 3533 955 3590 numeri
978 3530 1116 3609 pluralis,
1141 3539 1170 3590 et
1192 3548 1271 3590 nunc
1294 3530 1330 3590 de
1352 3533 1412 3592 siu-

127 3634 221 3709 gulari
245 3634 393 3713 loquimur
416 3636 604 3693 nominativo.
636 3635 644 3691 i
668 3650 742 3711 quae
765 3633 962 3693 terminantur
984 3630 1208 3692 indeclinabilia
1229 3634 1291 3691 sive
1313 3641 1411 3711 aptota

126 3754 178 3793 seu
203 3743 372 3814 monoptota
394 3743 476 3804 sunt,
500 3753 592 3814 eaque
615 3737 736 3794 omnino
758 3733 816 3793 duo
842 3741 956 3794 tantum
984 3737 1189 3813 reperiuntur,
1212 3735 1292 3810 frugi
1315 3742 1345 3793 et
1366 3737 1411 3794 ui·

127 3835 195 3904 bili,
220 3845 248 3895 et
270 3846 340 3897 sunt
361 3839 481 3915 generis
502 3840 613 3905 omnis,
643 3837 692 3895 bic
714 3844 743 3896 et
766 3836 838 3896 baec
860 3844 891 3896 et
912 3837 967 3896 boc
990 3838 1083 3912 frugi,
1107 3836 1195 3895 buius
1216 3837 1311 3913 frugi,
1341 3836 1410 3897 huic

126 3940 219 4015 frugi,
249 3939 327 3998 brine
350 3947 380 3999 et
401 3940 477 4000 banc
499 3948 529 3998 et
551 3939 606 3998 boc
628 3939 723 4015 frugi,
752 3939 886 4015 ofrugi,
916 3937 954 3998 ab
976 3938 1032 3999 boc
1054 3948 1084 3997 et
1106 3936 1143 3997 ab
1166 3937 1220 3996 bao
1243 3945 1273 3996 11
1295 3936 1331 3998 ab
1355 3938 1410 3997 boc

86 4043 220 4117 tifrugm
244 4041 381 4101 similiter
404 4040 544 4119 pluralia;
567 4040 729 4119 eodemque
753 4040 887 4117 exemplo
909 4040 958 4099 bic
980 4047 1010 4099 et
1032 4040 1104 4099 baec
1126 4047 1156 4100 et
1177 4039 1233 4098 hoe
1254 4039 1351 4099 nihili.

209 4141 314 4202 Omnia
338 4142 364 4203 al
388 4145 556 4211 terminata,
581 4145 604 4201 si
635 4143 792 4220 peregrina
816 4142 943 4211 fuerint,
972 4150 1002 4201 et
1024 4140 1152 4201 ablativo
1174 4159 1244 4201 casu
1265 4160 1282 4201 e
1304 4142 1409 4201 fmien·

125 4255 172 4304 tur
195 4256 225 4303 et
247 4264 281 4303 ua
305 4247 334 4304 in
358 4264 405 4304 um
429 4262 569 4304 conversa
592 4245 700 4303 facient
722 4245 884 4321 genitivum
913 4242 1070 4322 pluralem,
1099 4251 1132 4302 ut
1154 4243 1203 4302 bic
1225 4242 1349 4303 Annibal
1372 4241 1409 4301 ab

125 4346 178 4405 boe
202 4345 346 4406 Annibale
369 4348 474 4406 borum
498 4344 691 4415 Annibalum;
719 4349 744 4405 si
768 4364 837 4405 vero
865 4346 953 4406 latina
976 4352 1006 4403 11
1028 4347 1126 4404 neutri
1148 4347 1280 4421 generiS,
1304 4343 1408 4403 ablati-

124 4466 190 4507 vum
213 4450 244 4507 in
268 4451 276 4507 i
300 4451 419 4509 mittent
441 4455 471 4507 et
493 4447 592 4507 addita
608 4465 657 4506 um
673 4445 784 4525 syllaba
806 4449 969 4525 genitivum
991 4448 1101 4506 facient
1123 4445 1275 4525 pluralem,
1300 4451 1332 4502 111
1352 4443 1408 4502 boc

85 4554 112 4596 to
126 4548 249 4626 vectigal
274 4540 454 4628 [τὸτέλος]
480 4549 617 4626 vectigali
640 4547 746 4609 lvorum
768 4547 964 4626 vectigalium,
988 4547 1117 4608 bidental
1142 4544 1281 4606 bidentali
1303 4543 1408 4604 biden-

192 4736 350 4785 1111111111Ιί
422 4738 450 4786 11
471 4736 621 4784 litteramB
693 4737 724 4785 11
746 4735 852 4798 ideoque
875 4733 986 4798 utqppyl
1003 4735 1029 4783 B
1098 4734 1131 4782 ’20
1154 4732 1340 4781 uenientemB

121 4803 169 4922 {gib
179 4797 330 4923 rtdBrr'log,
357 4809 422 4856 sicut
442 4808 553 4872 reliquae
577 4806 649 4855 dicius
677 4805 859 4870 modiolorum
878 4819 1002 4870 maccus,
1020 4803 1106 4855 eudem
1126 4818 1198 4852 rnauu
1215 4803 1408 4867 superscriptus

171 4889 184 4921 e
