3346 5498
745 337 816 401 dits
1389 339 1429 403 23

1098 491 1100 495 ,
1235 460 1257 501 p.
1272 448 1329 489 latr.
1342 448 1368 489 78
1381 447 1404 489 11.

126 528 176 588 hic
200 535 325 607 tempus
347 526 489 606 designat.
516 561 552 571 -
576 527 716 588 Tribus
737 528 959 607 generibus,
989 537 1027 590 ut
1048 528 1107 588 hic
1131 535 1167 589 et
1189 529 1281 589 haec
1305 529 1545 596 ethocttoa,18

125 630 279 709 legens:
302 631 458 710 participia
481 633 579 691 omnia
603 633 747 710 temporis
768 634 950 711 praesentis,
974 650 1050 711 quae
1072 632 1195 691 veniunt
1216 630 1253 691 ab
1276 633 1376 692 activis
1398 641 1427 694 et

127 731 319 793 neutralibus
340 731 438 793 verbis
458 736 463 807 Ι
483 731 528 793 rel
550 752 566 793 a
590 733 807 812 deponentibus
823 734 869 794 rel
892 753 908 794 a
930 733 1149 802 communibus,
1173 751 1291 812 semper
1307 736 1427 812 generis

126 845 198 895 sunt
228 836 335 896 omnis.
378 836 533 915 participia
562 853 680 913 semper
709 838 799 896 totius
826 837 945 914 genens
973 834 1129 896 ablativum
1153 833 1425 913 singularemine

99 929 260 998 ittrtcram
277 938 405 998 mittunt.
437 938 590 1016 participia
613 938 643 996 in
666 939 846 998 seinvicem
870 939 908 998 ita
931 945 1103 999 recurrunt:
1127 940 1151 997 si
1166 939 1322 1016 participio
1338 956 1424 1017 prae-

125 1042 224 1101 sentis
254 1034 398 1118 temporis
427 1038 510 1100 tollas
537 1059 551 1098 s
579 1037 705 1100 litteram
736 1046 766 1098 et
793 1038 885 1099 addas
913 1039 983 1108 dus,
1013 1039 1084 1099 lacis
1110 1040 1241 1099 futurum
1271 1048 1424 1118 tempusa

125 1143 263 1222 passivo,
287 1151 320 1201 ut
341 1141 493 1203 amandus.
526 1143 595 1201 item
613 1142 637 1200 si
653 1143 808 1221 participio
830 1142 983 1221 praeteriti
999 1135 1141 1219 temporis
1163 1139 1200 1201 ab
1223 1142 1317 1201 activo
1340 1139 1425 1202 tollas

124 1264 140 1305 s
163 1253 195 1304 et
219 1242 312 1304 addas
334 1262 400 1312 rm,
424 1244 514 1304 iacies
536 1244 724 1321 participium
748 1242 837 1303 luturi
861 1244 1001 1322 temporis
1023 1241 1060 1304 ab
1083 1244 1186 1310 activo,
1209 1251 1241 1303 ut
1263 1251 1423 1304 amaturus.

126 1347 231 1407 neutri
253 1344 385 1423 regulam
409 1344 445 1406 ab
474 1347 559 1407 activi
587 1343 750 1423 intellegis,
781 1346 848 1423 quia
876 1347 969 1424 ipsam
999 1346 1139 1423 sequitur.
1186 1344 1337 1423 deponens
1360 1363 1424 1404 rer·
1456 1375 1457 1378 ¹

87 1450 200 1510 unum
228 1450 339 1529 passivi
366 1446 499 1526 regulam
529 1449 739 1526 sequitur-
769 1447 948 1526 Tempora
977 1447 1281 1526 participiorum.
1305 1448 1425 1526 pertici·
1414 1452 1470 1499 -22

124 1554 210 1661 pium
234 1568 378 1630 praesens
400 1551 431 1609 in
454 1567 490 1609 ns
514 1547 626 1610 litteras
648 1567 767 1629 semper
790 1550 966 1610 terminatur
994 1546 1031 1608 ab
1060 1550 1142 1608 omui
1172 1547 1262 1608 verlro
1285 1547 1321 1608 ab
1344 1549 1426 1608 omni

124 1625 352 1732 coniugatione,
382 1660 415 1713 ut
443 1669 547 1711 amans
575 1650 684 1711 docens
706 1649 817 1729 legens
862 1653 1054 1730 praeteritum
1076 1652 1265 1730 participium
1290 1668 1325 1710 us
1348 1667 1425 1711 sem·

125 1776 183 1838 per
205 1757 382 1817 terminatur
405 1761 435 1813 et
457 1761 502 1814 est
523 1754 642 1832 generis
665 1752 836 1821 masculini,
861 1760 893 1812 ut
908 1751 1013 1814 doctus
1029 1760 1143 1813 amatus
1158 1750 1262 1813 lectus
1292 1752 1424 1812 futurum

125 1857 319 1940 participium
338 1860 343 1930 Ι
363 1855 476 1916 duabus
492 1853 606 1933 regulis
621 1856 811 1924 terminatur,
835 1864 868 1914 ut
884 1853 999 1934 [legens
1015 1853 1160 1915 lecturus:
1183 1855 1345 1933 praeterito
1367 1861 1423 1927 tus,

86 1970 114 2012 ¹⁵
129 1972 161 2023 ut
186 1956 298 2040 lectus]
321 1958 465 2037 legendus
486 1958 628 2019 lecturus.
651 1990 694 2002 —
714 1960 738 2018 ,t
761 1959 957 2017 communi:
986 1957 1054 2017 ideo
1077 1958 1143 2036 quia
1166 1957 1251 2016 activi
1275 1954 1334 2015 duo
1357 1961 1470 2034 par-28

126 2065 230 2144 ticipia
253 2070 337 2123 tenet
358 2069 387 2121 et
409 2061 468 2121 duo
490 2062 611 2141 passivi,
635 2067 793 2139 propterea
817 2077 974 2119 commune
997 2058 1119 2119 verbum
1142 2066 1282 2137 quattuor
1305 2058 1425 2137 partici-

125 2167 176 2246 pia
199 2165 307 2243 recipit
335 2161 414 2244 [quia
446 2163 530 2224 activi
558 2162 722 2242 passiviqnc
756 2162 1003 2238 significationem
1032 2161 1230 2230 demonstrat,
1264 2168 1423 2239 propterea

127 2285 235 2329 eorum
258 2265 327 2326 bina
350 2262 530 2345 participia}
551 2262 757 2323 —Numeri
778 2264 1069 2342 participiorum
1092 2271 1182 2342 quot
1203 2264 1320 2323 suuti:
1344 2267 1470 2322 com-30

126 2372 227 2431 munis
250 2386 391 2428 numerus
412 2368 442 2427 in
466 2367 629 2446 participiis
652 2353 811 2444 numquam
835 2364 1076 2444 deprehenditur.
1098 2399 1130 2412 -
1156 2365 1315 2444 Figurae
1338 2383 1423 2443 par·
1437 2368 1468 2416 ³1

85 2473 351 2551 wticipiorum
375 2477 463 2549 quot
485 2469 589 2530 suut?
617 2468 724 2528 duae:
759 2486 817 2546 quo
847 2467 951 2527 ordine
971 2463 985 2551 ss
1008 2468 1163 2546 participia
1187 2456 1425 2546 componuntur?

126 2593 188 2656 quo
212 2580 243 2633 et
264 2574 392 2633 nomina.
418 2605 455 2615 -
481 2571 527 2632 lla
551 2567 845 2655 declinationem
873 2570 1071 2649 participii
1098 2571 1313 2647 praesentis
1335 2571 1469 2628 tem-32

125 2677 250 2757 poris:
274 2675 430 2753 participia
454 2692 529 2754 quae
552 2673 673 2732 veniunt
694 2670 731 2731 ab
754 2673 847 2732 activo
863 2670 909 2731 rel
924 2670 1052 2732 neutrali
1068 2671 1157 2732 verbo
1172 2689 1291 2750 semper
1306 2672 1424 2749 generis

126 2783 199 2840 suut
226 2777 331 2838 omnis.
365 2810 399 2819 -
430 2778 452 2838 Α
482 2774 595 2835 verbu
629 2775 750 2834 activo
785 2775 964 2852 temporis
996 2776 1228 2853 praesentis:
1267 2774 1468 2852 participia33

126 2884 185 2942 ista
206 2880 372 2959 praesentis
396 2879 538 2957 temporis
561 2894 680 2955 semper
702 2877 806 2936 tertiae
829 2882 898 2936 sunt
925 2874 1139 2937 declinationis.
1169 2883 1198 2935 et
1220 2875 1294 2937 haec
1317 2885 1346 2936 et
1367 2873 1422 2936 alia

86 2981 237 3044 assimilia
265 2983 347 3041 iuxta
374 2982 461 3041 istam
490 2978 716 3040 declinationem
744 2973 965 3060 inllectemus.l
995 3012 1033 3022 —
1064 2976 1113 3037 Ab
1141 2978 1209 3038 hoc
1233 2987 1267 3038 et
1290 2976 1334 3038 ab
1357 2978 1523 3042 hecates

127 3092 166 3146 et
191 3082 236 3146 ab
264 3082 335 3144 hoc
362 3082 530 3162 legente:
569 3099 687 3159 semper
720 3081 874 3159 participia
901 3081 1068 3159 praesentis
1094 3081 1237 3159 temporis
1265 3078 1421 3140 ablativum

126 3184 310 3265 singularem
339 3186 368 3245 in
398 3203 414 3244 e
442 3184 570 3246 litteram
597 3184 732 3252 mittunt,
761 3182 831 3243 licet
857 3184 1024 3260 genetivum
1047 3181 1192 3261 pluralem
1216 3183 1329 3241 iulum
1353 3182 1420 3240 mit·

127 3296 204 3349 tunt.
232 3322 267 3330 —
293 3288 315 3346 t
338 3286 452 3348 verbo
476 3287 596 3347 activo
619 3287 798 3364 temporis
820 3285 951 3344 taturi:
981 3285 1135 3363 participia
1158 3286 1213 3345 ista
1235 3283 1326 3343 laturi
1349 3288 1451 3343 tem-⁷

126 3393 211 3472 poris
239 3387 277 3449 ab
306 3390 399 3448 activo
430 3387 683 3449 masculinumssct
713 3394 851 3447 neutrum
879 3385 1026 3446 secundae
1061 3383 1267 3445 declinationis
1302 3383 1421 3452 habent,

88 3510 113 3547 so
126 3492 305 3553 femininum
322 3492 445 3569 primae.
477 3490 550 3551 haec
567 3498 596 3551 ot
611 3488 665 3551 alia
681 3488 787 3550 similia
804 3489 883 3548 iuxta
906 3487 982 3547 hanc
997 3486 1224 3548 declinationem
1245 3485 1422 3546 inflectenda

125 3602 205 3654 sunt.
235 3627 270 3636 -
295 3593 318 3650 Α
342 3592 455 3653 verbo
476 3595 630 3668 passion
652 3593 834 3670 temporis
857 3591 1073 3670 praeteriti:
1097 3590 1250 3668 participia
1267 3588 1321 3648 ista
1336 3606 1421 3667 prae·
1436 3593 1468 3642 15

108 3696 379 3793 Qmporis
408 3713 424 3753 a
454 3695 569 3773 passivo
591 3694 644 3753 has
667 3676 879 3754 declinationes
902 3690 1026 3761 habent,
1050 3710 1121 3770 quas
1144 3689 1234 3751 luturi
1258 3689 1294 3750 ab
1317 3692 1420 3751 activo.

128 3831 166 3841 -
189 3797 399 3874 Participia
415 3797 606 3857 venientia
622 3815 637 3855 a
654 3793 767 3855 verbo
783 3796 932 3874 passivo
947 3792 1059 3855 similes
1074 3792 1285 3853 declinationes
1300 3791 1419 3853 habeut.

124 3900 199 3960 haec
224 3899 378 3977 praeteriti
401 3899 544 3977 temporis
566 3897 713 3959 secundae
741 3896 946 3957 declinationis
968 3897 1090 3958 suntin
1113 3894 1275 3956 masculino
1298 3904 1328 3957 ct
1349 3914 1422 3956 neu·

85 4021 110 4059 aa
124 4012 182 4069 tro.
208 4003 239 4061 in
264 4000 404 4061 feminino
427 4002 549 4079 primae.

196 4240 261 4291 noa.
280 4241 360 4291 Bern.
379 4240 409 4289 lll
426 4239 541 4289 7*-rv
563 4241 585 4289 l.
658 4239 820 4302 opracsenti
838 4239 960 4303 temporis
1031 4238 1174 4289 lislittera
1244 4236 1321 4301 equi
1339 4238 1423 4303 ipsam

199 4309 229 4360 11
249 4311 275 4359 in
291 4325 321 4359 ns
337 4311 418 4359 littera
490 4309 521 4359 12
540 4308 579 4375 ns]
601 4323 629 4357 os
686 4310 717 4359 14
734 4308 785 4372 tus]
807 4309 854 4357 dus
914 4307 946 4359 18
960 4308 1028 4370 quod
1047 4317 1105 4358 sunt
1158 4305 1190 4358 19
1209 4306 1423 4373 depraehendnus

194 4381 232 4430 ⁴20
251 4380 319 4444 qnod
337 4389 395 4430 sunt
464 4391 641 4445 comparantur
710 4379 744 4429 23
763 4379 869 4443 tempori
890 4379 1030 4441 praesentis
1101 4377 1133 4428 31
1154 4393 1170 4427 a
1189 4377 1266 4434 barbo
1285 4379 1366 4436 (corr.
1386 4379 1421 4426 al.

118 4468 191 4503 man.
209 4450 303 4516 uerbo)
321 4450 441 4514 temporis
458 4451 599 4514 praesentis
618 4450 752 4514 participia
815 4450 848 4500 31
869 4449 893 4496 in
912 4447 1080 4498 mascnlinum
1097 4457 1121 4497 et
1137 4455 1253 4497 nentrum
1272 4447 1420 4497 femininum

53 4697 58 4705 ‚
196 4641 213 4689 n
232 4641 265 4689 ab
284 4640 368 4689 setino
387 4641 526 4690 Putsclrinr.
548 4639 703 4687 scribendum
721 4638 821 4687 uidetur
837 4645 880 4686 out
896 4638 927 4684 ab
947 4637 1022 4686 activi
1042 4636 1141 4704 regula,
1160 4637 1220 4700 quia
1237 4637 1318 4698 ipsam
1335 4634 1419 4697 sequi

119 4728 165 4764 tur
186 4720 234 4761 out
253 4711 390 4771 abactus
409 4710 574 4774 qnodrpsurn
594 4710 708 4772 sequitur
761 4709 792 4757 14
811 4707 1209 4772 deductusregnn'sporticipii
1222 4706 1304 4765 futuri
1319 4703 1419 4754 uberim

116 4784 268 4845 expositum
292 4781 375 4843 [nisse
400 4781 498 4830 videtur
522 4796 538 4827 o
560 4780 729 4843 prorrrmotr'co.
767 4777 857 4826 deinde
879 4793 944 4844 quoe
966 4779 1036 4827 uncie
1054 4776 1144 4827 incldri
1163 4776 1199 4824 ad
1215 4776 1279 4826 non
1303 4772 1401 4833 363,
1386 4776 1418 4820 a,

116 4855 255 4918 pertinent
