3346 5498
677 335 747 430 aas
1290 366 1353 429 aaa

67 553 221 637 scriptum
248 573 440 637 persuasum
469 550 614 615 habeam.
658 573 734 614 nam
757 561 790 615 et
812 550 942 616 dicendi
962 574 1065 636 genus
1089 551 1249 637 quaedam
1272 575 1353 637 quae

67 654 109 717 ab
131 653 220 718 illius
242 675 389 718 sermone
411 653 517 718 aliena
539 663 616 717 suut
636 654 795 733 continet,
819 663 852 717 et
873 675 980 717 rerum
1004 652 1246 717 tractandarum
1269 656 1352 719 ratio

68 765 135 820 tarn
158 754 290 820 diversa
311 766 361 820 est
383 754 425 819 ab
447 755 489 817 iis
512 776 596 840 quae
620 753 660 817 de
676 753 790 819 eodem
805 765 995 840 argumento
1018 779 1038 818 a
1059 755 1224 819 veteribus
1247 776 1353 838 gram-

68 855 193 920 maticis
226 855 394 940 conposita
427 865 517 936 sunt,
550 863 587 919 ut
618 857 796 920 recentiore
824 867 931 922 aetate
964 857 1043 920 haec
1075 879 1116 920 ex
1148 856 1352 941 antiquorum

69 956 308 1021 commentariis
336 966 491 1041 congesta
518 966 551 1021 et
579 958 698 1022 veteris
726 958 931 1043 grammatici
952 957 1081 1022 nomine
1103 957 1261 1043 inscripta
1283 980 1355 1022 esse

68 1067 189 1142 putem.
234 1057 337 1122 edidit
368 1068 477 1121 autem
511 1057 597 1122 hunc
629 1057 774 1123 libellum
809 1060 930 1145 primus
965 1059 1064 1124 Ianus
1098 1059 1290 1123 Parrhasius
1322 1060 1354 1121 in

68 1158 167 1223 Probi
197 1159 340 1224 aditione
362 1158 515 1223 Vicetina
543 1182 572 1223 a.
599 1160 693 1240 1509,
723 1158 763 1223 dc
786 1183 851 1247 qua
873 1160 994 1225 dictum
1017 1171 1066 1225 cst
1088 1160 1153 1225 vol.
1177 1160 1226 1224 IV
1249 1160 1353 1246 praef.

69 1284 100 1347 p.
124 1261 185 1326 IX.
221 1273 337 1347 postea
358 1261 601 1325 Lindemannus
630 1261 672 1325 ad
699 1282 817 1325 novam
845 1261 1019 1326 editionem
1041 1261 1189 1327 adhibuit
1211 1262 1355 1326 codicem

69 1361 256 1428 Gudianum
278 1363 342 1426 260
362 1364 404 1428 ab
428 1363 576 1443 Osanna,
600 1363 655 1450 qui
678 1385 719 1427 ex
741 1364 800 1428 hoc
822 1362 905 1427 libro
928 1363 1104 1449 Apuleium
1126 1385 1219 1427 suum
1241 1363 1355 1444 edidit,

70 1465 230 1550 descripto
254 1463 383 1551 Apulei.
407 1463 446 1528 de
469 1465 552 1529 orth.
577 1487 608 1550 p.
631 1464 709 1529 VII.
743 1487 819 1528 nam
842 1466 929 1552 quod
950 1465 1193 1529 Lindemannus
1216 1474 1282 1529 tres
1305 1488 1355 1529 co-

69 1565 174 1648 dices,
198 1566 316 1652 quibus
339 1566 374 1629 in
396 1576 466 1630 arte
481 1566 608 1630 Phocae
632 1567 758 1631 edenda
771 1590 848 1632 usus
864 1578 966 1649 esset,
990 1568 1218 1653 huncquoque
1236 1565 1356 1632 librum

68 1669 233 1732 continere
262 1668 347 1732 dixit
372 1670 406 1731 in
440 1667 657 1754 praefatione,
695 1667 735 1732 de
763 1668 890 1736 duobus
917 1670 1055 1750 erravit,
1088 1691 1192 1754 neque
1220 1669 1254 1731 in
1284 1670 1358 1755 ipsa

68 1768 211 1834 editione
233 1767 306 1854 plus
330 1792 428 1855 quam
449 1771 545 1835 unius
568 1769 691 1834 codicis
715 1771 908 1857 scripturam
931 1771 1089 1837 exhibuit
1128 1769 1206 1832 mihi
1229 1779 1358 1855 praeter

68 1871 154 1935 hune
177 1871 241 1937 duo
264 1871 332 1935 noti
348 1882 423 1936 sunt
439 1871 567 1938 codices
583 1872 646 1956 ipsi
663 1894 789 1958 quoque
804 1874 919 1959 quinto
943 1873 1068 1937 decimo
1085 1870 1214 1936 saeculo
1235 1873 1358 1958 scripti,

70 1971 190 2036 Veneti
212 1971 429 2038 bibliothecae
456 1974 489 2038 S.
512 1972 615 2036 Marci
638 1972 679 2036 cl.
703 1973 791 2038 XIII
816 1976 859 2039 30
885 1985 918 2038 et
945 1975 1023 2056 366,
1058 1996 1193 2062 quorum
1221 1984 1358 2060 uterque

68 2073 155 2138 hunc
182 2073 301 2138 librum
330 2078 392 2140 arti
421 2075 461 2139 de
487 2075 617 2139 nomine
645 2086 678 2139 et
710 2075 809 2140 vcrbo
839 2077 1022 2141 subiectum
1049 2077 1191 2141 exhibet.
1237 2075 1292 2140 sed
1317 2075 1358 2140 de

68 2176 119 2240 his
141 2196 207 2238 non
229 2179 412 2241 accuratius
435 2177 596 2263 quaesivi,
619 2175 678 2240 sed
700 2178 934 2242 Ascensianam
958 2177 1134 2243 editionem
1156 2200 1186 2241 a.
1212 2177 1293 2242 1516
1316 2200 1357 2241 ex

72 2277 220 2363 principe
243 2300 429 2364 expressam
452 2278 497 2362 (ς)
521 2287 554 2341 et
576 2277 762 2342 Gudianum
785 2279 929 2344 codicem
953 2278 1026 2365 (G),
1049 2281 1140 2344 cuius
1163 2281 1358 2366 scripturam

71 2377 289 2444 Lindemanni
312 2379 444 2445 editioni
469 2378 588 2461 debeo,
612 2388 742 2444 secutus
766 2403 848 2444 sum.

126 4947 303 4992 GRAMMATICI
318 4946 408 4988 LATlNl
422 4947 449 4988 V.
