3346 5498
630 394 865 458 COMMENTVM
1335 399 1393 462 101

1224 522 1245 561 p·
1260 509 1370 550 13-151.

187 584 385 648 Semivocales
413 584 509 646 dictae
538 592 619 654 sunt,
651 586 734 664 quia,
764 587 789 645 si
816 584 955 645 detrahas
978 589 1022 647 eis
1044 586 1189 657 vocalem,
1217 588 1514 664 babentvel421,10

104 699 222 752 tenuem
240 707 346 750 sonum
362 687 409 749 vel
431 684 550 748 sibilum
568 685 725 765 quendam.
755 697 789 747 nt
810 689 835 747 si
857 687 938 747 dicas
961 706 1006 757 es,
1029 687 1099 748 tolle
1121 688 1191 749 iude
1214 708 1230 749 e
1252 676 1394 760 vocalem,
1408 672 1467 731 ὄρθ’
1482 674 1513 720 ¹²

104 800 189 853 sonat
212 791 332 872 quidam
359 788 477 859 sibilus,
507 788 626 868 quidam
652 807 752 849 sonus.
793 788 860 848 ideo
887 807 958 866 ergo
986 789 1081 850 dictae
1103 802 1172 853 sum
1193 791 1393 862 semivocales,

103 895 167 974 qnia
191 894 284 954 semis
305 891 418 953 babent
439 889 476 951 de
498 909 583 959 voce,
606 890 635 951 id
659 899 705 951 est
725 890 772 950 vel
794 890 922 950 mediam
950 900 1064 969 partem
1088 896 1166 954 vocis
1188 893 1308 953 babent.
1344 894 1393 954 alii

82 995 155 1056 valia
178 996 296 1056 ratione
319 993 510 1054 semivocales
531 992 625 1053 dictas
647 1010 713 1053 esse
736 992 850 1062 dicunt,
875 995 940 1072 quia
965 995 1054 1053 semis
1072 993 1182 1054 babent
1196 994 1232 1055 do
1247 1003 1393 1074 potestate

102 1096 253 1159 vocalium.
299 1094 415 1157 vocales
437 1095 515 1155 enim
538 1113 593 1174 per
614 1112 647 1154 se
673 1101 779 1154 sonant
802 1103 830 1155 et
850 1113 905 1174 per
927 1113 960 1155 se
982 1094 1122 1172 syllabam
1151 1098 1277 1165 iaciunt;
1305 1100 1392 1158 semi·

102 1198 215 1261 vocales
243 1216 300 1279 por
327 1216 359 1259 se
388 1197 507 1275 quidem
536 1204 656 1265 sonant,
685 1196 737 1256 scd
765 1214 820 1274 per
848 1216 880 1257 sc
909 1195 1050 1277 syllabam
1073 1215 1132 1279 nop
1155 1199 1276 1259 iaciunt.
1321 1217 1392 1276 ergo

102 1301 177 1382 qnod
207 1319 297 1362 unam
326 1309 440 1379 partem
470 1297 595 1368 habent,
625 1316 713 1359 unam
737 1316 796 1358 non
819 1297 944 1366 babent,
967 1299 1034 1358 ideo
1057 1298 1152 1360 dictae
1175 1309 1245 1360 sunt
1267 1302 1392 1360 semivo-

101 1403 192 1473 cales,
222 1401 301 1482 quod
324 1402 414 1462 semis
436 1398 547 1460 habent
568 1400 604 1460 de
628 1406 773 1479 potestate
796 1399 948 1460 vocalium.
994 1399 1132 1461 dicuntur
1160 1412 1259 1462 autem
1282 1404 1336 1473 ita,
1360 1409 1392 1464 ut

73 1507 243 1585 reincipiant
265 1523 282 1566 a
303 1502 398 1564 vocali
421 1509 450 1562 et
471 1501 608 1563 desinant
629 1503 660 1561 in
683 1500 848 1562 naturalem
876 1520 982 1562 sonum
1013 1501 1046 1578 (si
1069 1502 1155 1563 aliter
1177 1503 1302 1571 dixeris,
1331 1523 1389 1564 nort

101 1616 187 1670 eruut
206 1609 267 1667 iam
290 1601 507 1680 semivocales),
536 1613 570 1664 ut
597 1613 642 1664 est
664 1605 696 1664 el
720 1622 752 1664 es
774 1605 812 1663 ix,
859 1620 930 1681 ergo
951 1604 1142 1666 semivocales
1164 1608 1204 1666 ita
1227 1624 1260 1666 se
1282 1605 1491 1682 babcntttw

100 1709 239 1771 inchoare
262 1727 278 1768 a
300 1707 394 1768 vocali
415 1724 488 1767 sono
511 1714 540 1766 et
562 1704 700 1766 desinere
721 1706 752 1766 in
775 1704 938 1766 naturalem
960 1724 1076 1767 sonum.
1113 1714 1212 1768 mutae
1235 1728 1251 1768 e
1274 1689 1462 1770 contra-⁵²⁰³
1476 1691 1508 1738 ¹⁸

101 1813 145 1872 rio
166 1809 311 1872 inchoant
331 1829 347 1870 a
370 1806 497 1870 naturali
519 1825 592 1868 sono
615 1816 645 1867 et
667 1806 807 1867 desinunt
827 1809 857 1866 in
880 1806 1009 1869 vocalem
1032 1827 1152 1878 sonum,
1176 1816 1209 1871 ut
1231 1819 1275 1871 est
1297 1810 1333 1871 be
1357 1830 1391 1871 ce

100 1913 135 1973 do
156 1931 195 1992 ge
217 1910 256 1973 ha
279 1911 315 1973 iva
338 1929 376 1991 pe
399 1928 437 1988 qu
459 1917 497 1970 te.
544 1926 620 1986 quae
644 1925 714 1985 ergo
737 1906 832 1969 littera
855 1911 1065 1988 praeponenda
1089 1921 1132 1971 est
1153 1913 1185 1971 in
1207 1912 1389 1973 semivocali-

29 2022 32 2026 ’
72 2012 153 2075 obus
175 2013 222 2075 vel
245 2011 505 2093 postponendam
529 2011 635 2071 mutis?
662 2028 679 2067 o
707 2017 820 2071 tantum
844 2010 931 2071 modo
954 2010 1031 2081 sola,
1060 2021 1185 2091 utputa
1207 2015 1239 2074 el
1258 2022 1287 2075 et
1309 2016 1322 2075 l
1342 2035 1389 2076 so·

99 2126 161 2184 nat,
193 2115 220 2176 el
244 2123 275 2175 et
295 2113 306 2174 l
328 2122 426 2182 sonat,
457 2132 490 2173 ev
513 2121 541 2173 et
563 2131 580 2172 r
601 2120 702 2181 sonat,
733 2131 765 2171 es
786 2121 817 2172 et
838 2133 852 2173 s
874 2121 972 2183 sonat,
1003 2095 1048 2174 em
1074 2123 1103 2174 et
1124 2133 1153 2174 m
1176 2125 1275 2186 sonat,
1300 2135 1336 2176 en
1361 2126 1391 2176 et

99 2236 117 2279 u
138 2226 228 2279 sonat
252 2214 296 2297 [vx
319 2225 348 2276 et
369 2234 387 2274 x
410 2213 520 2294 sonat].
567 2231 638 2292 ergo
661 2215 692 2274 in
714 2213 940 2275 semivocalibus
962 2234 978 2275 e
1000 2216 1209 2296 praeponenda
1234 2226 1286 2278 est.
1317 2218 1388 2279 item

98 2324 126 2382 in
154 2321 247 2381 mutis
274 2316 368 2378 bcd
398 2316 532 2377 similiter
561 2336 577 2375 e
605 2315 810 2395 postponenda
839 2326 893 2376 est.
936 2317 988 2378 sed
1016 2327 1084 2378 suut
1110 2317 1225 2398 aliquae
1254 2317 1386 2397 littebae,

98 2439 171 2500 quae
194 2437 293 2500 neque
315 2418 352 2480 ab
376 2436 392 2478 e
414 2417 556 2478 inchoant
576 2403 674 2495 neque
696 2419 725 2477 iu
749 2438 765 2479 e
788 2419 935 2479 desinunt
982 2419 1037 2479 bae
1064 2418 1181 2480 litterae
1209 2419 1387 2481 calumniam

68 2527 266 2608 spatiuntur,
291 2529 323 2582 ut
345 2525 392 2581 est
413 2538 439 2580 x.
485 2518 597 2579 idcirco
620 2537 680 2579 non
702 2519 799 2580 littera
823 2520 945 2591 dicitur,
970 2520 1023 2580 sed
1046 2519 1156 2599 duplex
1178 2521 1284 2583 littera.
1316 2523 1335 2583 lv
1358 2531 1388 2584 et

97 2643 234 2706 qnoque
263 2623 300 2684 ab
327 2642 344 2684 e
372 2621 512 2683 inchoant
540 2638 636 2700 neque
657 2622 687 2680 in
712 2640 728 2681 o
751 2621 898 2683 desinunt.
944 2623 1016 2683 bot
1043 2624 1098 2683 ista
1126 2623 1262 2684 similiter
1285 2626 1315 2684 in
1338 2643 1385 2685 ca·

97 2726 240 2789 lumniam
262 2727 352 2786 venit.
398 2723 510 2783 idcirco
533 2722 672 2783 dicuntur
694 2745 713 2780 ιι
736 2723 847 2784 habent
870 2722 914 2784 vel
936 2722 1064 2784 mediam
1087 2732 1203 2804 partem
1226 2728 1312 2796 vocis,
1336 2735 1387 2787 aut

97 2839 176 2892 certe
198 2830 337 2909 quoniam
360 2827 451 2887 semis
472 2823 582 2885 babent
603 2824 640 2885 de
661 2831 807 2905 potestate
830 2824 981 2887 vocalium.

177 2931 277 2993 bintae
305 2935 403 2990 autem
432 2925 500 2987 ideo
529 2925 624 2987 dictae
646 2935 728 2998 sunt,
759 2929 842 3004 qnia,
866 2929 891 2987 si
914 2927 1052 2989 detrahas
1074 2927 1133 2989 illis
1154 2928 1301 2999 vocalem,
1326 2944 1502 2996 nonsatis

66 3041 202 3095 suonam
223 3032 352 3111 penitus.
398 3046 470 3107 ergo
492 3027 559 3088 ideo
582 3028 676 3089 dictae
699 3028 903 3098 semivocales,
928 3030 1006 3107 qnod
1029 3031 1161 3092 detracta
1182 3031 1274 3092 vocali
1298 3035 1387 3093 semis
1399 3013 1457 3071 520,
1471 3014 1502 3062 ¹⁶

98 3135 224 3196 babeant
247 3131 284 3192 de
305 3149 393 3199 voce,
417 3129 485 3191 ideo
507 3138 621 3201 mutae,
646 3133 713 3211 quia
736 3131 868 3192 detracta
891 3132 983 3193 vocali
1007 3135 1124 3213 penitus
1146 3152 1205 3194 non
1228 3141 1342 3194 sonant.

177 3232 300 3295 Vocales
323 3241 421 3293 autem
445 3235 573 3312 quinque
596 3243 679 3302 sunt,
703 3253 718 3294 a
742 3253 758 3293 e
781 3235 790 3292 i
812 3253 830 3294 o
853 3252 882 3294 u.
906 3235 980 3294 istae
1003 3235 1143 3314 quinque,
1166 3234 1283 3315 quando
1305 3234 1384 3295 solae
1396 3249 1454 3309 421,
1471 3252 1500 3299 tt

96 3337 302 3416 proteruntur,
327 3335 433 3413 longae
455 3343 525 3395 sunt
546 3354 676 3415 semper:
700 3334 819 3415 quando
841 3334 918 3395 solas
940 3333 1052 3396 litteras
1074 3335 1154 3405 dicis,
1178 3336 1283 3412 longae
1305 3344 1382 3396 sunt.
1397 3318 1455 3380 ⁵²⁰¹
1468 3319 1499 3368 ‘²⁷

96 3459 110 3499 a
137 3439 199 3501 sola
228 3437 315 3516 longa
344 3444 403 3504 est,
433 3457 448 3496 e
477 3436 538 3497 sola
566 3437 652 3515 longa
682 3445 735 3497 est.
764 3435 767 3515 l
797 3443 951 3515 praetcrea
981 3436 1018 3496 de
1040 3439 1104 3497 istis
1125 3439 1256 3517 quiuque
1278 3438 1383 3498 litteris

99 3575 396 3585 φὼρ-’.-

158 3645 216 3695 2si
236 3643 307 3692 dicas
326 3657 354 3691 es
372 3643 396 3691 L
413 3643 435 3693 si
453 3643 523 3690 dictu
540 3656 553 3688 s
569 3641 619 3691 Bc
634 3641 656 3689 si
675 3640 746 3690 dicas
765 3655 793 3689 se
812 3655 828 3688 a
845 3641 867 3689 si
886 3641 956 3691 dicos
974 3642 999 3690 A
1052 3641 1189 3692 buocales
1207 3643 1274 3691 euim
1292 3658 1337 3708 per
1354 3658 1382 3693 se

96 3725 182 3763 sonant
196 3723 222 3762 et
240 3729 286 3778 per
304 3727 332 3761 se
349 3711 466 3761 sillabom
487 3712 582 3761 iaciunt
599 3710 622 3758 L
641 3711 738 3759 uocalis
757 3710 823 3758 enim
843 3725 889 3777 per·
907 3726 935 3759 se
953 3720 1027 3760 sonat
1042 3721 1067 3759 et
1084 3726 1130 3776 per
1142 3727 1170 3760 se
1184 3713 1306 3775 syllabam
1322 3712 1382 3762 lacit

96 3783 176 3835 ABG
246 3784 261 3831 7
280 3783 324 3831 sed
345 3796 392 3846 per
409 3796 436 3830 se
453 3781 575 3845 syllabam
594 3795 642 3831 non
661 3780 759 3829 faciunt
776 3780 833 3829 ideo
854 3781 936 3829 dictae
955 3791 1014 3832 sont
1031 3783 1207 3833 serniuocates.
1228 3798 1242 3830 e
1261 3784 1286 3830 iu
1305 3784 1381 3833 semi-

96 3853 221 3903 nocalibns
245 3853 411 3917 praeponitur
435 3852 459 3900 iu
480 3852 555 3900 mutis
574 3851 734 3915 postponitur
756 3849 782 3910 (e
801 3877 832 3886 —
852 3853 1014 3915 postponitur
1030 3868 1075 3900 om.
1096 3852 1241 3901 Avedda
1260 3854 1285 3900 in
1304 3853 1381 3901 mutis

95 3923 254 3988 postponitur
270 3937 314 3971 om.
336 3920 374 3985 B)
396 3921 435 3970 uel
459 3921 635 3986 postponendo
653 3922 676 3967 in
695 3921 771 3968 mutis
789 3922 803 3968 ὀ
818 3929 913 3969 tantum
934 3922 1008 3970 modo
1027 3921 1079 3969 sola
1098 3920 1189 3972 ABG.
1208 3924 1380 3984 supplemento

92 3995 206 4054 praebuit
227 3993 250 4041 L
322 3992 434 4053 requae
454 3990 525 4056 ergo]
546 4006 624 4053 quiere
643 4004 705 4055 ergo
724 3988 748 4036 L
802 3991 834 4039 15
853 4001 880 4039 ut
897 3998 957 4055 puto
977 3990 1006 4040 el
1022 4000 1045 4040 et
1060 3990 1073 4039 l
1088 4000 1160 4039 sonat
1180 3991 1202 4040 le
1220 4001 1246 4040 et
1265 3992 1286 4040 el
1306 4001 1379 4041 sonat

94 4078 118 4112 re
134 4073 159 4112 et
177 4077 205 4112 er
222 4069 297 4110 sonat
316 4077 344 4109 ae
363 4071 428 4109 etes
447 4077 485 4109 eru
506 4071 530 4109 et
545 4075 569 4108 m
587 4070 661 4109 sonat
676 4074 706 4107 eu
726 4069 750 4106 et
768 4075 782 4105 n
801 4069 874 4108 sonat
893 4061 919 4108 ix
934 4071 959 4109 et
975 4060 1000 4108 ix
1020 4070 1093 4110 sonat
1108 4076 1170 4126 crgo
1191 4061 1214 4109 L
1232 4072 1291 4126 puto
1314 4060 1338 4108 l'e
1355 4071 1380 4110 et

94 4132 224 4182 eisonat
242 4132 249 4180 l
268 4150 281 4180 e
302 4139 327 4179 et
347 4130 382 4178 cl
402 4140 475 4180 sonat
494 4148 506 4179 r
524 4147 537 4178 e
556 4138 580 4179 et
599 4145 612 4178 e
629 4146 641 4176 r
658 4138 732 4177 sonat
749 4145 762 4177 o
781 4147 795 4178 e
813 4139 892 4178 etos
909 4145 970 4196 ergo
989 4131 1013 4179 A
1031 4140 1091 4196 puta
1109 4130 1134 4180 le
1152 4140 1177 4179 et
1196 4131 1296 4180 l'sonot
1316 4131 1338 4180 te
1355 4139 1379 4179 et
1455 4150 1459 4158 ·

93 4203 190 4252 ltooat
207 4217 248 4251 re
267 4213 292 4251 et
309 4215 321 4246 r
339 4209 412 4248 sonat
430 4215 474 4250 se
499 4210 523 4249 et
547 4208 649 4249 asonat
668 4213 730 4264 ergo
748 4198 802 4249 BC
872 4199 903 4250 tu
922 4198 1032 4266 aliquave]
1056 4200 1120 4249 aliae
1139 4199 1163 4247 L
1232 4200 1378 4250 etidcirco

92 4271 206 4322 dicuutur
226 4287 240 4320 e
261 4273 288 4320 in
312 4269 506 4319 semiuocnlibus
531 4269 664 4335 praeponit
687 4270 864 4333 (praeponitur
881 4285 950 4319 corr.
973 4272 1022 4318 -uit
1043 4271 1077 4330 L)
1100 4272 1123 4316 in
1151 4271 1226 4318 nvutis
1249 4271 1378 4335 postponit

92 4340 180 4391 habent
198 4340 291 4402 (babet
305 4337 344 4400 L)
355 4339 396 4388 uel
409 4341 517 4389 medinm
533 4350 628 4403 partem
645 4339 668 4386 A
678 4339 700 4387 L
717 4339 810 4388 idcirco
827 4340 920 4388 dicitur
938 4338 1032 4389 halvere
1050 4339 1123 4401 (quio
1136 4338 1231 4387 babent
1248 4339 1289 4388 uel
1307 4354 1375 4391 corr.

91 4410 182 4462 tatere
197 4412 234 4471 B)
252 4410 362 4459 mediam
379 4418 477 4474 partem
499 4408 563 4460 tte:
581 4410 675 4458 idcirco
694 4407 814 4458 dicuntur
831 4409 998 4459 semiuocnles
1016 4410 1134 4473 quoniam
1153 4407 1247 4457 habent
1266 4409 1305 4457 vel
1327 4425 1376 4457 nve-

90 4481 153 4530 diaov
176 4491 275 4546 partem
294 4481 398 4530 contem
414 4479 604 4528 Lindcmonnus.
629 4479 676 4528 aed
698 4480 815 4529 videntur
828 4482 905 4541 ptura
922 4481 995 4528 etium
1013 4479 1045 4528 dc
1060 4481 1260 4540 pronuntiatione
1277 4481 1376 4527 semino-

90 4553 175 4602 oeb'n
192 4557 354 4601 cincturam
372 4551 500 4599 exeunte
587 4547 621 4599 23
639 4549 717 4598 semis
737 4548 829 4598 hubent
848 4548 903 4599 LB
924 4550 1002 4598 semis
1020 4547 1096 4597 babet
1114 4546 1138 4596 A
1162 4549 1246 4597 minus
1263 4546 1337 4595 babet
1357 4545 1377 4595 C

154 4622 189 4670 at
209 4619 314 4670 uocales
332 4628 416 4668 autem
434 4619 506 4669 noa
524 4619 625 4669 uocales
644 4619 707 4667 istae
726 4620 766 4669 A:
785 4619 887 4669 vaocnles
906 4634 951 4668 .u.
973 4618 1014 4666 isti
1030 4628 1089 4668 sunt
1106 4632 1121 4665 n
1140 4619 1174 4666 ei
1195 4633 1209 4667 o
1227 4633 1242 4666 u
1260 4616 1376 4665 similiter

90 4687 219 4741 habentui
236 4691 359 4739 breneso
381 4703 441 4738 uero
459 4698 484 4738 et
502 4704 516 4737 c
535 4702 582 4737 non
602 4697 692 4739 sonant
706 4689 797 4738 breues
817 4691 842 4739 L
925 4688 959 4739 29
981 4699 1111 4752 praeterea
1133 4687 1164 4737 de
1183 4687 1239 4735 istis
1263 4685 1374 4749 quinque

90 4758 177 4811 litteris
196 4771 249 4811 tres
267 4767 328 4809 sunt
342 4773 407 4823 quae
422 4759 478 4808 sitve
493 4758 583 4808 breues
607 4759 661 4808 uine
680 4759 774 4812 moda
788 4759 862 4811 .i.u.
886 4758 1003 4807 similiter
1021 4758 1115 4807 babent
1134 4759 1156 4806 si
1175 4755 1260 4805 breuis
1278 4769 1293 4804 o
1311 4769 1373 4805 uero

90 4839 112 4877 et
125 4847 140 4880 e
152 4845 202 4880 non
220 4839 315 4880 sonant
332 4828 423 4878 breues
437 4830 461 4877 A
481 4837 612 4894 praeterea
629 4828 660 4877 de
676 4829 733 4878 istis
750 4830 861 4892 quinque
879 4829 969 4878 litteris
984 4835 1036 4878 tres
1052 4836 1111 4876 sunt
1129 4841 1193 4888 quae
1211 4827 1265 4874 siue
1283 4825 1373 4874 breues

90 4900 142 4949 siue
160 4901 254 4970 longae
274 4898 389 4948 eiusdem
407 4898 475 4948 modi
493 4913 508 4947 a
526 4900 534 4947 i
552 4913 568 4946 u
593 4899 709 4948 similiter
725 4897 819 4948 hebent
836 4899 891 4950 siue
914 4898 1005 4964 longae
1023 4897 1078 4946 siue
1096 4896 1186 4946 breues
1205 4910 1219 4945 o
1238 4910 1299 4945 uero
1317 4903 1372 4946 ete
