3382 5498
304 372 369 439 284
871 373 1025 438 bauran

331 483 492 538 pus-rra.

306 566 356 625 ‘in
381 582 464 625 versu
487 563 687 625 barbarismus
710 567 782 625 est'.
821 571 852 624 tu
875 561 949 623 dicis
970 561 1044 624 mibi
1066 567 1142 640 ‘quo
1166 560 1253 622 modo
1274 558 1347 621 mibi
1370 558 1467 619 dixisti
1486 558 1521 642 in
1544 575 1592 617 su·

304 664 363 725 luta
386 667 520 727 oratione
543 684 607 726 esse
631 665 855 743 barbarismum,
879 667 910 724 in
933 683 1021 726 versu
1037 683 1101 725 esse
1118 663 1349 743 metaplasmum,
1374 669 1403 721 et
1418 658 1594 751 plerumque

304 766 377 827 dicis
400 767 472 827 mibi
493 769 523 828 in
546 785 632 828 versu
656 787 720 828 esse
748 767 981 828 barbarismum?
1025 785 1083 846 quo
1107 765 1229 827 modoi'
1274 765 1298 824 si
1325 762 1376 823 ille
1398 762 1464 841 ipse
1486 759 1593 822 barba·

221 857 224 865 ’
304 870 426 937 rismus,
456 871 505 948 qui
528 870 621 930 lactus
643 878 688 930 est
709 870 740 929 in
761 887 863 949 prosa,
893 887 961 929 cum
983 870 1117 948 coeperit
1138 867 1307 936 transferri,
1336 882 1390 946 pro
1414 864 1593 953 necessitate

304 972 438 1050 ponitur,
467 980 591 1050 apparet
618 972 843 1050 metaplasmum
872 989 950 1054 esse;
983 971 1009 1030 si
1037 977 1133 1031 autem
1162 970 1226 1029 sine
1253 969 1316 1048 ipsa
1345 967 1521 1028 tracessitate
1548 973 1619 1027 esta

304 1073 427 1151 positus,
452 1081 575 1152 apparet
597 1072 813 1134 barbarismum
837 1092 912 1133 esse.
957 1080 1027 1152 puta

230 1162 233 1168 ’
455 1174 636 1252 reliquias
660 1175 820 1236 Danaum
845 1184 955 1253 atque
978 1175 1120 1235 inmitis
1142 1171 1314 1235 Achillis.

207 1296 210 1302 ·
304 1284 404 1356 posset
425 1286 504 1337 stare
527 1277 582 1337 iste
606 1278 724 1337 versus?
754 1296 822 1336 iton.
854 1296 886 1338 re
906 1278 988 1338 enim
1013 1275 1187 1337 naturaliter
1209 1274 1307 1334 brevis
1330 1279 1382 1333 est.
1421 1289 1493 1351 ergo
1513 1271 1593 1352 quod

304 1376 410 1438 adiecit
431 1395 518 1438 unam
543 1377 670 1439 litteram
694 1378 839 1456 Vergilius
862 1388 891 1439 et
912 1379 986 1439 dixit
1007 1376 1168 1458 relliquias,
1191 1377 1258 1438 ideo
1281 1377 1402 1445 adierim
1437 1393 1496 1437 non
1520 1392 1592 1454 quo·
1637 1408 1641 1422 ‹

305 1480 383 1538 niam
405 1479 550 1558 inperitus
572 1481 678 1550 luerat,
702 1480 791 1541 voluit
814 1480 932 1550 addere,
955 1479 1006 1541 sed
1027 1484 1032 1557 Ι
1052 1480 1190 1556 quoniam
1213 1479 1344 1541 voluerat
1358 1495 1517 1540 occurrere
1540 1495 1592 1538 ne·
1606 1490 1631 1530 1⁰

304 1581 432 1641 cessitati
454 1582 550 1642 metri.
596 1600 667 1659 ergo
689 1584 827 1661 quoniam
850 1590 943 1643 artem
967 1584 1144 1661 contempsit
1166 1582 1341 1643 necessitate
1364 1581 1464 1651 metri,
1499 1586 1592 1640 meta·

303 1682 432 1762 plasmas
456 1692 508 1743 est.
554 1683 579 1743 si
601 1692 699 1754 autem
722 1683 801 1744 nulla
830 1685 1004 1744 necessitate
1028 1691 1144 1744 extante
1166 1685 1287 1751 laceret,
1311 1682 1461 1744 diceretur
1483 1679 1591 1742 barba·

305 1785 420 1845 risurus.
460 1794 528 1862 puta
552 1784 697 1865 dicoque
721 1786 823 1846 modo:
855 1784 997 1847 Catilinna
1020 1787 1096 1865 siqui
1118 1786 1205 1855 dicat,
1230 1784 1446 1846 barbarismum
1470 1784 1541 1844 iacit
1561 1785 1591 1844 in

304 1887 360 1946 ltoc
383 1904 478 1948 versu,
515 1904 572 1965 qua
594 1888 727 1948 ratione?
757 1888 825 1965 quia
848 1886 868 1946 li
891 1886 1063 1948 naturaliter
1085 1887 1172 1964 longa
1195 1894 1247 1948 est.
1279 1904 1349 1965 ergo
1371 1888 1395 1946 si
1419 1885 1592 1948 naturaliter

305 1988 389 2067 longa
413 1997 464 2057 cst,
489 1988 557 2068 quid
581 2008 655 2068 opus
679 1996 724 2050 est
747 1997 778 2049 ut
801 1988 889 2050 addat
910 1988 952 2049 illi
974 1988 993 2048 li
1012 2009 1029 2049 n
1045 1988 1125 2050 illam
1147 1989 1294 2050 litteram?
1326 2008 1384 2068 quo
1400 1988 1488 2049 modo
1512 1990 1590 2048 enim
1605 1995 1628 2036 1⁵

303 2109 424 2170 possum
447 2089 547 2151 dicere
569 2092 608 2150 ita
632 2092 712 2150 etin
735 2099 839 2160 metro,
862 2110 927 2152 cum
953 2093 1039 2151 etiam
1062 2092 1126 2151 siue
1148 2093 1210 2170 ipsa
1233 2100 1311 2152 stare
1335 2090 1493 2170 potuisset?
1521 2109 1590 2151 non.

303 2209 374 2271 ergo
398 2190 499 2252 habuit
519 2191 795 2271 reprehensionem,
826 2194 894 2270 quia
917 2194 1004 2254 etiam
1026 2194 1056 2254 in
1079 2212 1164 2253 versu
1186 2200 1289 2272 posset
1310 2210 1390 2262 esse,
1414 2193 1439 2252 si
1462 2211 1522 2253 non
1544 2193 1589 2254 in·

304 2303 510 2375 terpnneretur
532 2293 586 2354 alia
610 2293 659 2355 illa
681 2294 788 2356 littera.

387 2395 543 2457 Praeterea
571 2398 737 2476 quaeritur,
768 2415 853 2476 quem
883 2396 919 2457 ad
949 2396 1067 2457 modum
1096 2396 1146 2456 stat
1171 2397 1201 2456 in
1224 2397 1391 2475 peregrinis
1414 2394 1520 2457 vertas.
1565 2398 1591 2457 si

301 2498 380 2558 enim
402 2497 510 2559 latinus
531 2499 620 2560 luerit
647 2516 759 2569 sermo,
789 2497 954 2578 appellatur
983 2498 1198 2567 barbarismus;
1232 2500 1256 2558 si
1285 2499 1462 2577 peregrinus
1490 2498 1627 2579 [uerita

301 2597 464 2678 appellatur
493 2598 707 2671 barbarolexis,
738 2609 770 2661 ut
797 2609 867 2681 puta
897 2602 971 2679 siqui
999 2601 1076 2661 dicat
1103 2610 1252 2678 mastruga
1281 2598 1404 2677 magalia
1434 2608 1463 2659 et
1485 2601 1587 2661 cateia.

301 2709 448 2779 mastruga
471 2718 573 2779 sagum
597 2701 706 2762 dicitur
732 2703 831 2780 lingua
855 2701 1030 2770 Sardorum:
1059 2701 1184 2781 magalia
1211 2703 1350 2762 dicuntur
1378 2719 1463 2762 casae
1491 2702 1590 2779 lingua

301 2804 452 2872 dirorum
467 2801 480 2883 ‚l
505 2803 596 2864 cateia
620 2803 710 2864 telum
733 2802 858 2864 dicimus
880 2803 977 2884 lingua
995 2805 1167 2873 Persarum:
1191 2806 1325 2865 acinaces
1344 2802 1469 2864 dicimus
1491 2802 1590 2881 lingua

302 2906 453 2966 Medorum
481 2905 617 2984 gladium.
663 2907 693 2965 in
721 2907 785 2966 istis
814 2905 911 2967 verbis
939 2907 1015 2984 siqui
1043 2907 1223 2985 peccaverit,
1260 2924 1318 2965 non
1347 2905 1456 2965 dicitur
1484 2905 1590 2965 iecisse

303 3006 534 3073 barbarismum,
563 3025 622 3066 nan
645 3007 752 3067 dicitur
780 3009 886 3069 iecisse
908 3006 1147 3087 metaplasmum,
1177 3007 1229 3067 sed
1259 3007 1365 3067 dieitur
1389 3007 1496 3068 iecisse
1518 3007 1625 3068 bar-2⁵

302 3107 465 3169 baruleain.
510 3110 585 3187 siqui
609 3109 677 3169 velit
704 3108 805 3170 dicere
835 3118 981 3188 mastruga
1010 3118 1060 3170 aut
1082 3111 1174 3170 cateia
1198 3118 1246 3170 ant
1269 3107 1408 3186 trogalia,
1438 3111 1462 3168 si
1485 3127 1589 3188 pccca-

303 3213 377 3270 verit
398 3213 428 3271 in
452 3212 515 3271 istis
537 3211 609 3289 ipsis
631 3210 744 3280 verbis,
769 3230 828 3272 non
857 3211 965 3272 dicitur
987 3210 1189 3272 barbarismus
1216 3220 1266 3272 aut
1289 3209 1512 3290 metaqdasmus,
1536 3211 1588 3272 sed

302 3310 515 3373 barbarolexis.

185 3427 242 3485 144,
259 3429 289 3476 la
385 3411 488 3474 Omnis
516 3413 714 3475 barbarismus
742 3417 775 3475 stt
802 3415 897 3475 modis
924 3415 1054 3485 duabus,
1084 3423 1135 3475 aut
1162 3417 1352 3495 pronuntiatu
1381 3422 1430 3475 aut
1460 3416 1588 3494 scriptu:

302 3517 503 3594 pronuntiatu,
527 3518 551 3576 si
575 3514 664 3577 addas
687 3516 814 3577 litteram
837 3516 881 3577 vel
905 3516 1058 3586 detraham
1083 3517 1186 3587 addas,
1211 3519 1236 3576 si
1259 3516 1339 3577 dicas
1362 3514 1511 3595 relliquias
1533 3527 1625 3596 pro³⁰

302 3617 454 3696 reliquias;
479 3617 626 3688 detrahas,
650 3620 674 3679 si
697 3617 775 3678 dicas
791 3618 921 3678 Porsena
944 3637 998 3695 pro
1022 3619 1156 3698 eoquod
1180 3628 1224 3680 est
1239 3619 1389 3680 Porsenna
1414 3616 1495 3698 [nec
1519 3637 1588 3679 nnn

302 3717 620 3798 etJTarquinius],
650 3719 756 3779 ‘banc
785 3728 958 3800 spectare
987 3739 1128 3781 manum
1152 3722 1314 3781 Porsena
1343 3739 1411 3781 non
1440 3721 1588 3799 potuit’.

372 3923 386 3970 7
403 3921 533 3985 relliquias
549 3922 589 3973 B:
611 3924 690 3986 Verp.
707 3923 771 3971 Aen.
794 3922 853 3972 130
939 3924 955 3973 8
973 3940 1021 3973 non
1042 3925 1107 3973 enirn
1128 3940 1154 3972 re
1173 3922 1318 3972 natttraliter
1337 3924 1421 3973 breuis
1440 3932 1477 3973 cst
1493 3925 1518 3973 B
1537 3940 1588 3972 trun

301 4001 339 4038 est
360 3992 427 4038 euim
448 3988 703 4040 naturaliter'brenis
720 4000 758 4040 est
776 3994 796 4042 C
814 4009 863 4042 raon
881 4003 918 4042 est
938 3995 1004 4042 enim
1025 3994 1171 4044 naturaliter
1190 3991 1308 4042 breuisS
1326 4007 1375 4041 non
1393 4009 1420 4041 re
1440 3993 1587 4042 naturaliter

302 4061 386 4109 breuis
404 4069 442 4110 est
456 4062 480 4109 P
532 4061 565 4111 10
584 4062 691 4110 uoluerit
710 4076 839 4112 occurrere
859 4063 929 4114 BSc
947 4064 1055 4113 uoluerit
1069 4078 1172 4113 occurre
1188 4063 1209 4112 G
1224 4065 1357 4112 occurrerit
1371 4065 1396 4113 P
1443 4065 1588 4113 necessitati

301 4138 406 4195 auroque
425 4136 479 4181 loco
496 4129 517 4179 S
533 4131 682 4181 necessitate
698 4130 779 4180 BCP
832 4133 864 4184 13
883 4134 908 4182 in
927 4133 976 4184 buc
993 4136 1069 4184 verbo
1090 4134 1275 4183 Lindemannus
1336 4134 1365 4182 la
1382 4150 1396 4182 a
1412 4149 1457 4182 ortt.
1472 4134 1493 4183 G
1499 4134 1520 4181 S

302 4199 334 4249 17
348 4200 405 4263 quia
418 4201 604 4251 Liadcmonaus
616 4215 680 4264 quae
693 4199 769 4251 BOS
814 4204 846 4254 21
863 4204 1035 4253 barbarolexis
1050 4204 1072 4252 B
1086 4204 1207 4253 barbatos
1220 4201 1284 4251 lexis
1297 4203 1317 4252 C
1329 4203 1452 4252 barbarus
1467 4203 1532 4252 lexis
1544 4206 1590 4255 SP

371 4279 497 4320 nrastruca
515 4271 540 4319 P
589 4271 621 4319 22
640 4281 766 4320 mastruca
785 4268 848 4336 iuga
865 4274 955 4322 dicitur
974 4274 997 4320 P
1049 4273 1083 4322 25
1102 4273 1277 4323 barbarolexim
1293 4273 1316 4322 B
1323 4274 1363 4322 Pe
1381 4274 1502 4322 barbason
1518 4272 1586 4323 lexin

302 4340 347 4389 GS
417 4340 451 4390 '26
469 4350 598 4407 mastruga
617 4340 659 4391 Bs
678 4349 825 4408 mastrugga
844 4343 859 4393 b
877 4355 1005 4408 mastruga
1026 4343 1106 4409 (corr.
1128 4342 1290 4408 mastruggs)
1310 4353 1353 4390 ortt
1371 4354 1501 4408 mastruga
1521 4345 1542 4394 0

301 4408 335 4458 '28
355 4408 474 4459 barbaros
494 4410 599 4462 lexisG
666 4410 698 4473 31
719 4413 739 4459 si
759 4412 830 4462 dicas
847 4427 957 4478 porsena
977 4427 1022 4478 pro
1040 4422 1159 4478 porsenta
1176 4414 1201 4463 P
1269 4427 1314 4461 nce
1334 4411 1393 4478 aron]
1421 4413 1499 4477 Verp.
1520 4416 1585 4466 Aea.

303 4480 358 4529 Vlll
376 4479 427 4530 aad
449 4495 495 4529 nee
519 4494 568 4529 non
585 4479 749 4544 Tarquinium
768 4483 873 4533 eiectum
893 4483 1021 4533 Porsenna
1040 4483 1151 4536 iubebat.
1189 4484 1326 4544 excerptum
1349 4485 1459 4546 Vergilii
1478 4483 1588 4534 additum

300 4566 356 4600 erse
373 4550 471 4601 uidetur
489 4549 636 4616 abaliquo,
655 4554 698 4617 qui
715 4567 730 4600 a
751 4553 858 4603 litteram
874 4555 949 4604 metri
964 4568 1044 4602 cuasa
1061 4554 1174 4604 additam
1190 4554 1311 4616 putabat,
1329 4569 1382 4602 mem
1395 4554 1501 4615 proprie
1519 4555 1587 4602 diee-

301 4631 370 4670 retur
387 4621 512 4671 Porsena:
531 4621 567 4682 cs.
586 4618 659 4673 Sero.
680 4625 705 4672 ia
728 4623 808 4688 Verp.
828 4626 844 4677 l.
859 4640 881 4677 c.
901 4618 986 4674 eodem
997 4626 1126 4686 pertinere
1141 4623 1238 4673 uidetur
1253 4623 1341 4686 286‚4
1358 4623 1399 4671 ille
1417 4622 1517 4672 addidit

301 4692 334 4741 32
352 4691 502 4753 tarquinuus
521 4693 602 4754 (corr.
629 4692 784 4754 tarquinius)
805 4693 908 4757 prislaan
928 4693 994 4741 barre
1016 4692 1040 4742 B
1058 4693 1198 4757 tarquinius
1216 4693 1317 4757 priscus
1336 4691 1438 4742 bancS
1508 4691 1583 4760 bane]

302 4776 418 4825 Martini.
436 4778 515 4842 epipr.
538 4777 546 4826 l
564 4775 596 4826 21
617 4776 689 4838 (22),
708 4778 724 4827 5
742 4762 817 4828 urere
833 4762 912 4842 quani
925 4779 1007 4846 potuit
1024 4787 1166 4847 contempto
1181 4777 1278 4827 Mucius
1299 4780 1366 4846 igne,
1385 4779 1453 4827 lianc
1472 4789 1589 4845 spectare

301 4860 402 4894 manum
421 4845 533 4897 Porsena
548 4860 599 4896 aon
614 4848 696 4912 potuit
