3346 5498
666 358 902 421 couttttttwtt
1370 355 1434 421 249

1248 479 1268 520 p·
1282 468 1371 509 eta-m
1386 466 1408 507 l.

139 548 199 609 beo
221 547 321 609 dicere
343 548 381 608 de
404 550 492 617 intus,
515 546 552 608 de
576 546 657 617 loris,
682 554 714 608 ut
735 548 841 625 iungas
864 548 1108 628 praepositiones.
1139 565 1210 626 ergo
1233 564 1342 627 usurpa
1360 546 1432 608 illud

141 656 173 710 et
193 648 289 730 aliqua
311 651 355 711 sic
377 649 439 719 dic,
466 648 471 730 Ι
495 648 531 709 ad
561 649 639 710 intro
668 657 697 709 et
725 648 759 709 ad
783 648 872 709 foras.
917 668 992 728 cogo
1022 658 1050 711 te
1073 667 1145 727 ergo
1168 649 1262 710 etsie
1284 647 1379 727 loqui,
1409 651 1433 709 si

141 752 268 829 iungere
290 749 419 813 volueris
441 754 692 832 praepositiones:
723 759 756 811 ut
776 752 926 831 possimus
947 754 1078 831 apertius
1103 749 1292 830 intellegere,
1316 750 1433 832 quando

140 860 211 914 sunt
231 855 288 914 ista
311 855 341 914 in
363 852 440 924 loco,
464 853 582 934 qivaudo
604 853 641 913 de
669 852 750 921 loco,
780 851 923 912 debemus
945 853 1055 915 addere
1083 854 1332 933 praepositiones,
1360 869 1432 931 quo·

112 957 221 1017 siriam
244 955 281 1016 de
302 956 447 1035 significat
468 955 505 1016 de
528 955 593 1017 loco
616 974 690 1024 esse,
714 953 751 1014 de
773 956 854 1014 intus
876 961 905 1014 et
927 952 963 1014 de
985 956 1069 1017 ioris.
1103 973 1175 1034 ergo
1197 957 1222 1016 si
1244 955 1300 1015 boc
1323 963 1377 1024 est,
1401 962 1434 1015 ut

138 1057 209 1118 ideo
237 1056 336 1119 dicant
364 1057 528 1120 addendam
558 1075 624 1118 esse
659 1058 923 1137 praepositionem,
958 1059 1097 1134 quoniam
1124 1057 1269 1136 significat
1297 1056 1334 1117 de
1367 1055 1433 1117 loco

139 1169 253 1240 aperte,
278 1177 333 1238 ego
356 1178 430 1238 cogo
452 1168 482 1220 te
504 1160 603 1221 dicere
625 1158 661 1220 ad
684 1161 773 1229 intro,
798 1158 833 1219 ad
857 1159 944 1228 toras,
970 1167 1002 1220 ut
1016 1161 1146 1239 apertius
1168 1159 1204 1221 ad
1226 1158 1324 1219 locum
1343 1158 1433 1236 sigui·

140 1262 220 1324 bees.
266 1264 400 1323 novimus
424 1263 503 1322 enim
526 1263 593 1341 quia
616 1261 651 1322 ad
675 1260 711 1322 ad
733 1259 832 1322 locum
854 1260 1008 1339 significat.
1055 1278 1126 1339 ergo
1156 1260 1247 1322 debes
1275 1259 1376 1320 dicere
1397 1259 1433 1319 ed

141 1366 236 1434 iutro,
273 1372 306 1424 ut
334 1365 466 1443 apertius
495 1365 643 1442 significes
672 1362 707 1423 ad
736 1360 844 1425 locum.
896 1362 948 1423 sed
977 1363 1033 1423 boc
1065 1379 1251 1441 nequaquam
1278 1380 1436 1442 possumus

99 1481 127 1520 ro
144 1466 251 1535 lacere,
276 1473 305 1526 et
327 1467 438 1527 utimur
460 1466 524 1525 sine
546 1466 775 1545 praepositione.
813 1473 843 1525 et
864 1464 982 1542 quando
1006 1467 1044 1526 sit
1066 1466 1240 1544 significatio
1262 1463 1307 1525 rel
1322 1465 1353 1524 in
1368 1463 1435 1525 loco

142 1556 186 1629 rel
209 1568 247 1628 de
270 1568 344 1638 loeo,
369 1567 407 1628 de
429 1567 528 1629 verbis
549 1567 707 1646 intellegis.

227 1670 340 1732 Accidit
353 1671 440 1732 etiam
453 1672 623 1750 conparatio
635 1667 791 1731 adverbiis.
816 1670 1042 1749 conparationes
1056 1667 1264 1730 adverbiorum
1274 1677 1337 1731 tres
1350 1675 1434 1731 sunt:
1448 1673 1507 1733 415,
1519 1673 1553 1722 24

143 1781 193 1833 aut
205 1774 283 1833 enim
296 1773 454 1854 positivum
465 1771 588 1849 gradum
604 1773 753 1851 recipiunt
768 1778 817 1832 aut
832 1773 1053 1851 conparativnm
1067 1778 1117 1831 aut
1132 1770 1352 1851 superlativum.
1376 1773 1435 1852 pri·
1448 1742 1508 1870 ’ἓξὲξ
1522 1743 1554 1858 ἒξ

142 1894 223 1937 mum
245 1876 322 1936 scire
345 1873 436 1935 debes
458 1868 518 1935 non
541 1876 638 1934 omnia
662 1872 802 1935 adverbia
824 1875 960 1953 recipere
976 1875 1211 1953 cooperationes,
1235 1874 1286 1935 sed
1311 1893 1345 1935 ea
1360 1893 1436 1954 qnae

95 1991 126 2033 rs
143 1977 257 2039 ducunt
271 1978 416 2054 originem
433 1975 632 2037 anominibus
648 1974 862 2055 recipientibus
877 1964 1132 2055 conparationem.
1154 1993 1213 2036 non
1229 1994 1318 2036 omne
1332 1974 1436 2037 adver·

142 2079 225 2142 bium
241 2079 348 2159 recipit
362 2079 614 2158 conparationem,
640 2077 691 2138 sed
712 2077 742 2137 id
758 2076 940 2147 adverbium,
962 2077 1041 2158 qnod
1057 2078 1164 2156 recipit
1185 2080 1436 2159 conparationem,

143 2183 255 2242 venite
272 2180 441 2241 nominibus
461 2179 674 2260 recipientibus
689 2181 941 2260 conparationem.
965 2188 1036 2260 puta
1052 2179 1156 2241 doctus
1172 2181 1279 2261 recipit
1292 2198 1436 2260 conpara·

142 2285 264 2352 tionem,
282 2282 369 2344 docte
390 2269 515 2350 doctius.
552 2301 585 2342 ea
602 2300 674 2361 erge
691 2280 829 2343 adverbia
847 2283 995 2360 recipiunt
1011 2284 1262 2361 conparationem,
1281 2299 1356 2360 quae
1372 2281 1437 2362 du}-

120 2408 122 2410 ·
142 2391 216 2446 cunt
230 2386 375 2462 originem
392 2403 407 2444 a
424 2383 593 2445 nominibus
608 2383 820 2463 recipientibus
835 2386 1087 2464 conparationem.
1111 2384 1181 2462 quid
1197 2402 1268 2463 ergo
1285 2386 1437 2463 sequitur?

97 2485 192 2548 willa
215 2485 364 2555 adverbia,
388 2503 464 2564 quae
487 2485 597 2547 ducunt
621 2487 764 2563 originem
781 2504 796 2545 a
813 2485 913 2556 verbo,
938 2505 997 2546 non
1020 2489 1168 2566 recipiunt
1185 2488 1436 2571 conparationem,

143 2591 283 2667 quoniam
315 2588 436 2649 verbum
471 2606 530 2648 non
559 2589 666 2667 recipit
698 2590 950 2668 conparationem.
1002 2596 1034 2649 ut
1066 2597 1137 2668 puta
1169 2591 1281 2650 cursim
1312 2590 1436 2651 strictim

144 2711 204 2752 nou
233 2693 384 2770 recipiunt
411 2692 671 2769 conparationem,
704 2692 843 2769 quoniam
872 2689 983 2751 ducunt
1009 2692 1152 2768 originem
1182 2709 1197 2750 a
1223 2689 1329 2759 verbo,
1359 2688 1436 2767 quod

116 2864 118 2866 ¹
144 2791 267 2852 verbum
291 2810 348 2854 uon
372 2794 479 2871 recipit
501 2793 752 2871 conparationem.
788 2792 857 2871 quid
880 2791 928 2852 illa
952 2791 1100 2860 adverbia,
1125 2810 1200 2869 quae
1223 2792 1367 2870 originem
1384 2789 1436 2851 du·

144 2901 216 2954 cunt
242 2912 257 2953 a
286 2897 476 2972 pronomine,
507 2894 626 2954 meatim
655 2895 775 2954 tuatim?
810 2913 869 2955 non
898 2895 1048 2972 recipiunt
1076 2895 1333 2973 conparationem,
1364 2910 1438 2970 quo·

101 2997 224 3058 asniam
253 3015 307 3057 uec
337 3015 502 3076 pronomen
532 2997 639 3075 recipit
667 2998 918 3074 conparationem.
963 2995 1033 3075 quid
1062 2998 1086 3056 si
1114 3004 1183 3075 puta
1217 2995 1267 3055 illa
1300 2994 1437 3056 adverbia

144 3099 290 3177 originem
312 3099 424 3160 ducant
446 3118 462 3158 a
486 3098 713 3159 coniunctione?
750 3116 810 3157 uon
838 3100 988 3177 recipiunt
1011 3100 1263 3177 conparationem.
1309 3113 1380 3174 crgo
1403 3115 1437 3157 ea

143 3200 281 3262 adverbia
304 3203 451 3280 recipiunt
474 3201 731 3280 conparationem,
756 3216 831 3278 quae
854 3199 967 3260 ducunt
989 3201 1133 3278 originem
1161 3218 1177 3260 a
1200 3198 1368 3260 nominibus
1390 3216 1437 3258 re·

143 3303 320 3382 cipientibns
343 3305 592 3382 conparationem.
638 3310 667 3361 et
692 3289 749 3362 i'sta
776 3304 840 3380 ipsa
863 3299 1014 3370 adverbia,
1051 3319 1126 3379 quae
1153 3303 1301 3381 recipiunt
1328 3319 1437 3380 coupa-

144 3407 299 3474 rationem,
324 3407 354 3464 in
377 3407 501 3485 positivo
524 3425 543 3461 e
565 3423 653 3465 unam
677 3403 809 3482 regulam
832 3402 951 3464 habent.
981 3405 1010 3463 in
1034 3405 1223 3483 conparativo
1246 3402 1326 3463 illam
1349 3421 1436 3484 quam

103 3507 274 3567 aodiximus
295 3506 427 3585 regulam
451 3507 520 3567 inde
543 3506 703 3585 probamus
725 3505 762 3566 de
781 3504 838 3566 boe
859 3507 925 3584 ipso
948 3507 1067 3566 nomine
1090 3503 1166 3566 bene
1189 3504 1293 3565 melius
1316 3507 1436 3584 optime.

145 3627 205 3670 nou
235 3617 278 3669 est
308 3608 411 3678 breve,
447 3617 479 3669 ut
500 3611 575 3669 scias
598 3608 731 3685 regulam
754 3606 940 3685 superlativi,
973 3606 1052 3667 unde
1075 3607 1205 3675 venerit,
1240 3609 1300 3669 sire
1328 3625 1345 3668 a
1370 3625 1437 3667 cor·

143 3719 231 3792 repto
253 3712 392 3790 positivo,
422 3713 483 3772 sive
506 3732 521 3771 a
544 3709 704 3789 producto;
735 3709 826 3770 nibilo
856 3711 952 3771 minus
981 3708 1031 3770 illa
1053 3707 1155 3786 regula
1178 3715 1321 3769 remanet.
1368 3727 1438 3787 ergo

143 3816 185 3874 ita
214 3832 246 3873 se
274 3813 383 3874 habent
413 3813 542 3891 regulae.
593 3815 622 3872 in
652 3813 777 3892 positivo
804 3812 880 3874 duae
912 3820 982 3873 sunt
1013 3809 1149 3897 regulae,
1183 3812 1214 3871 in
1248 3812 1439 3890 conparatiro

144 3934 205 3976 una
229 3924 282 3976 est.

102 4036 130 4074 aa
232 4017 307 4077 Sunt
328 4015 424 4094 aliqua
447 4017 583 4079 adverbia
607 4036 682 4097 qnae
707 4036 765 4078 non
788 4019 937 4096 recipiunt
955 4014 961 4100 Ι
980 4018 1232 4097 conparationem,
1256 4022 1285 4076 et
1301 4016 1509 4084 v‘olnmnstee,
1525 4026 1555 4074 17

146 4121 179 4179 iu
202 4120 276 4198 ipsis
299 4119 398 4179 lacere
421 4121 672 4197 conparationem.
718 4136 819 4188 mane,
842 4138 902 4181 non
925 4138 1082 4199 possumus
1104 4101 1204 4180 dicere
1233 4118 1311 4198 quod
1339 4095 1556 4179 dicunt⁵¹2’29

217 4375 233 4425 ss
252 4377 370 4438 quonium
383 4376 563 4442 signiticuutt'
615 4378 630 4426 7
649 4386 736 4441 aperte
755 4385 779 4424 et
798 4391 847 4442 ego
861 4377 924 4426 lacu
942 4387 1028 4440 operte
1045 4386 1069 4424 et
1088 4389 1149 4441 ergo
1163 4376 1187 4423 A
1239 4372 1255 4422 8
1274 4373 1354 4422 debeo
1367 4372 1441 4422 ABG

219 4446 250 4494 12
268 4446 452 4504 etinmom.A,
470 4444 575 4495 odda*
630 4445 662 4497 13
678 4447 745 4495 enim
765 4462 811 4498 om.
828 4445 863 4506 A,
876 4445 966 4498 odda
1021 4444 1227 4496 lilsecunturA
1279 4441 1390 4508 idergo
1409 4457 1439 4490 ee

143 4515 268 4567 adverbia
282 4517 406 4581 recipiunt
419 4519 624 4581 conparationem
640 4531 685 4565 om.
700 4517 734 4576 Α,
748 4516 810 4565 add.
823 4532 839 4564 a
891 4514 925 4565 ‘29
939 4515 963 4564 in
980 4516 1089 4580 positiuo
1104 4530 1179 4565 unam
1193 4512 1276 4563 ABG
1289 4513 1313 4560 in
1326 4511 1437 4578 positiuo

143 4601 196 4636 nou
216 4600 291 4634 unam
305 4601 331 4637 o.
344 4590 490 4636 sententiam
506 4590 662 4651 graiumntici
677 4587 811 4638 ostendunt
822 4601 852 4635 eo
865 4600 930 4650 quae
943 4585 974 4636 de
985 4587 1078 4650 regulis
1091 4587 1192 4648 positivi
1203 4591 1228 4633 et
1239 4584 1398 4646 conparatioi
1411 4589 1438 4631 et

142 4657 297 4721 superlativi
311 4658 415 4718 scripsit
432 4658 535 4707 Servius
552 4660 576 4706 in
592 4659 656 4706 lion.
671 4674 697 4721 p.
712 4656 773 4714 415,
788 4655 831 4707 28.
851 4658 936 4720 itaque
952 4657 1065 4704 lacunam
1083 4656 1203 4715 indicari,
1221 4655 1247 4702 in
1262 4653 1367 4717 reliquis
1380 4666 1437 4700 cor-

143 4731 247 4789 ruptam
262 4726 372 4775 codicum
388 4729 539 4789 scripturam
555 4726 649 4776 retinui
735 4725 770 4776 30
792 4724 907 4790 regulum
924 4725 985 4774 inde
1003 4725 1085 4775 ABG
1107 4726 1222 4789 regulam
1241 4722 1266 4770 in
1283 4722 1324 4769 ius
1342 4721 1401 4771 inde
1419 4737 1437 4769 a

216 4796 248 4847 31
267 4811 317 4845 non
336 4807 374 4846 cst
390 4797 472 4847 ABG
489 4797 556 4860 qrrod
571 4808 609 4847 est
626 4813 643 4845 o
722 4799 819 4845 venerit
836 4811 881 4847 om.
898 4795 932 4856 A,
953 4795 1015 4845 odd.
1035 4792 1068 4844 a*
1147 4799 1262 4857 correpto
1280 4792 1390 4856 positinu
1406 4792 1436 4840 a·

143 4866 292 4932 correptino
311 4867 394 4932 posito
413 4868 437 4916 Α
453 4868 594 4932 correptiuo
615 4867 725 4932 positiuo
744 4866 797 4917 BG
864 4863 897 4915 32
915 4866 959 4934 illa
977 4865 1066 4931 regula
1083 4863 1162 4914 nihilo
1180 4863 1265 4911 miuus
1282 4861 1308 4911 B
