3346 5498
656 441 659 446 ,
695 386 931 475 connnnrvn
1391 378 1455 443 299

1271 504 1291 544 p.
1305 491 1394 530 lbi-bh
1408 487 1429 529 l».

159 579 311 659 positione
339 576 428 637 habet
453 583 547 644 stare,
578 578 639 634 sive
661 574 764 635 dixero
787 573 844 644 illi,
874 574 1020 653 positione
1043 572 1132 632 habet
1153 579 1241 631 stare.
1287 587 1359 648 ergo
1382 570 1455 631 nihil

160 686 295 761 praestat
316 681 373 739 nisi
394 669 553 738 novitatem
576 675 760 740 elocutionis.
806 676 959 737 antithesis
981 675 1057 755 apud
1079 673 1200 734 Latinos
1221 672 1295 734 nihil
1317 680 1455 752 praestat.

161 782 352 843 econtrario
375 778 452 860 apud
476 779 606 840 Graecos
634 787 764 858 praestat
794 775 971 863 [ornatumlz
1001 775 1127 854 elonga
1151 783 1208 845 est,
1232 794 1250 835 ιι
1276 774 1372 836 brevis
1394 783 1453 841 est:

161 881 214 944 ubi
237 884 402 944 necessitas
425 889 471 942 est
494 882 596 950 metri,
619 880 700 941 illam
723 901 740 941 ο
763 901 818 962 pro
841 900 859 941 ιι
881 881 1054 960 accipimus.
1084 897 1153 940 ecce
1169 896 1202 939 re
1218 896 1285 938 vera
1301 876 1456 938 antithesis

133 993 223 1056 sest,
246 984 298 1046 ubi
321 983 418 1045 littera
441 1002 495 1063 pro
518 981 616 1044 littera
638 985 733 1064 posita
755 984 900 1063 praestitit
922 991 1065 1051 metrum;
1088 981 1137 1041 hic
1151 988 1249 1042 autem
1273 978 1346 1041 nihil
1369 998 1454 1059 prae·

161 1093 221 1150 stat
242 1098 348 1147 metro.
379 1085 431 1146 scd
447 1104 516 1146 ecce
532 1084 625 1146 habes
646 1085 725 1165 apud
750 1084 872 1147 Latinos
894 1085 1070 1154 antithesin,
1095 1082 1147 1144 sed
1168 1085 1198 1143 in
1219 1082 1310 1143 verbo
1332 1100 1454 1160 gracum

162 1207 224 1251 nou
247 1195 292 1251 est
312 1187 451 1258 latinum,
482 1187 534 1248 sed
557 1187 678 1248 verbum
702 1206 841 1267 graecum
864 1197 922 1258 est,
953 1193 1134 1267 ‘aquosus
1157 1186 1296 1246 Orion'.
1341 1182 1453 1244 odici-

163 1311 244 1361 muS,
268 1290 321 1351 sed
344 1292 401 1350 iam
427 1288 582 1350 antithesis
605 1292 662 1350 erit
684 1291 713 1349 in
735 1289 918 1369 temporibus
934 1297 1049 1350 tanturn
1065 1288 1177 1358 modo,
1192 1307 1251 1348 non
1274 1289 1304 1347 in
1327 1284 1455 1366 syllabis.

163 1412 261 1474 neme
284 1393 365 1453 enim
388 1391 474 1453 aliter
496 1391 603 1453 scribis
623 1379 731 1462 brion,
757 1400 788 1452 et
802 1392 887 1453 aliter
903 1392 1008 1454 scribis
1023 1373 1130 1453 (trient
1153 1391 1221 1451 ideo
1244 1408 1302 1450 non
1325 1397 1456 1468 praestat

126 1497 276 1557 relatiuis
309 1494 431 1574 aliquid:
466 1494 587 1555 eaedem
621 1496 700 1555 enim
735 1494 850 1555 vocales
882 1503 965 1564 sunt,
1000 1494 1053 1556 sed
1085 1490 1271 1573 temporibus
1305 1491 1454 1552 differunt.

165 1597 350 1659 metathesis:
379 1616 412 1657 re
436 1616 503 1658 vcra
531 1599 584 1657 ista
608 1596 750 1659 eruerunt
771 1596 849 1677 apud
872 1596 1005 1666 Latinos;
1035 1597 1083 1657 hic
1112 1597 1292 1657 transversio
1314 1602 1372 1665 cst,
1396 1612 1455 1654 non

164 1701 301 1769 mutatio,
330 1707 363 1759 ut
391 1718 449 1760 non
478 1697 601 1761 alteram
629 1717 684 1778 pro
712 1698 804 1761 altera
831 1718 941 1779 ponas,
972 1699 1025 1761 sed
1051 1701 1131 1779 ipsas
1159 1706 1327 1766 convertas,
1357 1707 1390 1759 ut
1412 1707 1457 1758 est

164 1802 326 1885 Thymbre,
352 1807 357 1876 1

316 1940 394 1983 nam
418 1921 486 1983 tibi
509 1919 695 1999 Thymbre
718 1932 832 2001 caput
853 1920 1065 1984 Euanthius
1088 1918 1245 1981 abstulit
1267 1921 1376 1981 ensis.

126 2057 152 2098 rs
165 2041 212 2103 dic
234 2040 421 2109 naturaliter,
445 2060 534 2120 quem
556 2041 592 2101 ad
615 2041 736 2102 modum
759 2049 804 2101 est
826 2039 900 2100 ordo
922 2040 1103 2110 litterarum,
1134 2050 1163 2100 et
1185 2058 1245 2100 uon
1267 2049 1324 2101 stat
1346 2059 1476 2112 versus·

164 2163 231 2204 uam
253 2142 309 2204 tibi
324 2142 474 2223 Thymber
497 2150 585 2222 capnt
601 2142 768 2203 Euandrius
790 2142 910 2203 abstulit
933 2145 1020 2204 ensis.
1052 2160 1124 2220 ergo
1147 2143 1317 2204 metathesis
1339 2142 1455 2224 dicitur,

163 2247 301 2323 quotiens
331 2245 513 2305 convertitur
546 2244 619 2306 ordo
653 2245 817 2306 litterarum
849 2263 938 2306 causa
970 2247 1170 2314 necessitatis,
1204 2253 1238 2306 ut
1269 2247 1362 2325 possit
1394 2265 1456 2306 me·

163 2357 242 2410 hum
265 2354 356 2408 stare.

248 2484 285 2544 lli
308 2491 377 2544 sunt
400 2483 583 2563 metaplasmi
598 2484 687 2545 xtltt.
706 2485 855 2545 schemata
873 2504 942 2545 vero
958 2494 1007 2545 aut
1021 2483 1122 2544 lexeos
1144 2492 1213 2545 sunt
1235 2491 1285 2544 aut
1307 2483 1456 2545 diauoeas.

120 2585 264 2648 aulercos
288 2586 425 2648 dicuntur
442 2603 516 2662 qrrae
531 2586 567 2647 ad
589 2588 984 2666 grammaticospertinent,
1007 2587 1145 2647 dianoeas
1167 2605 1241 2666 quae
1264 2586 1300 2646 ad
1323 2594 1457 2647 oratores

161 2690 322 2768 pertinent.
369 2688 487 2747 schema
510 2687 610 2749 lexeos
633 2689 751 2759 dicitur,
774 2691 913 2769 quotiens
934 2691 967 2749 srt
988 2691 1019 2750 in
1041 2708 1100 2749 uno
1123 2688 1228 2757 verbo;
1251 2688 1370 2750 schema
1394 2688 1455 2750 dia·

162 2809 253 2851 noeas
281 2790 406 2858 dicitur,
435 2791 572 2866 qtrotiens
600 2793 724 2870 integris
752 2791 849 2852 verbis
877 2793 908 2852 in
936 2811 1024 2853 sensu
1052 2792 1084 2851 lit
1110 2790 1239 2851 schema.
1284 2799 1317 2850 ut
1338 2798 1408 2869 puta
1431 2793 1456 2851 si

163 2891 243 2952 dicas
267 2892 345 2952 ‘hic
367 2890 474 2951 illius
496 2910 609 2962 arma,
634 2892 692 2953 hic
714 2912 846 2954 currus
870 2895 964 2964 luit',
989 2894 1057 2954 ‘hic
1073 2912 1154 2954 arma
1170 2893 1240 2952 luit’
1265 2882 1352 2953 nemo
1375 2892 1455 2962 dicit,

163 2993 214 3053 sed
237 2994 364 3054 ‘currus
387 2994 475 3061 luit';
504 3012 573 3054 ecce
602 3014 661 3055 uno
689 2995 781 3056 verbo
804 2985 969 3058 occurristi
982 2995 1099 3057 dnobus
1120 2993 1307 3055 sermonibus
1329 2994 1455 3055 dissimi-

128 3115 152 3153 ιι
166 3093 232 3156 liter
255 3097 375 3174 positis,
399 3094 427 3155 id
452 3104 497 3155 est
519 3096 653 3157 dissimili
676 3117 800 3158 nurnero
823 3100 999 3159 constitutis.
1031 3097 1087 3157 hoc
1110 3096 1229 3157 schema
1245 3098 1275 3157 in
1291 3115 1351 3158 uno
1366 3095 1457 3158 verbo

163 3199 211 3258 lrt:
236 3197 308 3257 tolle
332 3199 409 3257 enim
434 3196 505 3258 illud
530 3199 666 3269 verbum,
692 3208 720 3260 ct
743 3199 815 3260 nihil
838 3208 908 3268 stat,
930 3199 978 3260 hic
1000 3218 1108 3260 currus
1132 3198 1280 3280 [luerunt,
1304 3199 1353 3260 hic
1375 3217 1456 3260 arma

163 3297 312 3380 luerunt].
356 3316 427 3376 crgo
456 3301 486 3359 in
515 3319 574 3360 uno
602 3300 692 3361 verbo
721 3303 761 3362 tit.
807 3301 927 3362 schema
956 3309 1054 3363 autern
1082 3302 1221 3363 diauoeas
1249 3321 1308 3363 non
1336 3303 1367 3362 in
1395 3319 1455 3361 uno

164 3400 253 3462 verbo
277 3401 419 3469 efficitur,
449 3402 501 3461 sed
528 3404 558 3461 in
588 3411 725 3463 contextu
754 3406 882 3482 partium
904 3406 1056 3465 orationis.
1101 3412 1133 3463 nt
1166 3412 1234 3481 puta
1262 3402 1379 3482 quando
1401 3403 1455 3462 tin·

157 3502 260 3580 'gimus
292 3522 346 3562 nos
374 3502 447 3562 nihil
476 3504 574 3563 dicere
598 3512 627 3563 ct
650 3503 789 3575 dicimus,
813 3516 846 3565 ut
867 3506 964 3565 ‘narn
992 3503 1056 3566 illa
1086 3506 1195 3564 nimis
1219 3522 1283 3583 ego
1305 3506 1455 3581 antiqua

132 3613 384 3683 epraetereo‚
410 3605 504 3682 ‹ptrod
527 3604 711 3667 Servilius
733 3605 844 3667 Alrala
868 3607 1041 3687 Spurium
1070 3605 1245 3668 Maelium
1273 3606 1376 3667 novis
1398 3625 1454 3667 re·

165 3704 227 3766 bus
251 3707 467 3767 studentem
490 3725 597 3768 manu
621 3727 683 3769 sua
706 3709 876 3770 occidit':
906 3710 979 3770 dixit
1000 3717 1172 3790 praetereo,
1197 3717 1227 3769 et
1247 3707 1317 3768 dicit
1338 3707 1388 3768 illa
1411 3709 1454 3770 ui·

163 3804 222 3868 hilo
245 3809 352 3868 minus
383 3810 437 3868 ista
461 3808 602 3870 dianoeae
624 3819 702 3871 sunt.
734 3830 805 3890 ergo
827 3810 895 3873 illac
917 3813 1040 3891 figurae,
1063 3832 1138 3894 quae
1161 3813 1235 3872 liunt
1256 3812 1287 3872 in
1308 3810 1454 3881 sensibus,

163 3912 312 3988 pertinent
340 3909 376 3969 ad
405 3907 562 3986 oraltores;
592 3932 666 3993 quae
693 3914 767 3973 fiunt
794 3914 825 3974 in
854 3914 1056 3986 sermonibus,
1086 3916 1122 3976 ad
1150 3915 1359 3994 grammaticos
1386 3932 1455 3993 per·

162 4012 266 4081 tinent.

232 4319 243 4367 l
273 4319 336 4367 nihil
362 4331 472 4385 praestat
497 4321 544 4368 nisi
565 4322 588 4369 P
611 4321 674 4370 nintt
700 4332 827 4388 praestant
850 4323 898 4372 nisi
917 4322 997 4372 BOS
1082 4324 1099 4373 3
1123 4326 1237 4383 sortasse
1258 4323 1327 4388 apud
1344 4323 1455 4373 Graecos

163 4398 275 4451 praestet
293 4401 399 4438 metrum
471 4392 628 4455 bpraestitit
647 4395 765 4447 metro?
833 4389 991 4458 laquosus]
1015 4394 1093 4458 Verp.
1116 4394 1180 4446 Aen.
1201 4395 1246 4443 llll
1261 4394 1360 4455 b‘lzcs,
1381 4392 1452 4444 Sero.

162 4462 187 4508 ιἰι
210 4459 290 4523 Verp.
305 4459 370 4509 Aen.
389 4461 395 4506 Ι
416 4460 466 4509 535
541 4461 568 4510 ll
589 4471 735 4512 transuersu
751 4461 1066 4512 estPtrensuersnmest
1083 4463 1160 4514 BCS
1230 4464 1262 4514 14
1280 4460 1349 4528 num]
1374 4464 1453 4527 Verp.

163 4528 227 4580 Aea.
246 4527 271 4576 X
290 4529 340 4580 394
429 4529 617 4597 seirannus]
644 4533 723 4598 Verp.
746 4534 810 4585 Aen.
829 4533 838 4579 l
860 4531 892 4582 16
978 4531 1012 4583 26
1029 4531 1071 4582 hic
1089 4549 1177 4583 currus
1196 4534 1299 4584 luerunt
1316 4531 1358 4580 hic
1384 4547 1454 4581 erma

163 4597 265 4647 luerunt
284 4599 305 4647 S
326 4598 368 4648 hic
391 4615 478 4650 currus
505 4600 545 4648 hic
569 4616 639 4650 orma
667 4603 771 4653 luerunt
788 4603 813 4653 B
837 4601 879 4649 hic
902 4616 990 4650 currus
1014 4602 1115 4653 hrenmt
1137 4603 1178 4654 hic
1201 4620 1272 4655 orme
1290 4603 1390 4651 luerunt
1413 4602 1455 4650 hic

162 4667 266 4716 schema
286 4661 426 4719 fuerumt)
495 4670 528 4720 ’29
549 4686 605 4720 nam
625 4670 677 4739 illa]
700 4675 751 4726 Cic.
772 4676 798 4724 lu
813 4671 887 4722 Cant.
904 4672 915 4720 1
935 4670 992 4735 1,·2
1062 4673 1096 4725 30
1110 4690 1226 4737 quaeque
1244 4672 1363 4722 seruilius
1382 4670 1455 4721 balae

163 4740 267 4800 spurius
285 4740 387 4786 melium
405 4741 477 4788 nouis
490 4743 510 4791 S
529 4756 659 4803 quinequne
676 4745 795 4793 seruilius
808 4741 881 4791 halas
899 4743 1001 4807 spurius
1015 4741 1112 4793 milium
1128 4746 1202 4794 nouis
1218 4745 1239 4793 O
1255 4756 1371 4805 quaeque
1385 4743 1454 4791 serui

163 4806 233 4870 illius
253 4807 318 4857 tritus
340 4811 458 4873 superius
478 4809 559 4873 (corr.
583 4812 696 4882 spurius)
715 4815 818 4863 melium
839 4808 922 4874 (com.
943 4810 1057 4876 milium)
1072 4815 1147 4866 nouis
1165 4815 1188 4863 B
1209 4828 1302 4884 quaeq,
1321 4811 1453 4864 seruilium

163 4876 218 4926 elas
236 4879 415 4944 purimaelium
431 4881 502 4932 nobis
521 4882 546 4938 P
614 4883 646 4941 31
665 4883 757 4933 occidit
775 4885 800 4932 P
813 4880 932 4932 occiderit
951 4880 1027 4933 Bou
