<?xml version="1.0" encoding="UTF-8"?>
<!DOCTYPE html PUBLIC "-//W3C//DTD XHTML 1.0 Transitional//EN"
    "http://www.w3.org/TR/xhtml1/DTD/xhtml1-transitional.dtd">
<html xmlns="http://www.w3.org/1999/xhtml" xml:lang="en" lang="en">
 <head>
  <title>
</title>
<meta http-equiv="Content-Type" content="text/html;charset=utf-8" />
  <meta name='ocr-system' content='tesseract 3.04.00' />
  <meta name='ocr-capabilities' content='ocr_page ocr_carea ocr_par ocr_line ocrx_word'/>
</head>
<body>
  <div class='ocr_page' id='page_1' title='image "./grammaticilatin03keilgoog_0509.png"; bbox 0 0 3346 5498; ppageno 0'>
   <div class='ocr_carea' id='block_1_1' title="bbox 122 373 859 437">
    <p class='ocr_par' dir='ltr' id='par_1_1' title="bbox 122 373 859 437">
     <span class='ocr_line' id='line_1_1' title="bbox 122 373 859 437; baseline -0.003 0"><span class='ocrx_word' id='word_1_1' title='bbox 122 373 186 437; x_wconf 78' lang='lat'><strong>486</strong></span> <span class='ocrx_word' id='word_1_2' title='bbox 675 374 859 436; x_wconf 72' lang='lat' dir='ltr'><strong>turnicius</strong></span> 
     </span>
    </p>
   </div>
   <div class='ocr_carea' id='block_1_2' title="bbox 110 480 1457 4104">
    <p class='ocr_par' dir='ltr' id='par_1_2' title="bbox 123 480 1443 1148">
     <span class='ocr_line' id='line_1_2' title="bbox 138 480 1388 535; baseline 0.002 -14"><span class='ocrx_word' id='word_1_3' title='bbox 138 481 303 535; x_wconf 53' lang='lat' dir='ltr'><strong>parumn.</strong></span> <span class='ocrx_word' id='word_1_4' title='bbox 1215 480 1388 534; x_wconf 65' lang='lat' dir='ltr'><strong>persam.</strong></span> 
     </span>
     <span class='ocr_line' id='line_1_3' title="bbox 124 561 1414 645; baseline 0 -23"><span class='ocrx_word' id='word_1_5' title='bbox 124 580 177 630; x_wconf 91' lang='lat' dir='ltr'><strong>no,</strong></span> <span class='ocrx_word' id='word_1_6' title='bbox 192 579 296 645; x_wconf 79' lang='lat' dir='ltr'><strong>¹crepo</strong></span> <span class='ocrx_word' id='word_1_7' title='bbox 324 561 476 642; x_wconf 81' lang='lat' dir='ltr'><strong>discrepo,</strong></span> <span class='ocrx_word' id='word_1_8' title='bbox 505 580 577 640; x_wconf 89' lang='lat' dir='ltr'><strong>repo</strong></span> <span class='ocrx_word' id='word_1_9' title='bbox 604 561 716 639; x_wconf 91' lang='lat' dir='ltr'><strong>adrepo</strong></span> <span class='ocrx_word' id='word_1_10' title='bbox 744 563 864 640; x_wconf 92' lang='lat' dir='ltr'><strong>inrepo,</strong></span> <span class='ocrx_word' id='word_1_11' title='bbox 894 579 945 621; x_wconf 92' lang='lat' dir='ltr'><strong>aro</strong></span> <span class='ocrx_word' id='word_1_12' title='bbox 967 579 1072 630; x_wconf 81' lang='lat' dir='ltr'><strong>exaro,</strong></span> <span class='ocrx_word' id='word_1_13' title='bbox 1096 579 1184 622; x_wconf 91' lang='lat' dir='ltr'><strong>curro</strong></span> <span class='ocrx_word' id='word_1_14' title='bbox 1205 563 1328 622; x_wconf 89' lang='lat' dir='ltr'><strong>incurro</strong></span> <span class='ocrx_word' id='word_1_15' title='bbox 1351 561 1414 622; x_wconf 88' lang='lat' dir='ltr'><strong>dis·</strong></span> 
     </span>
     <span class='ocr_line' id='line_1_4' title="bbox 124 662 1413 743; baseline 0.001 -20"><span class='ocrx_word' id='word_1_16' title='bbox 124 682 213 724; x_wconf 92' lang='lat' dir='ltr'><strong>curro</strong></span> <span class='ocrx_word' id='word_1_17' title='bbox 241 681 406 732; x_wconf 90' lang='lat' dir='ltr'><strong>concurro,</strong></span> <span class='ocrx_word' id='word_1_18' title='bbox 435 681 526 743; x_wconf 89' lang='lat' dir='ltr'><strong>penso</strong></span> <span class='ocrx_word' id='word_1_19' title='bbox 554 662 695 742; x_wconf 88' lang='lat' dir='ltr'><strong>dispenso</strong></span> <span class='ocrx_word' id='word_1_20' title='bbox 727 680 901 741; x_wconf 89' lang='lat' dir='ltr'><strong>compenso,</strong></span> <span class='ocrx_word' id='word_1_21' title='bbox 929 664 992 722; x_wconf 84' lang='lat' dir='ltr'><strong>viso</strong></span> <span class='ocrx_word' id='word_1_22' title='bbox 1019 665 1130 725; x_wconf 81' lang='lat' dir='ltr'><strong>inviso,</strong></span> <span class='ocrx_word' id='word_1_23' title='bbox 1158 670 1246 722; x_wconf 90' lang='lat' dir='ltr'><strong>canto</strong></span> <span class='ocrx_word' id='word_1_24' title='bbox 1273 663 1413 732; x_wconf 88' lang='lat' dir='ltr'><strong>decanto,</strong></span> 
     </span>
     <span class='ocr_line' id='line_1_5' title="bbox 123 763 1412 836; baseline 0.001 -12"><span class='ocrx_word' id='word_1_25' title='bbox 123 768 209 826; x_wconf 91' lang='lat' dir='ltr'><strong>mitto</strong></span> <span class='ocrx_word' id='word_1_26' title='bbox 232 768 349 825; x_wconf 81' lang='lat' dir='ltr'><strong>inmitto</strong></span> <span class='ocrx_word' id='word_1_27' title='bbox 373 764 532 835; x_wconf 86' lang='lat' dir='ltr'><strong>submitto,</strong></span> <span class='ocrx_word' id='word_1_28' title='bbox 556 783 646 824; x_wconf 85' lang='lat' dir='ltr'><strong>curro</strong></span> <span class='ocrx_word' id='word_1_29' title='bbox 661 767 799 834; x_wconf 89' lang='lat' dir='ltr'><strong>incurro,</strong></span> <span class='ocrx_word' id='word_1_30' title='bbox 823 763 903 824; x_wconf 82' lang='lat' dir='ltr'><strong>solvo</strong></span> <span class='ocrx_word' id='word_1_31' title='bbox 918 764 1061 834; x_wconf 81' lang='lat' dir='ltr'><strong>dissolvo,</strong></span> <span class='ocrx_word' id='word_1_32' title='bbox 1085 765 1161 825; x_wconf 92' lang='lat' dir='ltr'><strong>duco</strong></span> <span class='ocrx_word' id='word_1_33' title='bbox 1176 764 1290 825; x_wconf 82' lang='lat' dir='ltr'><strong>deduco</strong></span> <span class='ocrx_word' id='word_1_34' title='bbox 1305 765 1412 836; x_wconf 93' lang='lat' dir='ltr'><strong>educo,</strong></span> 
     </span>
     <span class='ocr_line' id='line_1_6' title="bbox 123 865 1412 946; baseline -0.002 -18"><span class='ocrx_word' id='word_1_35' title='bbox 123 869 182 928; x_wconf 91' lang='lat' dir='ltr'><strong>nisi</strong></span> <span class='ocrx_word' id='word_1_36' title='bbox 206 886 310 928; x_wconf 90' lang='lat' dir='ltr'><strong>sensus</strong></span> <span class='ocrx_word' id='word_1_37' title='bbox 332 885 420 927; x_wconf 88' lang='lat' dir='ltr'><strong>causa</strong></span> <span class='ocrx_word' id='word_1_38' title='bbox 443 874 574 927; x_wconf 85' lang='lat' dir='ltr'><strong>mutetur</strong></span> <span class='ocrx_word' id='word_1_39' title='bbox 596 866 779 944; x_wconf 89' lang='lat' dir='ltr'><strong>coniugatio,</strong></span> <span class='ocrx_word' id='word_1_40' title='bbox 802 865 947 944; x_wconf 89' lang='lat' dir='ltr'><strong>producta</strong></span> <span class='ocrx_word' id='word_1_41' title='bbox 961 866 1082 945; x_wconf 87' lang='lat' dir='ltr'><strong>quidem</strong></span> <span class='ocrx_word' id='word_1_42' title='bbox 1097 867 1278 946; x_wconf 74' lang='lat' dir='ltr'><strong>paenultima</strong></span> <span class='ocrx_word' id='word_1_43' title='bbox 1291 867 1412 936; x_wconf 77' lang='lat' dir='ltr'><strong>tertiae,</strong></span> 
     </span>
     <span class='ocr_line' id='line_1_7' title="bbox 124 967 1443 1048; baseline 0 -19"><span class='ocrx_word' id='word_1_44' title='bbox 124 969 218 1029; x_wconf 90' lang='lat' dir='ltr'><strong>educo</strong></span> <span class='ocrx_word' id='word_1_45' title='bbox 241 969 359 1037; x_wconf 88' lang='lat' dir='ltr'><strong>educis,</strong></span> <span class='ocrx_word' id='word_1_46' title='bbox 388 977 527 1048; x_wconf 87' lang='lat' dir='ltr'><strong>correpta</strong></span> <span class='ocrx_word' id='word_1_47' title='bbox 555 975 653 1029; x_wconf 90' lang='lat' dir='ltr'><strong>autem</strong></span> <span class='ocrx_word' id='word_1_48' title='bbox 681 967 861 1046; x_wconf 78' lang='lat' dir='ltr'><strong>paenultima</strong></span> <span class='ocrx_word' id='word_1_49' title='bbox 888 970 1020 1046; x_wconf 81' lang='lat' dir='ltr'><strong>primae,</strong></span> <span class='ocrx_word' id='word_1_50' title='bbox 1049 967 1142 1028; x_wconf 91' lang='lat' dir='ltr'><strong>educo</strong></span> <span class='ocrx_word' id='word_1_51' title='bbox 1164 969 1287 1038; x_wconf 78' lang='lat' dir='ltr'><strong>educas,</strong></span> <span class='ocrx_word' id='word_1_52' title='bbox 1310 969 1342 1029; x_wconf 92' lang='lat' dir='ltr'><strong>id</strong></span> <span class='ocrx_word' id='word_1_53' title='bbox 1366 975 1443 1029; x_wconf 81' lang='lat' dir='ltr'><strong>esta</strong></span> 
     </span>
     <span class='ocr_line' id='line_1_8' title="bbox 124 1067 908 1148; baseline 0 -18"><span class='ocrx_word' id='word_1_54' title='bbox 124 1073 242 1140; x_wconf 83' lang='lat' dir='ltr'><strong>nutrio,</strong></span> <span class='ocrx_word' id='word_1_55' title='bbox 266 1089 325 1131; x_wconf 91' lang='lat' dir='ltr'><strong>non</strong></span> <span class='ocrx_word' id='word_1_56' title='bbox 348 1070 488 1140; x_wconf 83' lang='lat' dir='ltr'><strong>extraho,</strong></span> <span class='ocrx_word' id='word_1_57' title='bbox 511 1078 544 1131; x_wconf 91' lang='lat' dir='ltr'><strong>nt</strong></span> <span class='ocrx_word' id='word_1_58' title='bbox 566 1069 707 1148; x_wconf 85' lang='lat' dir='ltr'><strong>Virgilius</strong></span> <span class='ocrx_word' id='word_1_59' title='bbox 729 1071 760 1128; x_wconf 92' lang='lat' dir='ltr'><strong>in</strong></span> <span class='ocrx_word' id='word_1_60' title='bbox 781 1067 860 1129; x_wconf 84' lang='lat' dir='ltr'><strong>libro</strong></span> <span class='ocrx_word' id='word_1_61' title='bbox 882 1069 908 1130; x_wconf 85' lang='lat' dir='ltr'>X</span> 
     </span>
    </p>

    <p class='ocr_par' dir='ltr' id='par_1_3' title="bbox 110 1169 1457 3492">
     <span class='ocr_line' id='line_1_9' title="bbox 274 1169 1331 1252; baseline 0.001 -20"><span class='ocrx_word' id='word_1_62' title='bbox 274 1180 453 1252; x_wconf 83' lang='lat' dir='ltr'><strong>quattuor</strong></span> <span class='ocrx_word' id='word_1_63' title='bbox 475 1172 536 1231; x_wconf 90' lang='lat' dir='ltr'><strong>hic</strong></span> <span class='ocrx_word' id='word_1_64' title='bbox 559 1173 725 1240; x_wconf 81' lang='lat' dir='ltr'><strong>iuvenes,</strong></span> <span class='ocrx_word' id='word_1_65' title='bbox 749 1169 909 1230; x_wconf 88' lang='lat' dir='ltr'><strong>totidem</strong></span> <span class='ocrx_word' id='word_1_66' title='bbox 931 1188 1022 1250; x_wconf 88' lang='lat' dir='ltr'><strong>quos</strong></span> <span class='ocrx_word' id='word_1_67' title='bbox 1043 1172 1180 1233; x_wconf 87' lang='lat' dir='ltr'><strong>educat</strong></span> <span class='ocrx_word' id='word_1_68' title='bbox 1202 1171 1331 1243; x_wconf 84' lang='lat' dir='ltr'><strong>Vicus;</strong></span> 
     </span>
     <span class='ocr_line' id='line_1_10' title="bbox 123 1271 1413 1356; baseline -0.001 -21"><span class='ocrx_word' id='word_1_69' title='bbox 123 1276 201 1356; x_wconf 85' lang='lat' dir='ltr'><strong>quod</strong></span> <span class='ocrx_word' id='word_1_70' title='bbox 224 1294 241 1335; x_wconf 91' lang='lat' dir='ltr'><strong>a</strong></span> <span class='ocrx_word' id='word_1_71' title='bbox 263 1276 382 1334; x_wconf 89' lang='lat' dir='ltr'><strong>nomine</strong></span> <span class='ocrx_word' id='word_1_72' title='bbox 411 1274 469 1334; x_wconf 86' lang='lat' dir='ltr'><strong>dux</strong></span> <span class='ocrx_word' id='word_1_73' title='bbox 497 1274 581 1334; x_wconf 91' lang='lat' dir='ltr'><strong>ducis</strong></span> <span class='ocrx_word' id='word_1_74' title='bbox 612 1291 698 1352; x_wconf 91' lang='lat' dir='ltr'><strong>posse</strong></span> <span class='ocrx_word' id='word_1_75' title='bbox 726 1274 790 1332; x_wconf 89' lang='lat' dir='ltr'><strong>lieri</strong></span> <span class='ocrx_word' id='word_1_76' title='bbox 814 1271 1023 1351; x_wconf 84' lang='lat' dir='ltr'><strong>praediximus.</strong></span> <span class='ocrx_word' id='word_1_77' title='bbox 1068 1284 1098 1335; x_wconf 91' lang='lat' dir='ltr'><strong>et</strong></span> <span class='ocrx_word' id='word_1_78' title='bbox 1119 1275 1264 1335; x_wconf 90' lang='lat' dir='ltr'><strong>manduco</strong></span> <span class='ocrx_word' id='word_1_79' title='bbox 1286 1273 1413 1336; x_wconf 90' lang='lat' dir='ltr'><strong>maudu-</strong></span> 
     </span>
     <span class='ocr_line' id='line_1_11' title="bbox 110 1373 1413 1455; baseline -0.001 -17"><span class='ocrx_word' id='word_1_80' title='bbox 110 1395 188 1447; x_wconf 74' lang='lat' dir='ltr'><strong>cas,</strong></span> <span class='ocrx_word' id='word_1_81' title='bbox 213 1377 283 1437; x_wconf 89' lang='lat' dir='ltr'><strong>licet</strong></span> <span class='ocrx_word' id='word_1_82' title='bbox 306 1394 322 1436; x_wconf 92' lang='lat' dir='ltr'><strong>a</strong></span> <span class='ocrx_word' id='word_1_83' title='bbox 344 1375 421 1435; x_wconf 91' lang='lat' dir='ltr'><strong>duco</strong></span> <span class='ocrx_word' id='word_1_84' title='bbox 442 1375 527 1436; x_wconf 90' lang='lat' dir='ltr'><strong>ducis</strong></span> <span class='ocrx_word' id='word_1_85' title='bbox 556 1373 646 1435; x_wconf 85' lang='lat' dir='ltr'><strong>verbo</strong></span> <span class='ocrx_word' id='word_1_86' title='bbox 661 1374 779 1435; x_wconf 85' lang='lat' dir='ltr'><strong>ridetur</strong></span> <span class='ocrx_word' id='word_1_87' title='bbox 800 1376 952 1455; x_wconf 88' lang='lat' dir='ltr'><strong>componi,</strong></span> <span class='ocrx_word' id='word_1_88' title='bbox 974 1382 1072 1436; x_wconf 89' lang='lat' dir='ltr'><strong>tamen</strong></span> <span class='ocrx_word' id='word_1_89' title='bbox 1094 1394 1162 1436; x_wconf 91' lang='lat' dir='ltr'><strong>cum</strong></span> <span class='ocrx_word' id='word_1_90' title='bbox 1184 1377 1303 1436; x_wconf 90' lang='lat' dir='ltr'><strong>nomine</strong></span> <span class='ocrx_word' id='word_1_91' title='bbox 1328 1393 1413 1437; x_wconf 90' lang='lat' dir='ltr'><strong>com·</strong></span> 
     </span>
     <span class='ocr_line' id='line_1_12' title="bbox 124 1462 1457 1559; baseline 0.001 -20"><span class='ocrx_word' id='word_1_92' title='bbox 124 1481 266 1559; x_wconf 87' lang='lat' dir='ltr'><strong>positum,</strong></span> <span class='ocrx_word' id='word_1_93' title='bbox 310 1462 394 1557; x_wconf 83' lang='lat' dir='ltr'><strong>quasi</strong></span> <span class='ocrx_word' id='word_1_94' title='bbox 432 1495 551 1537; x_wconf 90' lang='lat' dir='ltr'><strong>manum</strong></span> <span class='ocrx_word' id='word_1_95' title='bbox 594 1476 630 1537; x_wconf 93' lang='lat' dir='ltr'><strong>ad</strong></span> <span class='ocrx_word' id='word_1_96' title='bbox 667 1495 700 1536; x_wconf 89' lang='lat' dir='ltr'><strong>os</strong></span> <span class='ocrx_word' id='word_1_97' title='bbox 741 1476 832 1545; x_wconf 91' lang='lat' dir='ltr'><strong>duco,</strong></span> <span class='ocrx_word' id='word_1_98' title='bbox 874 1479 940 1537; x_wconf 89' lang='lat' dir='ltr'><strong>iure</strong></span> <span class='ocrx_word' id='word_1_99' title='bbox 976 1479 1090 1557; x_wconf 87' lang='lat' dir='ltr'><strong>primae</strong></span> <span class='ocrx_word' id='word_1_100' title='bbox 1126 1485 1181 1538; x_wconf 88' lang='lat' dir='ltr'><strong>est.</strong></span> <span class='ocrx_word' id='word_1_101' title='bbox 1240 1476 1412 1538; x_wconf 82' lang='lat' dir='ltr'><strong>intellectus</strong></span> <span class='ocrx_word' id='word_1_102' title='bbox 1428 1499 1457 1540; x_wconf 84' lang='grc' dir='ltr'><strong>ιο</strong></span> 
     </span>
     <span class='ocr_line' id='line_1_13' title="bbox 123 1577 1412 1658; baseline 0 -18"><span class='ocrx_word' id='word_1_103' title='bbox 123 1588 222 1640; x_wconf 90' lang='lat' dir='ltr'><strong>autem</strong></span> <span class='ocrx_word' id='word_1_104' title='bbox 256 1579 423 1639; x_wconf 89' lang='lat' dir='ltr'><strong>dillorentia</strong></span> <span class='ocrx_word' id='word_1_105' title='bbox 456 1578 531 1639; x_wconf 91' lang='lat' dir='ltr'><strong>solet</strong></span> <span class='ocrx_word' id='word_1_106' title='bbox 564 1577 576 1658; x_wconf 72' lang='lat' dir='ltr'><strong>ll</strong></span> <span class='ocrx_word' id='word_1_107' title='bbox 609 1578 759 1639; x_wconf 90' lang='lat' dir='ltr'><strong>interdum</strong></span> <span class='ocrx_word' id='word_1_108' title='bbox 795 1584 826 1637; x_wconf 91' lang='lat' dir='ltr'><strong>et</strong></span> <span class='ocrx_word' id='word_1_109' title='bbox 862 1580 893 1639; x_wconf 91' lang='lat' dir='ltr'><strong>in</strong></span> <span class='ocrx_word' id='word_1_110' title='bbox 926 1577 1116 1658; x_wconf 83' lang='lat' dir='ltr'><strong>simplicitate</strong></span> <span class='ocrx_word' id='word_1_111' title='bbox 1151 1577 1310 1640; x_wconf 88' lang='lat' dir='ltr'><strong>verborum</strong></span> <span class='ocrx_word' id='word_1_112' title='bbox 1344 1598 1412 1640; x_wconf 91' lang='lat' dir='ltr'><strong>mu·</strong></span> 
     </span>
     <span class='ocr_line' id='line_1_14' title="bbox 122 1678 1412 1759; baseline 0.001 -18"><span class='ocrx_word' id='word_1_113' title='bbox 122 1690 186 1742; x_wconf 89' lang='lat' dir='ltr'><strong>tare</strong></span> <span class='ocrx_word' id='word_1_114' title='bbox 210 1683 464 1759; x_wconf 89' lang='lat' dir='ltr'><strong>coniugationem,</strong></span> <span class='ocrx_word' id='word_1_115' title='bbox 488 1689 520 1740; x_wconf 95' lang='lat' dir='ltr'><strong>ut</strong></span> <span class='ocrx_word' id='word_1_116' title='bbox 535 1680 603 1740; x_wconf 91' lang='lat' dir='ltr'><strong>dico</strong></span> <span class='ocrx_word' id='word_1_117' title='bbox 623 1679 700 1740; x_wconf 91' lang='lat' dir='ltr'><strong>dicis</strong></span> <span class='ocrx_word' id='word_1_118' title='bbox 721 1688 751 1739; x_wconf 88' lang='lat' dir='ltr'><strong>et</strong></span> <span class='ocrx_word' id='word_1_119' title='bbox 773 1679 839 1739; x_wconf 93' lang='lat' dir='ltr'><strong>dico</strong></span> <span class='ocrx_word' id='word_1_120' title='bbox 861 1678 958 1750; x_wconf 88' lang='lat' dir='ltr'><strong>dicas,</strong></span> <span class='ocrx_word' id='word_1_121' title='bbox 981 1680 1089 1742; x_wconf 91' lang='lat' dir='ltr'><strong>mando</strong></span> <span class='ocrx_word' id='word_1_122' title='bbox 1111 1680 1227 1742; x_wconf 89' lang='lat' dir='ltr'><strong>mandis</strong></span> <span class='ocrx_word' id='word_1_123' title='bbox 1249 1689 1279 1741; x_wconf 92' lang='lat' dir='ltr'><strong>et</strong></span> <span class='ocrx_word' id='word_1_124' title='bbox 1301 1681 1412 1742; x_wconf 91' lang='lat' dir='ltr'><strong>mando</strong></span> 
     </span>
     <span class='ocr_line' id='line_1_15' title="bbox 122 1781 1412 1862; baseline 0.001 -19"><span class='ocrx_word' id='word_1_125' title='bbox 122 1784 261 1852; x_wconf 89' lang='lat' dir='ltr'><strong>mandas,</strong></span> <span class='ocrx_word' id='word_1_126' title='bbox 283 1783 376 1843; x_wconf 86' lang='lat' dir='ltr'><strong>lnndo</strong></span> <span class='ocrx_word' id='word_1_127' title='bbox 397 1782 499 1842; x_wconf 91' lang='lat' dir='ltr'><strong>lundis</strong></span> <span class='ocrx_word' id='word_1_128' title='bbox 520 1790 550 1843; x_wconf 88' lang='lat' dir='ltr'><strong>et</strong></span> <span class='ocrx_word' id='word_1_129' title='bbox 571 1782 663 1841; x_wconf 85' lang='lat' dir='ltr'><strong>tundo</strong></span> <span class='ocrx_word' id='word_1_130' title='bbox 684 1781 808 1851; x_wconf 85' lang='lat' dir='ltr'><strong>lundas;</strong></span> <span class='ocrx_word' id='word_1_131' title='bbox 831 1783 908 1842; x_wconf 90' lang='lat' dir='ltr'><strong>sicut</strong></span> <span class='ocrx_word' id='word_1_132' title='bbox 922 1800 990 1842; x_wconf 90' lang='lat' dir='ltr'><strong>sero</strong></span> <span class='ocrx_word' id='word_1_133' title='bbox 1004 1783 1124 1862; x_wconf 92' lang='lat' dir='ltr'><strong>quidem</strong></span> <span class='ocrx_word' id='word_1_134' title='bbox 1146 1800 1230 1843; x_wconf 90' lang='lat' dir='ltr'><strong>seras</strong></span> <span class='ocrx_word' id='word_1_135' title='bbox 1251 1802 1267 1843; x_wconf 92' lang='lat' dir='ltr'><strong>a</strong></span> <span class='ocrx_word' id='word_1_136' title='bbox 1289 1785 1412 1844; x_wconf 91' lang='lat' dir='ltr'><strong>nomine</strong></span> 
     </span>
     <span class='ocr_line' id='line_1_16' title="bbox 123 1884 1412 1965; baseline 0.002 -20"><span class='ocrx_word' id='word_1_137' title='bbox 123 1886 201 1965; x_wconf 84' lang='lat' dir='ltr'><strong>qnod</strong></span> <span class='ocrx_word' id='word_1_138' title='bbox 229 1894 274 1945; x_wconf 91' lang='lat' dir='ltr'><strong>est</strong></span> <span class='ocrx_word' id='word_1_139' title='bbox 301 1885 375 1945; x_wconf 91' lang='lat' dir='ltr'><strong>haec</strong></span> <span class='ocrx_word' id='word_1_140' title='bbox 403 1903 484 1953; x_wconf 88' lang='lat' dir='ltr'><strong>sera,</strong></span> <span class='ocrx_word' id='word_1_141' title='bbox 514 1884 584 1944; x_wconf 90' lang='lat' dir='ltr'><strong>licet</strong></span> <span class='ocrx_word' id='word_1_142' title='bbox 612 1891 749 1963; x_wconf 89' lang='lat' dir='ltr'><strong>correpta</strong></span> <span class='ocrx_word' id='word_1_143' title='bbox 777 1884 969 1963; x_wconf 90' lang='lat' dir='ltr'><strong>paenultima,</strong></span> <span class='ocrx_word' id='word_1_144' title='bbox 1003 1892 1033 1945; x_wconf 88' lang='lat' dir='ltr'><strong>et</strong></span> <span class='ocrx_word' id='word_1_145' title='bbox 1059 1884 1125 1962; x_wconf 93' lang='lat' dir='ltr'><strong>lego</strong></span> <span class='ocrx_word' id='word_1_146' title='bbox 1152 1884 1234 1962; x_wconf 90' lang='lat' dir='ltr'><strong>legas</strong></span> <span class='ocrx_word' id='word_1_147' title='bbox 1265 1885 1412 1965; x_wconf 92' lang='lat' dir='ltr'><strong>producta</strong></span> 
     </span>
     <span class='ocr_line' id='line_1_17' title="bbox 123 1985 1454 2066; baseline 0.001 -19"><span class='ocrx_word' id='word_1_148' title='bbox 123 1986 302 2066; x_wconf 89' lang='lat' dir='ltr'><strong>paenultima</strong></span> <span class='ocrx_word' id='word_1_149' title='bbox 326 1989 439 2066; x_wconf 85' lang='lat' dir='ltr'><strong>primae</strong></span> <span class='ocrx_word' id='word_1_150' title='bbox 462 1994 546 2055; x_wconf 89' lang='lat' dir='ltr'><strong>sunt,</strong></span> <span class='ocrx_word' id='word_1_151' title='bbox 571 1994 603 2045; x_wconf 93' lang='lat' dir='ltr'><strong>ut</strong></span> <span class='ocrx_word' id='word_1_152' title='bbox 625 2005 641 2047; x_wconf 92' lang='lat' dir='ltr'><strong>a</strong></span> <span class='ocrx_word' id='word_1_153' title='bbox 664 1985 833 2046; x_wconf 86' lang='lat' dir='ltr'><strong>nominibus</strong></span> <span class='ocrx_word' id='word_1_154' title='bbox 855 2005 921 2046; x_wconf 88' lang='lat' dir='ltr'><strong>sera</strong></span> <span class='ocrx_word' id='word_1_155' title='bbox 944 1994 974 2046; x_wconf 91' lang='lat' dir='ltr'><strong>et</strong></span> <span class='ocrx_word' id='word_1_156' title='bbox 1001 1986 1049 2047; x_wconf 81' lang='lat' dir='ltr'><strong>lex</strong></span> <span class='ocrx_word' id='word_1_157' title='bbox 1071 1988 1240 2058; x_wconf 85' lang='lat' dir='ltr'><strong>venientia;</strong></span> <span class='ocrx_word' id='word_1_158' title='bbox 1267 2005 1454 2049; x_wconf 75' lang='lat' dir='ltr'><strong>seman-1⁶</strong></span> 
     </span>
     <span class='ocr_line' id='line_1_18' title="bbox 124 2088 1412 2168; baseline 0.002 -20"><span class='ocrx_word' id='word_1_159' title='bbox 124 2097 184 2149; x_wconf 89' lang='lat' dir='ltr'><strong>tem</strong></span> <span class='ocrx_word' id='word_1_160' title='bbox 211 2092 289 2149; x_wconf 91' lang='lat' dir='ltr'><strong>seris</strong></span> <span class='ocrx_word' id='word_1_161' title='bbox 319 2096 456 2168; x_wconf 89' lang='lat' dir='ltr'><strong>correpta</strong></span> <span class='ocrx_word' id='word_1_162' title='bbox 485 2088 623 2152; x_wconf 88' lang='lat' dir='ltr'><strong>similiter</strong></span> <span class='ocrx_word' id='word_1_163' title='bbox 650 2088 845 2167; x_wconf 87' lang='lat' dir='ltr'><strong>paenultima,</strong></span> <span class='ocrx_word' id='word_1_164' title='bbox 876 2107 911 2148; x_wconf 83' lang='lat' dir='ltr'><strong>ex</strong></span> <span class='ocrx_word' id='word_1_165' title='bbox 940 2106 999 2166; x_wconf 83' lang='lat' dir='ltr'><strong>quo</strong></span> <span class='ocrx_word' id='word_1_166' title='bbox 1026 2088 1141 2150; x_wconf 89' lang='lat' dir='ltr'><strong>dissero</strong></span> <span class='ocrx_word' id='word_1_167' title='bbox 1163 2107 1286 2168; x_wconf 89' lang='lat' dir='ltr'><strong>prosero</strong></span> <span class='ocrx_word' id='word_1_168' title='bbox 1308 2092 1412 2151; x_wconf 84' lang='lat' dir='ltr'><strong>insero</strong></span> 
     </span>
     <span class='ocr_line' id='line_1_19' title="bbox 123 2189 1411 2269; baseline 0.002 -18"><span class='ocrx_word' id='word_1_169' title='bbox 123 2192 211 2260; x_wconf 89' lang='lat' dir='ltr'><strong>liunt,</strong></span> <span class='ocrx_word' id='word_1_170' title='bbox 235 2200 265 2250; x_wconf 90' lang='lat' dir='ltr'><strong>et</strong></span> <span class='ocrx_word' id='word_1_171' title='bbox 286 2191 353 2268; x_wconf 90' lang='lat' dir='ltr'><strong>logo</strong></span> <span class='ocrx_word' id='word_1_172' title='bbox 375 2191 465 2268; x_wconf 80' lang='lat' dir='ltr'><strong>legis,</strong></span> <span class='ocrx_word' id='word_1_173' title='bbox 490 2189 566 2250; x_wconf 92' lang='lat' dir='ltr'><strong>unde</strong></span> <span class='ocrx_word' id='word_1_174' title='bbox 590 2189 682 2267; x_wconf 82' lang='lat' dir='ltr'><strong>diligo</strong></span> <span class='ocrx_word' id='word_1_175' title='bbox 708 2189 830 2269; x_wconf 90' lang='lat' dir='ltr'><strong>sublego</strong></span> <span class='ocrx_word' id='word_1_176' title='bbox 857 2197 1088 2268; x_wconf 88' lang='lat' dir='ltr'><strong>componuntur,</strong></span> <span class='ocrx_word' id='word_1_177' title='bbox 1112 2191 1298 2253; x_wconf 83' lang='lat' dir='ltr'><strong>differentiae</strong></span> <span class='ocrx_word' id='word_1_178' title='bbox 1320 2212 1411 2254; x_wconf 89' lang='lat' dir='ltr'><strong>causa</strong></span> 
     </span>
     <span class='ocr_line' id='line_1_20' title="bbox 122 2291 1411 2372; baseline 0.002 -20"><span class='ocrx_word' id='word_1_179' title='bbox 122 2301 156 2352; x_wconf 91' lang='lat' dir='ltr'><strong>nt</strong></span> <span class='ocrx_word' id='word_1_180' title='bbox 177 2294 329 2372; x_wconf 83' lang='lat' dir='ltr'><strong>primitiva</strong></span> <span class='ocrx_word' id='word_1_181' title='bbox 352 2294 457 2352; x_wconf 87' lang='lat' dir='ltr'><strong>tertiae</strong></span> <span class='ocrx_word' id='word_1_182' title='bbox 480 2299 558 2352; x_wconf 89' lang='lat' dir='ltr'><strong>sunt.</strong></span> <span class='ocrx_word' id='word_1_183' title='bbox 603 2291 681 2369; x_wconf 93' lang='lat' dir='ltr'><strong>pello</strong></span> <span class='ocrx_word' id='word_1_184' title='bbox 702 2311 819 2371; x_wconf 85' lang='lat' dir='ltr'><strong>quoque</strong></span> <span class='ocrx_word' id='word_1_185' title='bbox 841 2291 946 2371; x_wconf 91' lang='lat' dir='ltr'><strong>pellas,</strong></span> <span class='ocrx_word' id='word_1_186' title='bbox 970 2291 1048 2370; x_wconf 83' lang='lat' dir='ltr'><strong>quod</strong></span> <span class='ocrx_word' id='word_1_187' title='bbox 1071 2293 1196 2372; x_wconf 79' lang='lat' dir='ltr'><strong>simplex</strong></span> <span class='ocrx_word' id='word_1_188' title='bbox 1218 2297 1249 2354; x_wconf 93' lang='lat' dir='ltr'><strong>in</strong></span> <span class='ocrx_word' id='word_1_189' title='bbox 1270 2313 1327 2355; x_wconf 93' lang='lat' dir='ltr'><strong>usu</strong></span> <span class='ocrx_word' id='word_1_190' title='bbox 1350 2313 1411 2355; x_wconf 89' lang='lat' dir='ltr'><strong>non</strong></span> 
     </span>
     <span class='ocr_line' id='line_1_21' title="bbox 123 2391 1411 2475; baseline 0.002 -21"><span class='ocrx_word' id='word_1_191' title='bbox 123 2402 183 2463; x_wconf 89' lang='lat' dir='ltr'><strong>est,</strong></span> <span class='ocrx_word' id='word_1_192' title='bbox 205 2393 283 2454; x_wconf 90' lang='lat' dir='ltr'><strong>unde</strong></span> <span class='ocrx_word' id='word_1_193' title='bbox 307 2393 424 2472; x_wconf 88' lang='lat' dir='ltr'><strong>appello</strong></span> <span class='ocrx_word' id='word_1_194' title='bbox 445 2391 589 2472; x_wconf 90' lang='lat' dir='ltr'><strong>appellas,</strong></span> <span class='ocrx_word' id='word_1_195' title='bbox 612 2395 726 2472; x_wconf 91' lang='lat' dir='ltr'><strong>primae</strong></span> <span class='ocrx_word' id='word_1_196' title='bbox 749 2400 812 2462; x_wconf 91' lang='lat' dir='ltr'><strong>est;</strong></span> <span class='ocrx_word' id='word_1_197' title='bbox 835 2392 912 2471; x_wconf 92' lang='lat' dir='ltr'><strong>pello</strong></span> <span class='ocrx_word' id='word_1_198' title='bbox 928 2401 1026 2454; x_wconf 88' lang='lat' dir='ltr'><strong>autem</strong></span> <span class='ocrx_word' id='word_1_199' title='bbox 1041 2394 1142 2473; x_wconf 90' lang='lat' dir='ltr'><strong>pellis,</strong></span> <span class='ocrx_word' id='word_1_200' title='bbox 1166 2413 1202 2456; x_wconf 85' lang='lat' dir='ltr'><strong>ex</strong></span> <span class='ocrx_word' id='word_1_201' title='bbox 1218 2415 1276 2475; x_wconf 88' lang='lat' dir='ltr'><strong>quo</strong></span> <span class='ocrx_word' id='word_1_202' title='bbox 1298 2395 1411 2475; x_wconf 87' lang='lat' dir='ltr'><strong>lupello</strong></span> 
     </span>
     <span class='ocr_line' id='line_1_22' title="bbox 123 2493 1453 2576; baseline 0.002 -20"><span class='ocrx_word' id='word_1_203' title='bbox 123 2496 256 2576; x_wconf 91' lang='lat' dir='ltr'><strong>inpellis,</strong></span> <span class='ocrx_word' id='word_1_204' title='bbox 289 2494 404 2574; x_wconf 87' lang='lat' dir='ltr'><strong>depello</strong></span> <span class='ocrx_word' id='word_1_205' title='bbox 432 2493 570 2572; x_wconf 90' lang='lat' dir='ltr'><strong>depellis,</strong></span> <span class='ocrx_word' id='word_1_206' title='bbox 594 2496 720 2564; x_wconf 89' lang='lat' dir='ltr'><strong>tertiae;</strong></span> <span class='ocrx_word' id='word_1_207' title='bbox 749 2497 826 2554; x_wconf 91' lang='lat' dir='ltr'><strong>sicut</strong></span> <span class='ocrx_word' id='word_1_208' title='bbox 848 2495 913 2554; x_wconf 92' lang='lat' dir='ltr'><strong>volo</strong></span> <span class='ocrx_word' id='word_1_209' title='bbox 935 2495 1014 2556; x_wconf 90' lang='lat' dir='ltr'><strong>volas</strong></span> <span class='ocrx_word' id='word_1_210' title='bbox 1036 2503 1066 2556; x_wconf 92' lang='lat' dir='ltr'><strong>et</strong></span> <span class='ocrx_word' id='word_1_211' title='bbox 1088 2496 1153 2556; x_wconf 92' lang='lat' dir='ltr'><strong>volo</strong></span> <span class='ocrx_word' id='word_1_212' title='bbox 1175 2498 1218 2557; x_wconf 87' lang='lat' dir='ltr'><strong>ris</strong></span> <span class='ocrx_word' id='word_1_213' title='bbox 1240 2497 1453 2559; x_wconf 65' lang='lat' dir='ltr'><strong>intellectuare</strong></span> 
     </span>
     <span class='ocr_line' id='line_1_23' title="bbox 123 2595 1410 2679; baseline 0.002 -21"><span class='ocrx_word' id='word_1_214' title='bbox 123 2617 211 2658; x_wconf 86' lang='lat' dir='ltr'><strong>causa</strong></span> <span class='ocrx_word' id='word_1_215' title='bbox 235 2597 368 2658; x_wconf 89' lang='lat' dir='ltr'><strong>divorsas</strong></span> <span class='ocrx_word' id='word_1_216' title='bbox 381 2598 607 2674; x_wconf 90' lang='lat' dir='ltr'><strong>coniugationes</strong></span> <span class='ocrx_word' id='word_1_217' title='bbox 622 2604 805 2656; x_wconf 88' lang='lat' dir='ltr'><strong>mernerunt.</strong></span> <span class='ocrx_word' id='word_1_218' title='bbox 836 2616 907 2656; x_wconf 92' lang='lat' dir='ltr'><strong>sono</strong></span> <span class='ocrx_word' id='word_1_219' title='bbox 932 2595 936 2679; x_wconf 72' lang='lat' dir='ltr'><strong>l</strong></span> <span class='ocrx_word' id='word_1_220' title='bbox 960 2600 1039 2658; x_wconf 91' lang='lat' dir='ltr'><strong>enim</strong></span> <span class='ocrx_word' id='word_1_221' title='bbox 1062 2616 1149 2659; x_wconf 91' lang='lat' dir='ltr'><strong>sonas</strong></span> <span class='ocrx_word' id='word_1_222' title='bbox 1171 2606 1201 2658; x_wconf 92' lang='lat' dir='ltr'><strong>et</strong></span> <span class='ocrx_word' id='word_1_223' title='bbox 1221 2618 1295 2660; x_wconf 93' lang='lat' dir='ltr'><strong>sono</strong></span> <span class='ocrx_word' id='word_1_224' title='bbox 1316 2602 1410 2670; x_wconf 89' lang='lat' dir='ltr'><strong>sonis,</strong></span> 
     </span>
     <span class='ocr_line' id='line_1_24' title="bbox 122 2700 1408 2781; baseline 0.001 -20"><span class='ocrx_word' id='word_1_225' title='bbox 122 2701 201 2761; x_wconf 94' lang='lat' dir='ltr'><strong>unde</strong></span> <span class='ocrx_word' id='word_1_226' title='bbox 230 2718 336 2759; x_wconf 88' lang='lat' dir='ltr'><strong>sonere</strong></span> <span class='ocrx_word' id='word_1_227' title='bbox 366 2700 543 2768; x_wconf 69' lang='lat' dir='ltr'><strong>infinitivus</strong></span> <span class='ocrx_word' id='word_1_228' title='bbox 573 2717 663 2778; x_wconf 89' lang='lat' dir='ltr'><strong>crepo</strong></span> <span class='ocrx_word' id='word_1_229' title='bbox 694 2716 799 2777; x_wconf 88' lang='lat' dir='ltr'><strong>crepas</strong></span> <span class='ocrx_word' id='word_1_230' title='bbox 821 2707 850 2758; x_wconf 89' lang='lat' dir='ltr'><strong>et</strong></span> <span class='ocrx_word' id='word_1_231' title='bbox 873 2717 962 2777; x_wconf 92' lang='lat' dir='ltr'><strong>crepo</strong></span> <span class='ocrx_word' id='word_1_232' title='bbox 984 2703 1096 2779; x_wconf 89' lang='lat' dir='ltr'><strong>crepis,</strong></span> <span class='ocrx_word' id='word_1_233' title='bbox 1119 2701 1199 2761; x_wconf 92' lang='lat' dir='ltr'><strong>unde</strong></span> <span class='ocrx_word' id='word_1_234' title='bbox 1221 2708 1252 2761; x_wconf 92' lang='lat' dir='ltr'><strong>et</strong></span> <span class='ocrx_word' id='word_1_235' title='bbox 1273 2719 1408 2781; x_wconf 89' lang='lat' dir='ltr'><strong>crepere,</strong></span> 
     </span>
     <span class='ocr_line' id='line_1_25' title="bbox 123 2800 1410 2880; baseline 0.002 -18"><span class='ocrx_word' id='word_1_236' title='bbox 123 2803 222 2880; x_wconf 90' lang='lat' dir='ltr'><strong>lulgeo</strong></span> <span class='ocrx_word' id='word_1_237' title='bbox 244 2809 273 2861; x_wconf 90' lang='lat' dir='ltr'><strong>et</strong></span> <span class='ocrx_word' id='word_1_238' title='bbox 295 2801 392 2879; x_wconf 88' lang='lat' dir='ltr'><strong>tulgo,</strong></span> <span class='ocrx_word' id='word_1_239' title='bbox 414 2800 493 2860; x_wconf 91' lang='lat' dir='ltr'><strong>unde</strong></span> <span class='ocrx_word' id='word_1_240' title='bbox 516 2809 545 2860; x_wconf 91' lang='lat' dir='ltr'><strong>et</strong></span> <span class='ocrx_word' id='word_1_241' title='bbox 566 2800 697 2879; x_wconf 74' lang='lat' dir='ltr'><strong>fulgere,</strong></span> <span class='ocrx_word' id='word_1_242' title='bbox 726 2802 827 2860; x_wconf 83' lang='lat' dir='ltr'><strong>terreo</strong></span> <span class='ocrx_word' id='word_1_243' title='bbox 850 2806 880 2860; x_wconf 91' lang='lat' dir='ltr'><strong>et</strong></span> <span class='ocrx_word' id='word_1_244' title='bbox 901 2801 1000 2870; x_wconf 86' lang='lat' dir='ltr'><strong>lervo,</strong></span> <span class='ocrx_word' id='word_1_245' title='bbox 1028 2802 1106 2862; x_wconf 93' lang='lat' dir='ltr'><strong>unde</strong></span> <span class='ocrx_word' id='word_1_246' title='bbox 1136 2809 1165 2861; x_wconf 88' lang='lat' dir='ltr'><strong>et</strong></span> <span class='ocrx_word' id='word_1_247' title='bbox 1186 2802 1318 2872; x_wconf 73' lang='lat' dir='ltr'><strong>lervdre,</strong></span> <span class='ocrx_word' id='word_1_248' title='bbox 1341 2803 1410 2865; x_wconf 90' lang='lat' dir='ltr'><strong>oleo</strong></span> 
     </span>
     <span class='ocr_line' id='line_1_26' title="bbox 123 2901 1409 2982; baseline 0.001 -17"><span class='ocrx_word' id='word_1_249' title='bbox 123 2912 153 2966; x_wconf 92' lang='lat' dir='ltr'><strong>et</strong></span> <span class='ocrx_word' id='word_1_250' title='bbox 175 2904 238 2974; x_wconf 91' lang='lat' dir='ltr'><strong>olo,</strong></span> <span class='ocrx_word' id='word_1_251' title='bbox 263 2904 341 2963; x_wconf 92' lang='lat' dir='ltr'><strong>unde</strong></span> <span class='ocrx_word' id='word_1_252' title='bbox 364 2911 394 2963; x_wconf 88' lang='lat' dir='ltr'><strong>et</strong></span> <span class='ocrx_word' id='word_1_253' title='bbox 417 2903 497 2963; x_wconf 71' lang='lat' dir='ltr'><strong>olere</strong></span> <span class='ocrx_word' id='word_1_254' title='bbox 520 2901 699 2982; x_wconf 90' lang='lat' dir='ltr'><strong>paenultima</strong></span> <span class='ocrx_word' id='word_1_255' title='bbox 723 2911 875 2981; x_wconf 91' lang='lat' dir='ltr'><strong>correpta,</strong></span> <span class='ocrx_word' id='word_1_256' title='bbox 905 2903 998 2963; x_wconf 91' lang='lat' dir='ltr'><strong>strido</strong></span> <span class='ocrx_word' id='word_1_257' title='bbox 1026 2903 1129 2964; x_wconf 89' lang='lat' dir='ltr'><strong>stridis</strong></span> <span class='ocrx_word' id='word_1_258' title='bbox 1151 2913 1180 2964; x_wconf 87' lang='lat' dir='ltr'><strong>et</strong></span> <span class='ocrx_word' id='word_1_259' title='bbox 1201 2905 1315 2966; x_wconf 89' lang='lat' dir='ltr'><strong>strideo</strong></span> <span class='ocrx_word' id='word_1_260' title='bbox 1336 2908 1409 2967; x_wconf 90' lang='lat' dir='ltr'><strong>stri-</strong></span> 
     </span>
     <span class='ocr_line' id='line_1_27' title="bbox 122 3003 1452 3087; baseline 0.001 -19"><span class='ocrx_word' id='word_1_261' title='bbox 122 3007 189 3076; x_wconf 75' lang='lat' dir='ltr'><strong>deS,</strong></span> <span class='ocrx_word' id='word_1_262' title='bbox 214 3007 292 3067; x_wconf 90' lang='lat' dir='ltr'><strong>sicut</strong></span> <span class='ocrx_word' id='word_1_263' title='bbox 314 3004 381 3066; x_wconf 91' lang='lat' dir='ltr'><strong>albo</strong></span> <span class='ocrx_word' id='word_1_264' title='bbox 404 3004 486 3064; x_wconf 88' lang='lat' dir='ltr'><strong>albas</strong></span> <span class='ocrx_word' id='word_1_265' title='bbox 508 3013 538 3064; x_wconf 91' lang='lat' dir='ltr'><strong>et</strong></span> <span class='ocrx_word' id='word_1_266' title='bbox 559 3003 645 3065; x_wconf 86' lang='lat' dir='ltr'><strong>albeo</strong></span> <span class='ocrx_word' id='word_1_267' title='bbox 667 3003 764 3087; x_wconf 89' lang='lat' dir='ltr'><strong>albes,</strong></span> <span class='ocrx_word' id='word_1_268' title='bbox 788 3003 879 3065; x_wconf 90' lang='lat' dir='ltr'><strong>denso</strong></span> <span class='ocrx_word' id='word_1_269' title='bbox 895 3005 1001 3066; x_wconf 86' lang='lat' dir='ltr'><strong>densas</strong></span> <span class='ocrx_word' id='word_1_270' title='bbox 1016 3014 1045 3066; x_wconf 91' lang='lat' dir='ltr'><strong>et</strong></span> <span class='ocrx_word' id='word_1_271' title='bbox 1061 3005 1170 3066; x_wconf 89' lang='lat' dir='ltr'><strong>denseo</strong></span> <span class='ocrx_word' id='word_1_272' title='bbox 1193 3006 1308 3077; x_wconf 87' lang='lat' dir='ltr'><strong>denses,</strong></span> <span class='ocrx_word' id='word_1_273' title='bbox 1331 3007 1409 3068; x_wconf 90' lang='lat' dir='ltr'><strong>duro</strong></span> <span class='ocrx_word' id='word_1_274' title='bbox 1423 3028 1452 3068; x_wconf 80' lang='lat'><strong>25</strong></span> 
     </span>
     <span class='ocr_line' id='line_1_28' title="bbox 122 3107 1411 3188; baseline -0.001 -17"><span class='ocrx_word' id='word_1_275' title='bbox 122 3110 211 3170; x_wconf 91' lang='lat' dir='ltr'><strong>duras</strong></span> <span class='ocrx_word' id='word_1_276' title='bbox 240 3118 271 3169; x_wconf 88' lang='lat' dir='ltr'><strong>ot</strong></span> <span class='ocrx_word' id='word_1_277' title='bbox 299 3107 391 3167; x_wconf 91' lang='lat' dir='ltr'><strong>dureo</strong></span> <span class='ocrx_word' id='word_1_278' title='bbox 418 3107 523 3175; x_wconf 86' lang='lat' dir='ltr'><strong>dures,</strong></span> <span class='ocrx_word' id='word_1_279' title='bbox 551 3115 666 3166; x_wconf 88' lang='lat' dir='ltr'><strong>maturo</strong></span> <span class='ocrx_word' id='word_1_280' title='bbox 693 3115 824 3167; x_wconf 87' lang='lat' dir='ltr'><strong>maturas</strong></span> <span class='ocrx_word' id='word_1_281' title='bbox 850 3116 880 3168; x_wconf 92' lang='lat' dir='ltr'><strong>ot</strong></span> <span class='ocrx_word' id='word_1_282' title='bbox 906 3115 1040 3168; x_wconf 88' lang='lat' dir='ltr'><strong>matureo</strong></span> <span class='ocrx_word' id='word_1_283' title='bbox 1067 3116 1211 3178; x_wconf 87' lang='lat' dir='ltr'><strong>matures,</strong></span> <span class='ocrx_word' id='word_1_284' title='bbox 1241 3109 1411 3188; x_wconf 82' lang='lat' dir='ltr'><strong>exquibus</strong></span> 
     </span>
     <span class='ocr_line' id='line_1_29' title="bbox 122 3209 1409 3287; baseline -0.001 -15"><span class='ocrx_word' id='word_1_285' title='bbox 122 3212 256 3272; x_wconf 90' lang='lat' dir='ltr'><strong>induruit</strong></span> <span class='ocrx_word' id='word_1_286' title='bbox 279 3218 309 3270; x_wconf 89' lang='lat' dir='ltr'><strong>et</strong></span> <span class='ocrx_word' id='word_1_287' title='bbox 331 3212 474 3269; x_wconf 88' lang='lat' dir='ltr'><strong>maturuit</strong></span> <span class='ocrx_word' id='word_1_288' title='bbox 498 3210 630 3287; x_wconf 88' lang='lat' dir='ltr'><strong>perlecta</strong></span> <span class='ocrx_word' id='word_1_289' title='bbox 652 3211 789 3277; x_wconf 86' lang='lat' dir='ltr'><strong>veniunt,</strong></span> <span class='ocrx_word' id='word_1_290' title='bbox 813 3209 886 3269; x_wconf 89' lang='lat' dir='ltr'><strong>haec</strong></span> <span class='ocrx_word' id='word_1_291' title='bbox 906 3212 1068 3285; x_wconf 88' lang='lat' dir='ltr'><strong>auctoritas</strong></span> <span class='ocrx_word' id='word_1_292' title='bbox 1084 3210 1145 3269; x_wconf 88' lang='lat' dir='ltr'><strong>sola</strong></span> <span class='ocrx_word' id='word_1_293' title='bbox 1161 3212 1324 3280; x_wconf 86' lang='lat' dir='ltr'><strong>vetustatis,</strong></span> <span class='ocrx_word' id='word_1_294' title='bbox 1348 3230 1409 3272; x_wconf 92' lang='lat' dir='ltr'><strong>non</strong></span> 
     </span>
     <span class='ocr_line' id='line_1_30' title="bbox 122 3310 1410 3374; baseline 0.001 -1"><span class='ocrx_word' id='word_1_295' title='bbox 122 3316 196 3374; x_wconf 85' lang='lat' dir='ltr'><strong>artis</strong></span> <span class='ocrx_word' id='word_1_296' title='bbox 219 3312 341 3373; x_wconf 91' lang='lat' dir='ltr'><strong>tradidit</strong></span> <span class='ocrx_word' id='word_1_297' title='bbox 362 3311 448 3371; x_wconf 88' lang='lat' dir='ltr'><strong>ratio.</strong></span> <span class='ocrx_word' id='word_1_298' title='bbox 493 3311 571 3370; x_wconf 92' lang='lat' dir='ltr'><strong>undc</strong></span> <span class='ocrx_word' id='word_1_299' title='bbox 599 3330 654 3371; x_wconf 91' lang='lat' dir='ltr'><strong>nec</strong></span> <span class='ocrx_word' id='word_1_300' title='bbox 682 3329 786 3371; x_wconf 91' lang='lat' dir='ltr'><strong>omnes</strong></span> <span class='ocrx_word' id='word_1_301' title='bbox 807 3319 905 3372; x_wconf 91' lang='lat' dir='ltr'><strong>motus</strong></span> <span class='ocrx_word' id='word_1_302' title='bbox 926 3312 999 3373; x_wconf 88' lang='lat' dir='ltr'><strong>haec</strong></span> <span class='ocrx_word' id='word_1_303' title='bbox 1021 3310 1123 3372; x_wconf 87' lang='lat' dir='ltr'><strong>eadem</strong></span> <span class='ocrx_word' id='word_1_304' title='bbox 1148 3312 1235 3373; x_wconf 73' lang='lat' dir='ltr'><strong>verita</strong></span> <span class='ocrx_word' id='word_1_305' title='bbox 1262 3315 1351 3374; x_wconf 89' lang='lat' dir='ltr'><strong>tritos</strong></span> <span class='ocrx_word' id='word_1_306' title='bbox 1379 3321 1410 3374; x_wconf 90' lang='lat' dir='ltr'><strong>ct</strong></span> 
     </span>
     <span class='ocr_line' id='line_1_31' title="bbox 121 3412 1009 3492; baseline -0.001 -17"><span class='ocrx_word' id='word_1_307' title='bbox 121 3418 247 3475; x_wconf 84' lang='lat' dir='ltr'><strong>usitatos</strong></span> <span class='ocrx_word' id='word_1_308' title='bbox 270 3417 300 3475; x_wconf 94' lang='lat' dir='ltr'><strong>in</strong></span> <span class='ocrx_word' id='word_1_309' title='bbox 324 3421 448 3492; x_wconf 84' lang='lat' dir='ltr'><strong>utraque</strong></span> <span class='ocrx_word' id='word_1_310' title='bbox 471 3415 680 3490; x_wconf 91' lang='lat' dir='ltr'><strong>coniugatione</strong></span> <span class='ocrx_word' id='word_1_311' title='bbox 702 3412 813 3473; x_wconf 89' lang='lat' dir='ltr'><strong>habere</strong></span> <span class='ocrx_word' id='word_1_312' title='bbox 836 3422 1009 3474; x_wconf 86' lang='lat' dir='ltr'><strong>noscuntur.</strong></span> 
     </span>
    </p>

    <p class='ocr_par' dir='ltr' id='par_1_4' title="bbox 121 3515 1451 4104">
     <span class='ocr_line' id='line_1_32' title="bbox 206 3515 1451 3596; baseline -0.001 -19"><span class='ocrx_word' id='word_1_313' title='bbox 206 3517 279 3577; x_wconf 85' lang='lat' dir='ltr'><strong>Cum</strong></span> <span class='ocrx_word' id='word_1_314' title='bbox 308 3515 481 3576; x_wconf 87' lang='lat' dir='ltr'><strong>nominibus</strong></span> <span class='ocrx_word' id='word_1_315' title='bbox 510 3521 608 3574; x_wconf 88' lang='lat' dir='ltr'><strong>antem</strong></span> <span class='ocrx_word' id='word_1_316' title='bbox 636 3518 798 3595; x_wconf 86' lang='lat' dir='ltr'><strong>composita</strong></span> <span class='ocrx_word' id='word_1_317' title='bbox 821 3515 910 3575; x_wconf 83' lang='lat' dir='ltr'><strong>verlra</strong></span> <span class='ocrx_word' id='word_1_318' title='bbox 933 3522 1048 3577; x_wconf 88' lang='lat' dir='ltr'><strong>mutant</strong></span> <span class='ocrx_word' id='word_1_319' title='bbox 1070 3516 1243 3596; x_wconf 81' lang='lat' dir='ltr'><strong>plerumque</strong></span> <span class='ocrx_word' id='word_1_320' title='bbox 1266 3518 1407 3594; x_wconf 91' lang='lat' dir='ltr'><strong>coninga·</strong></span> <span class='ocrx_word' id='word_1_321' title='bbox 1422 3535 1451 3576; x_wconf 82' lang='lat' dir='ltr'><strong>ao</strong></span> 
     </span>
     <span class='ocr_line' id='line_1_33' title="bbox 122 3616 1409 3697; baseline 0.002 -20"><span class='ocrx_word' id='word_1_322' title='bbox 122 3621 245 3678; x_wconf 88' lang='lat' dir='ltr'><strong>tionem.</strong></span> <span class='ocrx_word' id='word_1_323' title='bbox 290 3636 357 3678; x_wconf 87' lang='lat' dir='ltr'><strong>narn</strong></span> <span class='ocrx_word' id='word_1_324' title='bbox 386 3617 518 3694; x_wconf 88' lang='lat' dir='ltr'><strong>generali</strong></span> <span class='ocrx_word' id='word_1_325' title='bbox 550 3617 668 3693; x_wconf 85' lang='lat' dir='ltr'><strong>regulae</strong></span> <span class='ocrx_word' id='word_1_326' title='bbox 696 3619 848 3676; x_wconf 92' lang='lat' dir='ltr'><strong>nominum</strong></span> <span class='ocrx_word' id='word_1_327' title='bbox 875 3616 1010 3678; x_wconf 85' lang='lat' dir='ltr'><strong>subiecta</strong></span> <span class='ocrx_word' id='word_1_328' title='bbox 1040 3625 1069 3677; x_wconf 89' lang='lat' dir='ltr'><strong>et</strong></span> <span class='ocrx_word' id='word_1_329' title='bbox 1091 3621 1174 3697; x_wconf 85' lang='lat' dir='ltr'><strong>quasi</strong></span> <span class='ocrx_word' id='word_1_330' title='bbox 1197 3639 1214 3679; x_wconf 92' lang='lat' dir='ltr'><strong>a</strong></span> <span class='ocrx_word' id='word_1_331' title='bbox 1235 3618 1409 3679; x_wconf 90' lang='lat' dir='ltr'><strong>nominibus</strong></span> 
     </span>
     <span class='ocr_line' id='line_1_34' title="bbox 122 3707 1408 3797; baseline 0.002 -18"><span class='ocrx_word' id='word_1_332' title='bbox 122 3720 252 3779; x_wconf 90' lang='lat' dir='ltr'><strong>derivata</strong></span> <span class='ocrx_word' id='word_1_333' title='bbox 283 3721 348 3778; x_wconf 91' lang='lat' dir='ltr'><strong>iure</strong></span> <span class='ocrx_word' id='word_1_334' title='bbox 372 3720 407 3779; x_wconf 90' lang='lat' dir='ltr'><strong>ad</strong></span> <span class='ocrx_word' id='word_1_335' title='bbox 430 3722 556 3797; x_wconf 91' lang='lat' dir='ltr'><strong>primam</strong></span> <span class='ocrx_word' id='word_1_336' title='bbox 578 3720 701 3778; x_wconf 86' lang='lat' dir='ltr'><strong>veniunt</strong></span> <span class='ocrx_word' id='word_1_337' title='bbox 724 3707 962 3795; x_wconf 84' lang='lat' dir='ltr'><strong>coniugationem</strong></span> <span class='ocrx_word' id='word_1_338' title='bbox 985 3719 1160 3790; x_wconf 81' lang='lat' dir='ltr'><strong>verborum,</strong></span> <span class='ocrx_word' id='word_1_339' title='bbox 1184 3727 1216 3780; x_wconf 91' lang='lat' dir='ltr'><strong>ut</strong></span> <span class='ocrx_word' id='word_1_340' title='bbox 1237 3720 1321 3797; x_wconf 88' lang='lat' dir='ltr'><strong>litigo</strong></span> <span class='ocrx_word' id='word_1_341' title='bbox 1344 3719 1408 3781; x_wconf 91' lang='lat' dir='ltr'><strong>liti·</strong></span> 
     </span>
     <span class='ocr_line' id='line_1_35' title="bbox 121 3822 1409 3899; baseline 0.002 -19"><span class='ocrx_word' id='word_1_342' title='bbox 121 3838 187 3897; x_wconf 90' lang='lat' dir='ltr'><strong>gas,</strong></span> <span class='ocrx_word' id='word_1_343' title='bbox 217 3822 331 3897; x_wconf 82' lang='lat' dir='ltr'><strong>remigo</strong></span> <span class='ocrx_word' id='word_1_344' title='bbox 361 3823 504 3897; x_wconf 89' lang='lat' dir='ltr'><strong>remigas,</strong></span> <span class='ocrx_word' id='word_1_345' title='bbox 539 3823 687 3879; x_wconf 81' lang='lat' dir='ltr'><strong>vociferor</strong></span> <span class='ocrx_word' id='word_1_346' title='bbox 713 3822 898 3889; x_wconf 67' lang='lat' dir='ltr'><strong>vociferaris</strong></span> <span class='ocrx_word' id='word_1_347' title='bbox 931 3824 1098 3899; x_wconf 89' lang='lat' dir='ltr'><strong>morigeror</strong></span> <span class='ocrx_word' id='word_1_348' title='bbox 1132 3823 1332 3899; x_wconf 90' lang='lat' dir='ltr'><strong>morigeraris.</strong></span> <span class='ocrx_word' id='word_1_349' title='bbox 1377 3830 1409 3883; x_wconf 90' lang='lat' dir='ltr'><strong>et</strong></span> 
     </span>
     <span class='ocr_line' id='line_1_36' title="bbox 122 3921 1407 4000; baseline 0.002 -17"><span class='ocrx_word' id='word_1_350' title='bbox 122 3925 248 3983; x_wconf 86' lang='lat' dir='ltr'><strong>maxime</strong></span> <span class='ocrx_word' id='word_1_351' title='bbox 272 3923 457 3983; x_wconf 83' lang='lat' dir='ltr'><strong>excludcnlia</strong></span> <span class='ocrx_word' id='word_1_352' title='bbox 480 3923 505 3988; x_wconf 92' lang='lat' dir='ltr'><strong>i,</strong></span> <span class='ocrx_word' id='word_1_353' title='bbox 529 3939 617 3999; x_wconf 89' lang='lat' dir='ltr'><strong>quam</strong></span> <span class='ocrx_word' id='word_1_354' title='bbox 638 3922 668 3980; x_wconf 94' lang='lat' dir='ltr'><strong>in</strong></span> <span class='ocrx_word' id='word_1_355' title='bbox 692 3921 818 4000; x_wconf 88' lang='lat' dir='ltr'><strong>simplici</strong></span> <span class='ocrx_word' id='word_1_356' title='bbox 840 3921 931 3983; x_wconf 88' lang='lat' dir='ltr'><strong>rerbo</strong></span> <span class='ocrx_word' id='word_1_357' title='bbox 954 3930 1021 3983; x_wconf 88' lang='lat' dir='ltr'><strong>ante</strong></span> <span class='ocrx_word' id='word_1_358' title='bbox 1043 3942 1061 3983; x_wconf 93' lang='lat' dir='ltr'><strong>o</strong></span> <span class='ocrx_word' id='word_1_359' title='bbox 1083 3923 1264 3994; x_wconf 87' lang='lat' dir='ltr'><strong>habuerunt,</strong></span> <span class='ocrx_word' id='word_1_360' title='bbox 1288 3926 1407 3985; x_wconf 90' lang='lat' dir='ltr'><strong>etiamsi</strong></span> 
     </span>
     <span class='ocr_line' id='line_1_37' title="bbox 122 4026 1448 4104; baseline 0.002 -21"><span class='ocrx_word' id='word_1_361' title='bbox 122 4042 190 4084; x_wconf 92' lang='lat' dir='ltr'><strong>cum</strong></span> <span class='ocrx_word' id='word_1_362' title='bbox 213 4026 431 4102; x_wconf 85' lang='lat' dir='ltr'><strong>praepositione</strong></span> <span class='ocrx_word' id='word_1_363' title='bbox 455 4031 685 4102; x_wconf 89' lang='lat' dir='ltr'><strong>componantur,</strong></span> <span class='ocrx_word' id='word_1_364' title='bbox 709 4031 824 4083; x_wconf 87' lang='lat' dir='ltr'><strong>mutant</strong></span> <span class='ocrx_word' id='word_1_365' title='bbox 846 4027 1098 4104; x_wconf 89' lang='lat' dir='ltr'><strong>coniugationem,</strong></span> <span class='ocrx_word' id='word_1_366' title='bbox 1122 4033 1155 4084; x_wconf 91' lang='lat' dir='ltr'><strong>ut</strong></span> <span class='ocrx_word' id='word_1_367' title='bbox 1177 4026 1300 4087; x_wconf 81' lang='lat' dir='ltr'><strong>aedifico</strong></span> <span class='ocrx_word' id='word_1_368' title='bbox 1323 4027 1405 4086; x_wconf 88' lang='lat' dir='ltr'><strong>aedi·</strong></span> <span class='ocrx_word' id='word_1_369' title='bbox 1421 4045 1448 4085; x_wconf 78' lang='lat' dir='ltr'><strong>ss</strong></span> 
     </span>
    </p>
   </div>
   <div class='ocr_carea' id='block_1_3' title="bbox 122 4277 1407 4906">
    <p class='ocr_par' dir='ltr' id='par_1_5' title="bbox 122 4277 1407 4906">
     <span class='ocr_line' id='line_1_38' title="bbox 192 4277 1406 4344; baseline 0 -14"><span class='ocrx_word' id='word_1_370' title='bbox 192 4281 348 4330; x_wconf 64' lang='lat' dir='ltr'><strong>leoncurro</strong></span> <span class='ocrx_word' id='word_1_371' title='bbox 368 4297 416 4331; x_wconf 82' lang='lat' dir='ltr'><strong>om.</strong></span> <span class='ocrx_word' id='word_1_372' title='bbox 435 4277 461 4327; x_wconf 89' lang='lat' dir='ltr'><em>P</em></span> <span class='ocrx_word' id='word_1_373' title='bbox 529 4294 666 4344; x_wconf 82' lang='lat' dir='ltr'><strong>compenso</strong></span> <span class='ocrx_word' id='word_1_374' title='bbox 685 4295 731 4332; x_wconf 85' lang='lat' dir='ltr'><strong>om.</strong></span> <span class='ocrx_word' id='word_1_375' title='bbox 751 4280 776 4328; x_wconf 89' lang='lat' dir='ltr'><em>P</em></span> <span class='ocrx_word' id='word_1_376' title='bbox 843 4280 959 4331; x_wconf 75' lang='lat' dir='ltr'><strong>ilcurro</strong></span> <span class='ocrx_word' id='word_1_377' title='bbox 977 4281 1081 4330; x_wconf 85' lang='lat' dir='ltr'><strong>incurvo</strong></span> <span class='ocrx_word' id='word_1_378' title='bbox 1099 4296 1145 4334; x_wconf 79' lang='lat' dir='ltr'><strong>orn.</strong></span> <span class='ocrx_word' id='word_1_379' title='bbox 1164 4281 1190 4330; x_wconf 88' lang='lat' dir='ltr'><em>P</em></span> <span class='ocrx_word' id='word_1_380' title='bbox 1256 4280 1342 4331; x_wconf 76' lang='lat' dir='ltr'><strong>iinon</strong></span> <span class='ocrx_word' id='word_1_381' title='bbox 1362 4296 1406 4330; x_wconf 83' lang='lat' dir='ltr'><strong>ex-</strong></span> 
     </span>
     <span class='ocr_line' id='line_1_39' title="bbox 122 4347 1406 4417; baseline -0.002 -15"><span class='ocrx_word' id='word_1_382' title='bbox 122 4350 298 4403; x_wconf 76' lang='lat' dir='ltr'><strong>tralroomB</strong></span> <span class='ocrx_word' id='word_1_383' title='bbox 368 4351 393 4398; x_wconf 93' lang='lat' dir='ltr'><strong>in</strong></span> <span class='ocrx_word' id='word_1_384' title='bbox 413 4349 478 4398; x_wconf 88' lang='lat' dir='ltr'><strong>libro</strong></span> <span class='ocrx_word' id='word_1_385' title='bbox 497 4347 529 4416; x_wconf 86' lang='lat' dir='ltr'><strong>ll]</strong></span> <span class='ocrx_word' id='word_1_386' title='bbox 550 4368 573 4403; x_wconf 81' lang='lat' dir='ltr'><strong>o,</strong></span> <span class='ocrx_word' id='word_1_387' title='bbox 591 4350 643 4401; x_wconf 76' lang='lat'><strong>518</strong></span> <span class='ocrx_word' id='word_1_388' title='bbox 714 4353 928 4414; x_wconf 85' lang='lat' dir='ltr'><strong>7qnottuorom.</strong></span> <span class='ocrx_word' id='word_1_389' title='bbox 950 4351 974 4398; x_wconf 86' lang='lat' dir='ltr'><em>B</em></span> <span class='ocrx_word' id='word_1_390' title='bbox 1043 4352 1075 4402; x_wconf 76' lang='lat'><strong>14</strong></span> <span class='ocrx_word' id='word_1_391' title='bbox 1094 4350 1150 4399; x_wconf 92' lang='lat' dir='ltr'><strong>licet</strong></span> <span class='ocrx_word' id='word_1_392' title='bbox 1174 4359 1288 4416; x_wconf 84' lang='lat' dir='ltr'><strong>correpta</strong></span> <span class='ocrx_word' id='word_1_393' title='bbox 1306 4351 1406 4417; x_wconf 79' lang='lat' dir='ltr'><strong>simpli-</strong></span> 
     </span>
     <span class='ocr_line' id='line_1_40' title="bbox 122 4417 1407 4488; baseline -0.001 -16"><span class='ocrx_word' id='word_1_394' title='bbox 122 4424 185 4472; x_wconf 86' lang='lat' dir='ltr'><strong>citer</strong></span> <span class='ocrx_word' id='word_1_395' title='bbox 203 4420 340 4488; x_wconf 85' lang='lat' dir='ltr'><strong>penultima</strong></span> <span class='ocrx_word' id='word_1_396' title='bbox 359 4420 385 4470; x_wconf 90' lang='lat' dir='ltr'><em>B</em></span> <span class='ocrx_word' id='word_1_397' title='bbox 467 4417 626 4488; x_wconf 70' lang='lat' dir='ltr'><strong>lunisano]</strong></span> <span class='ocrx_word' id='word_1_398' title='bbox 645 4420 734 4470; x_wconf 81' lang='lat' dir='ltr'><strong>desero</strong></span> <span class='ocrx_word' id='word_1_399' title='bbox 747 4421 771 4469; x_wconf 88' lang='lat' dir='ltr'><em>P</em></span> <span class='ocrx_word' id='word_1_400' title='bbox 852 4422 883 4472; x_wconf 88' lang='grc'><strong>17</strong></span> <span class='ocrx_word' id='word_1_401' title='bbox 901 4420 981 4484; x_wconf 79' lang='lat' dir='ltr'><strong>diligo</strong></span> <span class='ocrx_word' id='word_1_402' title='bbox 1000 4421 1106 4486; x_wconf 84' lang='lat' dir='ltr'><strong>sublege</strong></span> <span class='ocrx_word' id='word_1_403' title='bbox 1122 4420 1139 4482; x_wconf 83' lang='lat' dir='ltr'><strong><em>s</em></strong></span> <span class='ocrx_word' id='word_1_404' title='bbox 1152 4420 1237 4486; x_wconf 88' lang='lat' dir='ltr'><strong>dilego</strong></span> <span class='ocrx_word' id='word_1_405' title='bbox 1255 4422 1363 4487; x_wconf 85' lang='lat' dir='ltr'><strong>sublege</strong></span> <span class='ocrx_word' id='word_1_406' title='bbox 1380 4421 1407 4471; x_wconf 93' lang='lat' dir='ltr'><em>B</em></span> 
     </span>
     <span class='ocr_line' id='line_1_41' title="bbox 123 4488 1407 4559; baseline -0.001 -17"><span class='ocrx_word' id='word_1_407' title='bbox 123 4493 210 4559; x_wconf 82' lang='lat' dir='ltr'><strong>dilego</strong></span> <span class='ocrx_word' id='word_1_408' title='bbox 228 4491 329 4556; x_wconf 82' lang='lat' dir='ltr'><strong>subligo</strong></span> <span class='ocrx_word' id='word_1_409' title='bbox 349 4488 374 4538; x_wconf 92' lang='lat' dir='ltr'><em>P</em></span> <span class='ocrx_word' id='word_1_410' title='bbox 390 4489 475 4554; x_wconf 89' lang='lat' dir='ltr'><strong>relego</strong></span> <span class='ocrx_word' id='word_1_411' title='bbox 495 4490 586 4556; x_wconf 89' lang='lat' dir='ltr'><strong>delego</strong></span> <span class='ocrx_word' id='word_1_412' title='bbox 603 4490 708 4556; x_wconf 85' lang='lat' dir='ltr'><strong>sublego</strong></span> <span class='ocrx_word' id='word_1_413' title='bbox 728 4498 738 4539; x_wconf 85' lang='lat' dir='ltr'><strong>t</strong></span> <span class='ocrx_word' id='word_1_414' title='bbox 826 4491 856 4543; x_wconf 84' lang='grc'><strong>19</strong></span> <span class='ocrx_word' id='word_1_415' title='bbox 874 4490 941 4540; x_wconf 90' lang='lat' dir='ltr'><strong>unde</strong></span> <span class='ocrx_word' id='word_1_416' title='bbox 961 4491 1061 4554; x_wconf 82' lang='lat' dir='ltr'><strong>appello</strong></span> <span class='ocrx_word' id='word_1_417' title='bbox 1079 4496 1158 4552; x_wconf 72' lang='lat' dir='ltr'><strong>(corr.</strong></span> <span class='ocrx_word' id='word_1_418' title='bbox 1177 4490 1306 4557; x_wconf 87' lang='lat' dir='ltr'><strong>conpello)</strong></span> <span class='ocrx_word' id='word_1_419' title='bbox 1326 4491 1366 4540; x_wconf 79' lang='lat' dir='ltr'><strong>las</strong></span> <span class='ocrx_word' id='word_1_420' title='bbox 1379 4490 1407 4541; x_wconf 89' lang='lat' dir='ltr'><em>B</em></span> 
     </span>
     <span class='ocr_line' id='line_1_42' title="bbox 124 4559 1406 4628; baseline -0.002 -18"><span class='ocrx_word' id='word_1_421' title='bbox 124 4563 191 4613; x_wconf 88' lang='lat' dir='ltr'><strong>node</strong></span> <span class='ocrx_word' id='word_1_422' title='bbox 208 4562 323 4628; x_wconf 87' lang='lat' dir='ltr'><strong>coopello</strong></span> <span class='ocrx_word' id='word_1_423' title='bbox 341 4575 369 4609; x_wconf 87' lang='lat' dir='ltr'><strong>as</strong></span> <span class='ocrx_word' id='word_1_424' title='bbox 388 4560 425 4609; x_wconf 89' lang='lat' dir='ltr'><strong>P:</strong></span> <span class='ocrx_word' id='word_1_425' title='bbox 441 4559 475 4620; x_wconf 74' lang='lat' dir='ltr'><strong>es.</strong></span> <span class='ocrx_word' id='word_1_426' title='bbox 492 4574 519 4622; x_wconf 82' lang='lat' dir='ltr'><strong>p.</strong></span> <span class='ocrx_word' id='word_1_427' title='bbox 536 4560 620 4619; x_wconf 77' lang='lat'><strong>478,2</strong></span> <span class='ocrx_word' id='word_1_428' title='bbox 645 4561 698 4611; x_wconf 75' lang='grc'><strong>’21</strong></span> <span class='ocrx_word' id='word_1_429' title='bbox 718 4575 780 4609; x_wconf 86' lang='lat' dir='ltr'><strong>sono</strong></span> <span class='ocrx_word' id='word_1_430' title='bbox 798 4573 882 4610; x_wconf 83' lang='lat' dir='ltr'><strong>nutem</strong></span> <span class='ocrx_word' id='word_1_431' title='bbox 901 4559 1042 4624; x_wconf 69' lang='lat' dir='ltr'><strong>(cuperem.</strong></span> <span class='ocrx_word' id='word_1_432' title='bbox 1061 4560 1141 4623; x_wconf 88' lang='lat' dir='ltr'><strong>enim)</strong></span> <span class='ocrx_word' id='word_1_433' title='bbox 1158 4575 1235 4610; x_wconf 74' lang='lat' dir='ltr'><strong>sonsa</strong></span> <span class='ocrx_word' id='word_1_434' title='bbox 1251 4560 1277 4610; x_wconf 85' lang='lat' dir='ltr'><em>B</em></span> <span class='ocrx_word' id='word_1_435' title='bbox 1317 4561 1351 4611; x_wconf 79' lang='lat'><strong>27</strong></span> <span class='ocrx_word' id='word_1_436' title='bbox 1365 4561 1406 4608; x_wconf 89' lang='lat' dir='ltr'><strong>in·</strong></span> 
     </span>
     <span class='ocr_line' id='line_1_43' title="bbox 122 4630 1405 4696; baseline -0.002 -15"><span class='ocrx_word' id='word_1_437' title='bbox 122 4633 224 4682; x_wconf 85' lang='lat' dir='ltr'><strong>durauit</strong></span> <span class='ocrx_word' id='word_1_438' title='bbox 247 4643 271 4682; x_wconf 91' lang='lat' dir='ltr'><strong>et</strong></span> <span class='ocrx_word' id='word_1_439' title='bbox 290 4631 424 4680; x_wconf 80' lang='lat' dir='ltr'><strong>maturauit</strong></span> <span class='ocrx_word' id='word_1_440' title='bbox 442 4630 467 4677; x_wconf 88' lang='lat' dir='ltr'><em>P</em></span> <span class='ocrx_word' id='word_1_441' title='bbox 549 4632 654 4679; x_wconf 87' lang='lat' dir='ltr'><strong>ueniunt</strong></span> <span class='ocrx_word' id='word_1_442' title='bbox 677 4630 825 4679; x_wconf 84' lang='lat' dir='ltr'><strong>auctoritate</strong></span> <span class='ocrx_word' id='word_1_443' title='bbox 847 4630 901 4680; x_wconf 81' lang='lat' dir='ltr'><strong>sola</strong></span> <span class='ocrx_word' id='word_1_444' title='bbox 925 4632 1058 4680; x_wconf 84' lang='lat' dir='ltr'><strong>uetustatis</strong></span> <span class='ocrx_word' id='word_1_445' title='bbox 1082 4631 1222 4696; x_wconf 73' lang='lat' dir='ltr'><strong>(repertor.</strong></span> <span class='ocrx_word' id='word_1_446' title='bbox 1242 4633 1277 4685; x_wconf 84' lang='lat' dir='ltr'><strong>al.</strong></span> <span class='ocrx_word' id='word_1_447' title='bbox 1295 4647 1327 4684; x_wconf 77' lang='lat' dir='ltr'><strong>m,</strong></span> <span class='ocrx_word' id='word_1_448' title='bbox 1354 4643 1405 4679; x_wconf 90' lang='lat' dir='ltr'><strong>uon</strong></span> 
     </span>
     <span class='ocr_line' id='line_1_44' title="bbox 123 4698 1337 4766; baseline -0.002 -14"><span class='ocrx_word' id='word_1_449' title='bbox 123 4704 197 4766; x_wconf 81' lang='lat' dir='ltr'><strong>artie)</strong></span> <span class='ocrx_word' id='word_1_450' title='bbox 215 4701 319 4751; x_wconf 85' lang='lat' dir='ltr'><strong>tradidit</strong></span> <span class='ocrx_word' id='word_1_451' title='bbox 341 4701 404 4749; x_wconf 88' lang='lat' dir='ltr'><strong>ratio</strong></span> <span class='ocrx_word' id='word_1_452' title='bbox 423 4700 448 4749; x_wconf 90' lang='lat' dir='ltr'><em>B</em></span> <span class='ocrx_word' id='word_1_453' title='bbox 518 4700 551 4749; x_wconf 76' lang='lat'><strong>28</strong></span> <span class='ocrx_word' id='word_1_454' title='bbox 569 4702 645 4750; x_wconf 86' lang='lat' dir='ltr'><strong>tradit</strong></span> <span class='ocrx_word' id='word_1_455' title='bbox 662 4700 687 4748; x_wconf 90' lang='lat' dir='ltr'><em>P</em></span> <span class='ocrx_word' id='word_1_456' title='bbox 753 4698 847 4766; x_wconf 86' lang='lat' dir='ltr'><strong>motus]</strong></span> <span class='ocrx_word' id='word_1_457' title='bbox 868 4706 966 4749; x_wconf 84' lang='lat' dir='ltr'><strong>meatus</strong></span> <span class='ocrx_word' id='word_1_458' title='bbox 984 4699 1008 4747; x_wconf 97' lang='lat' dir='ltr'><em>P</em></span> <span class='ocrx_word' id='word_1_459' title='bbox 1076 4701 1109 4750; x_wconf 80' lang='lat'><strong>29</strong></span> <span class='ocrx_word' id='word_1_460' title='bbox 1128 4701 1294 4752; x_wconf 85' lang='lat' dir='ltr'><strong>dinoscuntur</strong></span> <span class='ocrx_word' id='word_1_461' title='bbox 1312 4700 1337 4749; x_wconf 93' lang='lat' dir='ltr'><em>P</em></span> 
     </span>
     <span class='ocr_line' id='line_1_45' title="bbox 124 4768 1405 4837; baseline -0.005 -14"><span class='ocrx_word' id='word_1_462' title='bbox 124 4772 158 4823; x_wconf 82' lang='lat'><strong>30</strong></span> <span class='ocrx_word' id='word_1_463' title='bbox 175 4772 295 4836; x_wconf 87' lang='lat' dir='ltr'><strong>pleraque</strong></span> <span class='ocrx_word' id='word_1_464' title='bbox 313 4771 339 4820; x_wconf 93' lang='lat' dir='ltr'><em>P</em></span> <span class='ocrx_word' id='word_1_465' title='bbox 398 4769 431 4821; x_wconf 81' lang='lat'><strong>32</strong></span> <span class='ocrx_word' id='word_1_466' title='bbox 449 4777 478 4818; x_wconf 81' lang='lat' dir='ltr'><strong>ut</strong></span> <span class='ocrx_word' id='word_1_467' title='bbox 493 4770 564 4834; x_wconf 90' lang='lat' dir='ltr'><strong>litigo</strong></span> <span class='ocrx_word' id='word_1_468' title='bbox 583 4785 611 4819; x_wconf 86' lang='lat' dir='ltr'><strong>as</strong></span> <span class='ocrx_word' id='word_1_469' title='bbox 629 4781 640 4820; x_wconf 85' lang='lat' dir='ltr'><strong>t</strong></span> <span class='ocrx_word' id='word_1_470' title='bbox 658 4777 684 4818; x_wconf 87' lang='lat' dir='ltr'><strong>nt</strong></span> <span class='ocrx_word' id='word_1_471' title='bbox 702 4769 760 4836; x_wconf 87' lang='lat' dir='ltr'><strong>lego</strong></span> <span class='ocrx_word' id='word_1_472' title='bbox 777 4770 917 4836; x_wconf 78' lang='lat' dir='ltr'><strong>(eoperaer.</strong></span> <span class='ocrx_word' id='word_1_473' title='bbox 936 4769 977 4818; x_wconf 91' lang='lat' dir='ltr'><strong>uel</strong></span> <span class='ocrx_word' id='word_1_474' title='bbox 996 4768 1081 4836; x_wconf 88' lang='lat' dir='ltr'><strong>litigo)</strong></span> <span class='ocrx_word' id='word_1_475' title='bbox 1096 4785 1144 4837; x_wconf 82' lang='lat' dir='ltr'><strong>gas</strong></span> <span class='ocrx_word' id='word_1_476' title='bbox 1162 4771 1189 4821; x_wconf 89' lang='lat' dir='ltr'><em>B</em></span> <span class='ocrx_word' id='word_1_477' title='bbox 1207 4778 1233 4820; x_wconf 87' lang='lat' dir='ltr'><strong>ut</strong></span> <span class='ocrx_word' id='word_1_478' title='bbox 1247 4771 1304 4837; x_wconf 84' lang='lat' dir='ltr'><strong>lego</strong></span> <span class='ocrx_word' id='word_1_479' title='bbox 1321 4769 1405 4836; x_wconf 69' lang='lat' dir='ltr'><strong>lagu,</strong></span> 
     </span>
     <span class='ocr_line' id='line_1_46' title="bbox 123 4839 487 4906; baseline -0.016 -13"><span class='ocrx_word' id='word_1_480' title='bbox 123 4857 253 4906; x_wconf 79' lang='lat' dir='ltr'><strong>auperecr.</strong></span> <span class='ocrx_word' id='word_1_481' title='bbox 271 4843 305 4895; x_wconf 88' lang='lat' dir='ltr'><strong>al.</strong></span> <span class='ocrx_word' id='word_1_482' title='bbox 325 4856 355 4892; x_wconf 88' lang='lat' dir='ltr'><strong>nr.</strong></span> <span class='ocrx_word' id='word_1_483' title='bbox 376 4839 446 4905; x_wconf 89' lang='lat' dir='ltr'><strong>litigo</strong></span> <span class='ocrx_word' id='word_1_484' title='bbox 462 4839 487 4887; x_wconf 93' lang='lat' dir='ltr'><em>P</em></span> 
     </span>
    </p>
   </div>
   <div class='ocr_carea' id='block_1_4' title="bbox 0 0 1679 5498">
    <p class='ocr_par' dir='ltr' id='par_1_6' title="bbox 0 0 1679 5498">
     <span class='ocr_line' id='line_1_47' title="bbox 0 0 1679 5498; baseline 0 0"><span class='ocrx_word' id='word_1_485' title='bbox 0 0 1679 5498; x_wconf 95' lang='lat' dir='ltr'><strong> </strong></span> 
     </span>
    </p>
   </div>
  </div>
 </body>
</html>
