3346 5498
129 382 193 447 452
688 382 871 444 ttvrtcttts

156 506 176 546 p.
192 495 235 533 or.
249 494 274 533 aa
290 491 310 532 t..
1220 503 1241 543 p.
1254 493 1315 533 erra
1331 494 1361 533 aa
1373 490 1398 531 ι.

130 572 210 633 dedit
232 572 405 640 verborum,
429 571 465 630 de
487 570 597 650 ‹pultus
618 578 719 650 postea
742 571 867 631 dicetur.
905 573 1062 651 pauciores
1086 590 1154 631 vero
1176 574 1335 633 nominum
1360 580 1424 633 ter·

130 676 320 743 minutiones,
346 693 399 734 nec
422 672 459 734 alr
475 674 554 733 ouini
571 683 650 734 motu
668 673 840 743 vorborum,
865 694 919 734 uec.
941 692 992 734 eas
1017 676 1096 753 ipsas
1117 692 1237 753 senrper
1259 676 1292 734 in
1316 674 1425 735 multis

130 776 300 837 norninilms
322 795 338 836 a
360 774 519 836 verborum
542 777 724 836 derivatione
750 776 893 846 traduxit;
922 795 996 855 quas
1018 778 1068 856 qui
1092 777 1274 856 perceperit,
1298 776 1424 838 intelle·

128 897 199 956 gere
221 878 337 938 facilius
360 885 463 956 potest.
478 877 667 941 adhaerentia
685 877 784 937 rerltis
807 879 941 947 uomina,
965 886 1063 939 utrum
1087 880 1150 958 ipsa
1174 878 1336 939 verborum
1359 880 1426 939 sint

128 982 275 1058 origines,
299 999 335 1041 an
359 978 541 1039 deducantur
564 998 579 1039 a
604 972 712 1039 serbis.
757 1000 772 1040 a
796 979 893 1040 trilrus
920 981 997 1041 euim
1022 982 1104 1060 quasi
1128 980 1261 1040 lontibus
1284 978 1452 1045 verbalias

127 1084 246 1142 tronum
276 1081 476 1148 deducuntur,
507 1081 535 1140 id
564 1089 610 1142 cst
636 1089 686 1142 aut
713 1080 749 1141 ah
778 1083 936 1143 indicativo
963 1086 1114 1163 praesenti
1143 1089 1193 1142 aut
1214 1101 1230 1141 a
1253 1083 1427 1161 praeterito

128 1185 261 1263 perlecto
284 1192 334 1242 aut
356 1181 393 1243 ab
417 1183 561 1242 infinitivo
583 1185 684 1243 luturo
706 1183 766 1242 sire
790 1185 969 1264 participiis;
992 1194 1022 1245 et
1044 1184 1168 1263 siugulis
1190 1191 1426 1245 eorum'certae

128 1292 197 1345 sunt
229 1284 447 1345 derivationum
478 1284 626 1345 clausulae
660 1293 720 1345 tam
752 1287 909 1363 generales
941 1306 1029 1366 quam
1062 1285 1207 1366 speciales
1239 1287 1425 1347 destinatae.

127 1395 197 1447 suut
219 1389 298 1447 enim
322 1387 479 1464 generales
505 1385 625 1465 «paridem
655 1389 809 1447 nominum
837 1387 1035 1449 derivationes
1067 1388 1080 1470 ll
1110 1390 1264 1449 venientes
1293 1407 1310 1449 a
1334 1407 1427 1468 prae·

127 1491 204 1549 senti
228 1497 361 1568 tempore
384 1488 543 1549 rerltorum
565 1486 637 1557 liae,
660 1489 690 1548 in
712 1490 789 1558 ium,
813 1490 965 1559 initium,
989 1492 1019 1550 in
1043 1491 1168 1559 iculum,
1192 1492 1223 1550 iu
1246 1491 1365 1560 culum,
1392 1492 1463 1551 inu

129 1590 225 1659 idum,
250 1593 281 1651 in
303 1593 400 1660 inico,
418 1593 447 1651 in
464 1589 592 1658 orandus,
617 1592 648 1649 in
664 1608 713 1659 or,
737 1592 768 1650 iu
783 1592 864 1660 idus,
889 1594 920 1652 in
936 1611 985 1661 us,
1008 1594 1039 1652 in
1062 1612 1094 1653 es
1117 1600 1177 1652 tam
1192 1592 1315 1652 ltrcrem
1331 1611 1427 1672 quam

129 1693 259 1770 longam,
277 1694 308 1752 in
324 1695 365 1762 is,
389 1694 419 1753 in
436 1692 531 1760 ilrilis,
549 1692 579 1750 in
595 1691 657 1761 ilis,
675 1692 704 1751 in
721 1711 789 1761 uus,
808 1692 812 1773 l
829 1696 860 1753 iu
876 1693 955 1762 ulus,
972 1696 1002 1754 in
1018 1713 1068 1763 ax,
1090 1696 1120 1754 iu
1137 1713 1187 1762 es,
1204 1696 1236 1753 in
1251 1692 1375 1761 lrulmn,
1393 1695 1426 1755 iu

130 1794 212 1863 tutis,
237 1796 266 1854 in
291 1794 423 1863 hundos,
447 1794 498 1854 illo
521 1793 636 1853 scilicet
658 1793 856 1864 otservaudo,
880 1795 957 1874 quod
981 1814 1147 1855 consonans
1169 1796 1329 1874 positionis
1352 1805 1424 1856 ante

128 1918 145 1951 o
169 1896 212 1956 vel
235 1917 270 1955 eo
293 1898 338 1957 rel
362 1899 391 1956 io
419 1898 535 1956 iuventa
559 1902 692 1955 servatur
720 1898 750 1954 iu
778 1895 916 1956 trintiiltus
939 1897 1203 1959 terminationibus
1226 1899 1383 1958 pontinum
1407 1918 1423 1959 a

129 1998 221 2057 vocali
245 1997 467 2077 incipientibus.
498 2006 527 2059 et
551 2005 617 2057 aitte
641 1998 701 2057 ium
723 1997 859 2075 quidem,
883 2005 916 2058 ut
931 1999 1014 2077 litigo
1029 1999 1173 2077 litigium,
1197 2017 1315 2059 mercor
1338 2018 1460 2061 com-1⁵

129 2102 287 2167 inerciam,
312 2099 424 2159 oltsouo
446 2099 619 2167 oltsoniutn,
643 2102 755 2176 vestigo
778 2101 949 2177 vestigium,
973 2100 1096 2161 aedifico
1118 2100 1302 2169 aedificium,
1326 2104 1421 2162 sacri·

129 2205 182 2263 tiro
205 2202 398 2270 sacrificium,
429 2203 573 2280 participo
602 2203 806 2280 participium,
838 2204 973 2281 uratrcipo
1001 2204 1195 2281 ruaucipitnn,
1224 2203 1342 2281 impero
1367 2205 1421 2263 im·

129 2307 261 2383 perium,
285 2304 424 2363 cooriror
451 2304 629 2371 cooririurn,
659 2302 790 2381 prandeo
818 2303 991 2382 prandium,
1014 2304 1128 2381 gatrdeo
1150 2303 1307 2380 gattdium,
1333 2323 1421 2384 prae·

128 2407 211 2466 sideo
238 2405 435 2485 praesidium,
464 2404 585 2464 rrttedeor
614 2404 803 2474 remedium„
825 2404 904 2466 attrito
931 2405 1109 2475 cttrrulrium,
1143 2406 1209 2465 iuro
1237 2407 1419 2485 periurium,

128 2509 246 2569 l'astidio
269 2507 436 2575 fastidium,
453 2507 539 2566 exulo
561 2506 681 2566 consulo
704 2525 723 2566 u
746 2507 926 2585 praeitultinru
949 2510 978 2568 in
1003 2509 1012 2567 i
1035 2526 1174 2568 correersa
1198 2508 1323 2568 exilium
1347 2528 1458 2569 con-aa

127 2610 241 2678 silium,
280 2607 427 2687 ‹elisoquor
459 2606 647 2687 olnequiunr,
683 2607 805 2686 eloquor
838 2608 1002 2687 eloquium,
1038 2608 1185 2670 domicilio
1218 2609 1419 2679 domicilium,

126 2711 217 2770 solsto
246 2710 419 2779 solstitium,
449 2712 527 2770 iusto
555 2711 715 2779 iustitium,
745 2728 834 2770 cerno
863 2710 1058 2771 silicernium.
1103 2713 1175 2770 item
1204 2720 1273 2771 ante
1304 2712 1419 2773 iculum

128 2814 211 2873 rideo
240 2811 414 2881 ridiculum,
443 2812 598 2892 perpendo
624 2812 884 2891 perpetnliculum‚
915 2832 1022 2872 orrrro
1050 2812 1263 2881 euerriculum,
1293 2813 1420 2874 devecto

127 2915 357 2982 deverticulum,
381 2914 455 2973 rrelro
478 2913 657 2982 relrieultun,
682 2933 772 2992 pereo
795 2914 974 2992 periculum.
998 2917 1062 2975 lero
1085 2915 1229 2976 l'erculum
1252 2914 1368 2995 alisque
1392 2918 1418 2983 i:

129 3026 162 3076 ut
185 3018 281 3077 vincio
304 3015 468 3085 vinculum,
499 3018 585 3093 cingo
613 3016 762 3093 cingulum
791 3024 820 3076 ct
849 3018 926 3076 iaeio
953 3016 1081 3076 iaculum
1104 3017 1277 3076 tinalitatern
1300 3034 1362 3076 non
1385 3019 1452 3078 iun

128 3119 253 3187 iculum,
283 3118 333 3178 sed
363 3120 394 3177 in
424 3117 503 3177 ulum
532 3126 752 3178 tettnrerterunt.
798 3119 869 3179 itum
897 3128 964 3179 aute
993 3120 1087 3187 imon,
1120 3125 1153 3178 ut
1176 3134 1246 3193 rego
1268 3118 1416 3195 regimen,

126 3227 194 3298 tego
222 3222 362 3298 tegimen.
407 3227 437 3280 et
464 3227 531 3280 aude
560 3221 675 3280 cundus
702 3222 710 3278 i
741 3218 785 3278 vel
814 3240 829 3278 o
857 3218 1104 3299 praecedentibus
1130 3222 1234 3283 etiam.
1266 3226 1299 3279 ut
1322 3220 1418 3280 rubeo

127 3321 326 3391 ruhirurnlus,
351 3339 454 3381 vercor
477 3322 674 3402 verecumlus,
704 3322 781 3400 tptrrtd
805 3341 821 3379 e
843 3324 930 3400 proi
959 3323 1096 3381 servarit.
1140 3328 1207 3381 aute
1230 3339 1416 3401 torqueque,

126 3443 251 3505 quorum
276 3442 367 3503 pauca
392 3443 426 3484 ex
450 3424 531 3491 aliis,
555 3422 696 3502 pleraque
720 3443 755 3482 ex
779 3424 907 3483 sectanda
925 3425 1045 3483 renimo
1059 3424 1266 3499 coriiugationo
1289 3431 1320 3483 ct
1342 3442 1416 3483 ιιιιι-

126 3525 251 3587 tralibns
274 3527 400 3586 riraxime
423 3526 539 3593 veritis3
568 3544 643 3603 aptiae
672 3527 740 3603 quia
770 3544 827 3585 non
857 3532 979 3603 possunt
1002 3525 1037 3585 ad
1060 3525 1203 3603 passivam
1228 3527 1449 3586 transeuntian

125 3628 371 3704 significationem
395 3628 425 3685 in
449 3645 482 3685 or
505 3625 641 3686 desinere
672 3625 845 3694 rerltaliter,
874 3645 981 3687 nomen
1004 3645 1019 3686 a
1042 3624 1133 3686 verbo
1156 3625 1304 3685 secundae
1327 3644 1414 3705 prae·

224 3765 312 3771 —.-..
339 3762 425 3769 --...

209 3813 364 3862 {intertiata
383 3811 438 3862 BP
518 3812 661 3873 isortaese
678 3814 732 3860 sive
752 3811 874 3861 infinitivo
894 3811 977 3863 linruo
996 3821 1039 3861 aut
1059 3827 1073 3860 a
1091 3811 1233 3877 participiis
1321 3812 1414 3863 dsunt

125 3884 191 3931 enim
212 3882 347 3946 generales
365 3882 467 3943 uiridem
481 3883 610 3930 nominum
630 3882 802 3931 deriuatioues
817 3884 947 3932 taenieetes
965 3899 979 3931 a
1000 3883 1125 3948 praesenti
1145 3892 1258 3947 tempore.
1277 3883 1412 3933 uerborum

126 3952 311 4002 ter-ruinutioaee
331 3952 382 4001 Hae
399 3953 465 4000 enim
485 3950 625 4014 (anper-aer.
645 3949 715 4007 studi
735 3952 759 3999 iu
774 3953 823 4000 ium
844 3953 868 4001 li
884 3963 942 4002 erint
955 3962 1037 4002 atatem
1059 3952 1193 4016 generales
1208 3952 1313 4015 quidem
1331 3954 1412 4003 nomi-

126 4037 184 4069 uum
201 4021 365 4070 diriuationes
384 4022 514 4072 uenientes
533 4036 547 4068 a
564 4023 689 4088 praesenti
709 4030 822 4084 tempore
844 4024 977 4073 uerborum
999 4022 1189 4072 terminationes
1205 4023 1272 4071 enim
1288 4021 1337 4072 hae
1355 4032 1412 4072 aunt

125 4092 149 4139 iu
166 4092 217 4139 ium
232 4092 256 4139 P
272 4099 330 4140 sunt
348 4092 414 4139 enirn
433 4090 564 4154 getterales
583 4091 684 4154 quidem
702 4092 830 4141 nominum
850 4094 1015 4142 diriuationes
1034 4108 1048 4139 a
1068 4093 1193 4156 praesenti
1217 4100 1332 4157 tempore
1356 4109 1413 4143 trer-

125 4163 212 4209 torino
228 4160 417 4209 terminationes
437 4161 487 4209 liae
502 4163 569 4210 euim
588 4171 647 4210 euru
663 4163 688 4210 in
709 4164 759 4210 ium
779 4170 789 4212 ι
806 4171 865 4214 sum
883 4165 948 4212 enirn
968 4161 1101 4228 geiierales
1119 4162 1220 4225 quidem
1239 4162 1413 4215 deriuationes

126 4233 257 4280 trerminum
276 4245 290 4278 o
309 4231 435 4294 praesenti
453 4243 564 4297 ternpore
584 4232 716 4281 uerltorum
736 4247 842 4295 (pirorum
861 4234 1050 4282 terruinatioucs
1071 4230 1118 4280 liae
1138 4240 1196 4281 sum
1215 4233 1239 4280 iu
1259 4231 1349 4293 irruit*

126 4302 157 4352 lu
177 4303 200 4350 iu
221 4300 292 4348 itiam
311 4301 335 4347 in
351 4300 442 4349 iculum
460 4303 484 4350 iu
504 4303 589 4352 bulum
609 4303 633 4350 in
654 4304 720 4351 ἰιιιιιι
739 4305 765 4352 in
782 4318 810 4351 or
826 4305 849 4352 iu
866 4319 893 4352 ee
911 4314 959 4350 tani
979 4304 1079 4351 breuem
1096 4316 1170 4362 apuam
1186 4299 1290 4367 longara
1310 4305 1335 4351 in
1356 4303 1413 4353 titis

124 4374 147 4421 iu
168 4371 208 4421 ilis
227 4371 251 4418 in
272 4385 319 4418 tius
337 4372 362 4419 in
381 4370 481 4420 bundas
504 4374 529 4420 in
548 4374 646 4422 eiurdus
666 4374 690 4421 in
710 4373 767 4421 idus
787 4374 810 4421 iu
832 4374 889 4421 irtus
907 4375 931 4419 in
952 4388 999 4421 nus
1018 4373 1041 4420 in
1061 4386 1093 4419 ax
1114 4372 1138 4419 iu
1162 4387 1195 4420 ex
1213 4373 1238 4420 in
1258 4386 1306 4437 eps
1324 4373 1370 4422 illo
1389 4372 1413 4423 B

195 4440 223 4492 ll
245 4441 268 4488 in
285 4438 363 4506 iruen]
382 4441 406 4488 in
426 4456 481 4490 men
501 4443 526 4490 P
594 4443 626 4494 13
645 4442 686 4491 illo
706 4443 801 4491 seilicet
819 4453 843 4491 et
865 4442 1024 4492 ‹ibaerirrrudo
1038 4443 1063 4491 P
1131 4442 1162 4491 21
1182 4440 1313 4491 aliiniicilio
1329 4444 1412 4493 domi-

123 4513 208 4561 cilium
229 4511 276 4573 Bf
290 4520 314 4559 et
334 4512 484 4561 domunculo
504 4512 658 4562 domicilium
679 4513 719 4561 Pt
738 4529 753 4560 a
769 4513 896 4561 domicilio
914 4511 954 4559 uel
969 4511 1120 4560 domunculo
1136 4512 1293 4560 domicilium
1311 4526 1338 4567 ς.
1356 4513 1412 4576 for·

122 4592 190 4632 tasse
208 4579 263 4630 colo
280 4580 452 4645 domicilium,
472 4596 545 4630 cerno
565 4584 728 4644 silicernium,
745 4592 769 4630 et
787 4592 845 4631 urite
866 4583 945 4641 itiam,
965 4595 1005 4630 sto
1025 4580 1159 4630 solstitium
1180 4581 1305 4630 iustitium
1378 4581 1413 4634 23

123 4668 212 4701 euerro
229 4652 396 4700 euerriculum
416 4665 433 4707 ς
447 4666 536 4701 euerso
556 4654 724 4703 etiersiculum
739 4652 777 4702 Pt
794 4662 879 4701 euerto
897 4652 1061 4700 ‹etrertieulum
1073 4652 1098 4700 B
1115 4660 1202 4700 arrecto
1219 4652 1419 4716 auerticnlumf

190 4722 224 4770 25
243 4719 334 4787 vincio]
353 4722 426 4770 niueo
443 4721 468 4770 lt
537 4724 571 4772 ’ld
590 4724 647 4773 item
668 4725 692 4771 iu
713 4738 768 4771 trien
786 4737 846 4787 rego
866 4723 975 4786 regimen
996 4731 1054 4788 tego
1070 4729 1172 4786 tegmen
1191 4730 1216 4769 et
1235 4731 1295 4771 ante
1312 4724 1413 4774 cuades

123 4791 193 4838 enei
214 4791 220 4837 i
240 4792 449 4855 praecidentibus
469 4792 544 4840 etiam
563 4803 589 4841 ut
603 4808 691 4843 uereor
711 4793 868 4841 arereoundus
883 4792 959 4840 rubeo
978 4791 1134 4841 rubicundos
1152 4791 1244 4853 quodi
1263 4808 1310 4857 pro
1327 4810 1343 4842 e
1361 4810 1415 4843 eer-

123 4860 192 4908 uauit
210 4862 235 4910 P
303 4862 335 4911 27
354 4862 520 4929 pereuntibus
540 4862 564 4911 ll
632 4862 666 4912 30
683 4859 851 4927 transeuntia]
873 4863 979 4912 transire
998 4862 1023 4911 B
1092 4862 1122 4912 dl
1140 4859 1289 4912 uerbialiter
1306 4862 1363 4915 BP
