3346 5498
239 387 302 452 632
697 402 699 407 ·
788 388 969 451 ΜΑΟΒΟΒΠ

265 510 285 549 p.
302 495 430 536 ras-arv.

240 593 270 635 se
293 577 477 642 communia,
501 583 532 633 ut
555 577 585 633 iu
608 574 668 634 illis
690 576 809 635 omnino
831 595 890 635 non
913 576 1059 636 dilleraut.
1105 584 1136 635 at
1163 578 1193 637 in
1216 582 1354 641 numeris
1385 581 1470 641 haec
1496 598 1560 641 una

239 678 386 737 dissensio
414 684 473 741 est,
503 675 580 755 qnod
610 672 729 735 δοϊκόν
748 695 828 749 ,οεος
855 679 885 736 in
916 678 1058 737 latinitate
1088 679 1187 739 trullus
1214 680 1347 741 admisit.
1399 700 1478 743 nam
1504 683 1559 763 qui

240 787 344 858 putant
366 781 464 839 locere
487 778 588 838 dixere
611 777 707 838 dualis
729 797 794 838 esse
810 780 937 848 numeri,
961 778 1113 859 subiuepti
1136 789 1205 841 suut
1226 790 1376 860 arguente
1398 782 1556 862 Vergilio,

240 883 291 960 qrri
315 880 414 940 verbis
437 879 545 941 talibus
561 880 784 940 universitatem
800 881 861 940 vult
882 882 1044 949 continere,
1069 890 1101 941 ut
1125 886 1369 945 ‘conticuere
1395 888 1556 946 omnes'
1588 892 1594 902 '

241 992 269 1044 et
292 985 378 1043 ‘una
400 1000 527 1042 omnes
548 982 677 1042 iecere
699 981 858 1061 pedem'.
1569 1006 1581 1043 s

122 1097 180 1154 οοο,
197 1096 227 1142 re
325 1084 462 1161 Nigidius
490 1086 520 1143 in
554 1085 776 1144 contruentariis
808 1084 1082 1160 grammaticalibus
1114 1085 1237 1145 verbum
1270 1095 1399 1149 autumo
1431 1107 1556 1170 conpo-

241 1190 330 1246 situm
365 1189 407 1245 ait
439 1205 474 1245 ex
508 1187 728 1264 praepositione
763 1185 800 1245 ab
833 1195 863 1246 et
896 1184 988 1245 verbo
1016 1188 1156 1256 aestimo,
1191 1186 1365 1268 dictumque
1397 1191 1556 1251 intercise

241 1297 371 1357 antinno,
395 1296 544 1366 tamquam
567 1289 593 1346 si
616 1287 767 1347 diceretur
789 1287 961 1357 abaestimo,
984 1288 1061 1366 qnod
1078 1290 1260 1365 significaret
1281 1297 1380 1351 totum
1404 1294 1554 1353 aestimo.

241 1391 291 1450 sed
308 1399 428 1450 atttnmo
444 1408 503 1448 non
519 1389 547 1448 id
564 1389 659 1449 solum
675 1390 822 1467 significat
844 1391 977 1459 aestimo,
1001 1389 1052 1449 sod
1076 1399 1106 1449 et
1127 1391 1192 1450 dico
1215 1398 1245 1450 et
1267 1393 1410 1477 censeo}
1438 1417 1461 1451 e
1487 1417 1510 1453 s
1533 1416 1554 1450 s

124 1505 228 1553 otta-22
326 1491 448 1569 Singula
478 1499 610 1569 tempora
639 1510 697 1551 non
727 1492 904 1570 simpliciter
932 1494 1134 1572 proteruntur.
1179 1502 1208 1553 et
1238 1501 1270 1552 ut
1292 1497 1427 1575 exempli
1455 1518 1551 1561 causa
1566 1514 1589 1550 ¹⁰

242 1596 328 1654 ninus
349 1593 432 1652 nerlii
453 1593 610 1653 declinatio
626 1601 753 1663 notetur,
776 1588 890 1653 τύπτω
912 1596 1079 1673 perlectum
1099 1596 1170 1655 lacit
1187 1590 1324 1674 τέτυφα,
1348 1574 1381 1658 et
1404 1598 1553 1680 soqimm

241 1697 332 1756 altera
346 1696 480 1755 eiusdem
494 1696 637 1772 temporis
651 1694 819 1764 dominatio,
843 1694 920 1773 quod
935 1697 1065 1756 rncdimn
1079 1699 1243 1775 perlectum
1255 1707 1372 1768 rocam,
1397 1697 1550 1763 τέτυπαε

241 1801 312 1858 item
326 1798 650 1877 plusquamperfectum
667 1791 992 1875 essecommmedium
1011 1799 1330 1878 plusquamperfectum
1346 1797 1551 1866 ἐτετύπειν;

241 1893 400 1978 ἀορίστου
423 1897 540 1975 erveo,
563 1893 668 1977 μέσου
690 1892 850 1977 ἀορίστου
865 1897 1000 1959 ἔτυπον.
1037 1902 1169 1960 loturum
1193 1901 1320 1979 prinmm
1336 1897 1438 1975 τύψω
1461 1908 1549 1986 iacit,

241 2006 371 2063 loturum
387 2001 548 2061 scenmlum
564 2000 669 2061 τυπῶ.
694 2001 744 2060 sed
761 2009 791 2060 et
806 2003 836 2060 in
850 2003 965 2079 passiva
981 2002 1114 2062 eiusdem
1130 2001 1213 2062 verbi
1229 2003 1434 2065 declinatione
1452 2027 1548 2088 saepe
1565 2023 1587 2061 1³·

240 2101 1547 2187 cimtingitrepetitiovariatatemporibuscontentasimplicibuslatinitatecorripendiis.

123 2219 224 2277 enta-ut
328 2207 471 2266 Praesens
500 2215 616 2285 tempus
644 2208 674 2264 in
703 2204 832 2264 socumla
862 2207 1070 2282 orririugatioue
1101 2206 1144 2265 vel
1175 2207 1260 2265 tertia
1284 2208 1433 2285 producta
1461 2214 1494 2273 iu
1520 2215 1550 2274 io

241 2311 411 2369 exorantium
435 2308 594 2368 seeundum
618 2325 776 2385 personam
792 2325 851 2366 urm
874 2307 984 2386 syllaba
1001 2311 1116 2385 prolert
1139 2311 1293 2378 minorem,
1318 2310 1413 2370 doceo
1439 2314 1548 2385 (loces,

242 2410 338 2470 ritarbio
361 2409 466 2471 ambis.
501 2411 708 2488 idempatitm·
731 2416 758 2466 et
784 2410 871 2468 tertia
893 2419 1038 2489 correpta,
1064 2413 1087 2469 si
1112 2414 1121 2470 i
1146 2419 1212 2471 ante
1228 2432 1245 2469 o
1262 2409 1379 2481 lrabeat,
1404 2423 1440 2474 ut
1457 2420 1552 2497 capio

241 2516 331 2592 capis.
354 2515 439 2591 pario
460 2515 552 2592 paris.
598 2520 627 2571 at
655 2513 684 2570 in
714 2512 808 2589 prima
837 2518 867 2568 et
890 2514 998 2571 ceteris
1020 2510 1119 2572 verbis
1142 2515 1247 2572 tertiae
1274 2523 1434 2594 correptae
1460 2519 1547 2580 idem
1562 2534 1586 2572 e·

242 2623 340 2675 manet
362 2633 503 2674 nrmmrus
525 2613 704 2693 syllabarum
728 2615 758 2673 in
782 2614 876 2691 prima
893 2613 1080 2692 scerrmlaepre
1096 2633 1232 2693 persona,
1257 2634 1325 2674 seeo
1348 2635 1446 2687 secas,
1473 2621 1549 2682 dieo

240 2719 324 2777 dicis.
370 2713 781 2777 Graecorumomniamrlm
805 2717 933 2794 quaein
968 2734 994 2774 ω
1017 2725 1140 2781 exeunt.
1170 2736 1221 2776 seu
1249 2718 1464 2796 perispomena
1488 2740 1547 2782 seu

243 2820 383 2898 lmrytona
407 2822 475 2882 sint,
499 2820 528 2876 in
552 2835 737 2896 utracumque
760 2818 968 2893 corringatione
985 2817 1111 2878 eundem
1135 2828 1193 2880 tam
1217 2821 1247 2878 in
1272 2819 1365 2898 prium
1389 2839 1486 2898 qrram
1513 2826 1546 2884 in

242 2922 369 2981 secunda
393 2938 519 3000 persona
543 2927 662 2979 servant
683 2937 839 2978 numerum
862 2917 1050 2997 syllabarum.
1095 2938 1184 2999 porro
1206 2923 1237 2980 in
1259 2919 1359 2980 verbis
1384 2922 1433 2982 vel
1459 2927 1547 3003 apud

243 3026 362 3084 Latinos
389 3026 419 3082 in
443 3042 476 3082 or
501 3022 543 3081 vel
567 3021 643 3100 apud
660 3016 808 3099 Graecosl
833 3023 864 3079 in
886 3039 945 3099 μοι
967 3021 1145 3082 exorrui-ibus
1166 3022 1292 3101 syllabas
1314 3027 1472 3085 contraria
1497 3031 1546 3088 ri·
1560 3044 1585 3082 ea

240 3125 382 3186 eissitmlo
405 3126 564 3203 dispensat.
611 3142 677 3182 nam
707 3122 836 3182 secunda
864 3124 1033 3200 coniugatio
1062 3133 1090 3183 et
1117 3121 1204 3184 te'rtia
1228 3124 1369 3203 producta
1393 3127 1442 3186 vel
1473 3149 1547 3188 eor·

241 3237 323 3306 ropna
348 3230 355 3285 i
380 3235 448 3286 ante
471 3245 505 3285 or
527 3227 641 3285 tabem·
663 3225 789 3284 cundem
813 3243 969 3285 rrrrruerum
993 3228 1124 3285 retinent
1150 3225 1328 3305 syllabarum
1352 3228 1382 3286 iu
1406 3236 1547 3311 utraque

241 3349 375 3409 pomona.
399 3324 662 3393 iloceoraloceris,
692 3329 808 3386 nutrior
836 3329 974 3395 nrrtririS,
1004 3331 1107 3406 capior
1129 3331 1260 3408 caperis,
1288 3346 1354 3388 cum
1383 3330 1412 3388 in
1439 3336 1547 3395 activo

243 3430 358 3512 [niodo]
382 3433 487 3490 lrorum
511 3430 668 3488 verlmrum
691 3429 818 3489 scomma
842 3431 1007 3499 minuatum
1031 3433 1061 3489 in
1084 3433 1179 3509 prima
1203 3438 1299 3489 autem
1323 3433 1546 3508 coniugatione

241 3545 269 3594 et.
292 3537 400 3594 ceteris
423 3536 528 3592 tertiae
552 3539 707 3610 correptae.
731 3529 830 3589 veritis
853 3549 910 3590 nrm
933 3529 1044 3608 syllaba
1073 3534 1182 3591 crescit
1212 3530 1271 3610 [in]
1302 3533 1433 3593 secmula
1467 3556 1544 3615 per-
1560 3555 1585 3593 m

240 3655 321 3700 sona.
345 3654 427 3695 antor
450 3638 574 3701 amaris,
609 3634 692 3692 «licor
714 3633 838 3701 diceris,
870 3651 936 3692 cum
966 3635 995 3692 in
1025 3636 1119 3692 activo
1143 3652 1229 3712 pares
1260 3637 1289 3692 in
1313 3642 1441 3713 utraque
1468 3658 1545 3717 per-

240 3758 310 3797 sona
334 3737 461 3816 syllabae
485 3743 631 3796 maneant.
668 3744 698 3794 at
719 3737 750 3793 in
773 3736 887 3810 graecis
914 3752 999 3793 orrnm
1016 3752 1157 3812 praesens
1184 3743 1300 3814 tempus
1323 3737 1401 3815 qnod
1427 3741 1461 3798 in
1477 3762 1545 3821 μαι

242 3841 418 3898 terrninatm·
448 3841 527 3898 omni
557 3838 642 3897 modo
671 3840 701 3894 in
729 3835 857 3894 secunda
887 3852 1012 3913 persona
1041 3854 1127 3895 iliram
1155 3836 1296 3916 syllabam
1325 3840 1451 3909 submit,
1478 3863 1545 3921 φι-

242 3941 363 4018 λοῦμαι
386 3941 486 4020 φιλῇ,
509 3937 681 4020 γράφομαι
703 3933 817 4016 γράφῃ
840 3945 870 3995 et
892 3937 1010 4005 similia,
1035 3957 1100 3997 cirin
1125 3942 1154 3998 in
1178 3943 1273 3999 activo
1295 3958 1383 4018 pares
1404 3944 1547 4020 syllabas

242 4051 365 4122 utraque
389 4062 514 4121 persona
537 4042 709 4101 servaverit.
756 4042 784 4100 in
808 4041 888 4098 omni
911 4040 1075 4118 inperlccto
1098 4048 1232 4119 tempore
1254 4044 1348 4120 prime
1372 4045 1453 4121 apud
1483 4048 1545 4110 La·
1560 4064 1587 4104 ss

270 4198 294 4204 ...
300 4196 481 4203 -.-———-..-
511 4196 517 4202 ι
526 4196 537 4202 ..

311 4260 699 4313 l‹lelerantcorr.dilernntll
750 4257 905 4308 2dvnovB
957 4257 1140 4326 deontieuere]
1159 4263 1236 4326 Verp.
1251 4263 1316 4311 Aen.
1337 4263 1383 4310 lll
1443 4268 1545 4333 berria]

246 4334 324 4397 l'erp.
338 4335 403 4384 Aen.
415 4333 435 4379 V
449 4335 499 4383 830
562 4333 577 4380 9
590 4345 680 4379 censeo
695 4343 726 4375 me
739 4343 964 4379 cosrocarmnmns
978 4342 1070 4378 ancien
1084 4331 1159 4393 Apud
1171 4345 1278 4394 graecos
1290 4332 1348 4392 bill,
1359 4332 1493 4391 23-602,
1508 4341 1542 4388 ‘31

242 4402 391 4450 mendicem
405 4401 436 4449 ad
452 4399 608 4464 propositum
622 4410 787 4445 reuertamur.
807 4398 918 4445 omnium
932 4397 1009 4459 igitur
1022 4399 1154 4445 muliorum
1168 4399 1236 4462 apud
1250 4398 1339 4447 latinos
1352 4400 1460 4450 omnino
1474 4419 1543 4454 eon.

242 4472 383 4531 lagationes
401 4483 460 4517 snm
477 4465 540 4530 (tres
554 4468 613 4515 odel.
628 4467 668 4517 erl.
686 4464 777 4528 Vinci.)
794 4466 819 4513 in
839 4466 941 4528 quihus,
959 4480 1015 4512 cnm
1034 4466 1129 4513 rttrllum
1149 4469 1251 4514 uerbum
1266 4467 1289 4513 in
1304 4466 1353 4514 fine
1367 4476 1395 4513 ut
1407 4468 1545 4533 diximus,

242 4537 331 4586 liabent
344 4547 485 4600 nocentum,
500 4535 652 4584 delerentins
664 4546 747 4582 tamen
761 4534 965 4595 coniugationum
981 4548 1029 4581 riou
1047 4534 1072 4580 in
1087 4535 1180 4598 primo,
1196 4535 1240 4582 sed
1255 4535 1278 4582 in
1293 4535 1405 4581 secema
1424 4552 1544 4601 persona

242 4622 333 4667 graeco
351 4607 497 4668 qrraerimus
515 4603 641 4667 exemplo,
660 4604 726 4664 qnod
746 4602 812 4666 apml
831 4602 887 4649 illos
906 4602 930 4648 in
949 4600 1010 4649 solis
1029 4602 1232 4650 cirenmllexilms
1245 4602 1484 4661 (eirenmllexililms
1499 4614 1543 4663 cd.

246 4675 258 4723 1
263 4675 336 4735 'iuml
348 4674 477 4722 obseruari
490 4672 564 4721 solet.
589 4671 670 4735 prima
683 4686 741 4733 ergo
755 4670 888 4719 latinorum
902 4669 1047 4731 coniugatio
1060 4671 1086 4717 in
1099 4671 1211 4718 secunda
1227 4685 1335 4735 persona
1348 4671 1448 4735 prinme
1465 4681 1545 4740 posi-

242 4743 319 4791 tionis
339 4744 416 4791 nerbo
434 4742 517 4790 arietino
536 4750 560 4786 et
580 4751 667 4787 nemro
686 4737 791 4787 habete
812 4753 826 4779 s
844 4735 970 4792 (lacunam
988 4738 1108 4786 indicarit
1126 4740 1210 4788 editor
1231 4737 1450 4803 lincolnensis)
1464 4750 1546 4804 graui

243 4822 346 4858 raecentn
366 4822 432 4858 sinu.
458 4805 731 4871 sirigrrlotemporall
801 4809 829 4853 lt
849 4804 1001 4867 τετυψοιΒ
1072 4808 1101 4854 1⁴2
1120 4805 1267 4872 winpornlis
1286 4805 1310 4854 B
1379 4802 1545 4868 eobolinus

245 4896 290 4929 om
305 4876 329 4924 ll
397 4879 429 4927 ‘27
442 4877 539 4926 liabens
551 4892 597 4925 ont.
612 4874 637 4923 Il
706 4877 735 4926 31
750 4875 774 4923 in
790 4884 895 4936 utruque
907 4887 1029 4939 persmms
1047 4872 1072 4922 B
