3346 5498
182 341 244 406 318
758 342 894 404 lVLlANl

183 532 305 592 rationis
328 549 450 610 capaces
472 539 556 600 sunt,
580 532 656 591 sicut
678 538 707 590 et
735 529 880 591 lromincs.
925 530 995 591 dum
1016 529 1091 590 dixit
1113 527 1256 590 ‘mortale
1264 533 1283 598 ⁹.
1306 529 1472 607 segregavit

182 631 219 692 ab
241 631 362 710 angelis
387 640 417 692 et
439 632 495 693 ltoc
517 631 597 707 dixit,
622 630 701 711 quod
724 649 882 692 commune
904 630 994 692 ltabet
1014 631 1103 691 homo
1120 649 1185 691 curn
1201 630 1377 691 animalibus
1398 630 1471 692 hru-

181 736 233 803 tis‚
263 736 331 815 quia
359 733 495 795 animalia
524 733 610 794 bruta
639 735 820 804 moriuntur,
843 735 920 794 sicut
942 741 971 794 et
997 732 1143 794 homines.
1188 733 1257 793 (lum
1280 731 1353 793 dixit
1375 735 1472 793 ‘risus

181 840 299 914 capm’,
323 837 488 914 segregavit
508 835 546 896 ab
568 834 681 914 angelis
704 845 733 896 ct
754 835 791 895 ab
815 834 990 896 animalibus
1014 834 1108 897 brutis
1116 862 1124 906 ς
1149 842 1178 895 et
1200 835 1257 895 hoc
1279 834 1366 904 dixit,
1391 834 1471 915 quod

181 946 295 999 tantum
318 937 406 998 modo
430 938 543 998 homini
564 936 687 1007 eccidit,
710 955 770 998 non
786 936 852 998 aliis
865 936 970 1008 rebus,
995 939 1061 1018 qnia
1083 935 1163 997 solus
1185 936 1273 997 homo
1295 935 1386 1007 ridet,
1411 952 1497 997 unns

181 1039 237 1100 alia
259 1058 317 1101 res.

214 1168 228 1195 ‚.
242 1155 267 1196 cs
279 1155 302 1198 a.

206 1167 213 1207 l
264 1227 306 1288 lla
329 1245 437 1288 nomen
459 1225 537 1307 quod
559 1225 727 1307 qualitatem
750 1227 895 1306 significet
916 1235 946 1287 et
968 1234 1164 1307 comparetur.
1194 1226 1319 1287 Sanctus
1341 1226 1472 1287 sanctior

99 1342 105 1354 ”
181 1329 393 1389 sanctissimus.
439 1329 480 1389 lla
514 1328 592 1406 quod
626 1331 819 1407 quantitatem
856 1328 1002 1408 significet
1036 1336 1065 1389 et
1098 1337 1297 1407 comparetur.
1343 1327 1473 1388 Grandis

180 1430 319 1508 grandior
347 1430 568 1509 grandissimus.
613 1431 654 1492 lla
682 1431 759 1510 quod
788 1429 957 1510 qualitatem
986 1439 1015 1490 et
1045 1431 1239 1510 quantitatem
1267 1429 1414 1506 significet
1442 1437 1472 1490 et

181 1550 241 1592 non
260 1541 456 1614 comparetur.
486 1533 649 1594 Perfectus.
681 1533 778 1604 Quare
799 1551 859 1594 non
882 1534 1087 1611 comparatur?
1109 1531 1160 1592 llle
1183 1531 1290 1592 dicitur
1311 1531 1471 1611 perlectus,
1487 1550 1511 1589 ro

181 1634 231 1711 qui
260 1632 333 1693 nibil
361 1633 398 1695 dc
426 1653 480 1696 suo
508 1635 631 1695 artificio
659 1633 781 1712 indiget.
824 1636 882 1694 iam
912 1635 936 1695 si
965 1633 1068 1695 dixero
1089 1634 1266 1713 perfectior,
1290 1633 1411 1694 mentiri
1433 1632 1472 1692 dc

181 1732 231 1793 illo
254 1736 370 1813 priore,
394 1737 460 1815 quia
483 1735 579 1797 adhuc
601 1737 699 1797 minus
720 1734 811 1796 habet
833 1735 870 1795 de
892 1736 1015 1797 artificio
1039 1754 1103 1796 suo.
1130 1733 1304 1806 Quomodo
1327 1735 1472 1812 signiticat

180 1833 350 1912 qualitatem
374 1845 403 1897 et
425 1839 635 1915 quantitatem?
658 1839 694 1898 Vt
715 1846 787 1917 puta
809 1839 834 1896 si
857 1837 938 1898 dicas
960 1838 1032 1898 mihi
1054 1835 1140 1917 ‘qnid
1162 1838 1218 1896 scit
1232 1835 1379 1907 Audaxl’,
1405 1835 1472 1896 dico

180 1939 407 2014 ‘grammaticus
430 1942 500 2000 est'.
532 1940 606 2001 dicis
621 1939 692 2000 mihi
715 1940 791 2019 ‘quo
807 1938 895 1999 modo
918 1937 989 1999 illud
1010 1940 1101 1999 scit?’
1126 1937 1192 1998 dico
1215 1938 1383 2017 ‘perlectus
1398 1933 1471 2000 est'.
1512 1964 1515 1968 ’

181 2056 250 2098 cccc
278 2039 411 2118 qualitas.
457 2043 527 2102 item
555 2044 718 2119 interrogat
745 2061 793 2103 me
815 2041 916 2102 dicens
940 2043 1015 2101 ‘scis
1037 2049 1068 2101 tu
1097 2039 1219 2100 illumi’
1248 2040 1354 2099 ‘scion
1400 2038 1473 2099 dicit
1487 2060 1510 2098 rs

181 2139 253 2199 mihi
276 2144 381 2221 ‘quam
398 2127 521 2220 magnus
538 2152 581 2204 est
601 2144 732 2204 aetate?’
755 2143 821 2204 dico
842 2143 1010 2222 ‘perlectus
1024 2143 1113 2203 honio
1130 2147 1200 2202 est'.
1225 2160 1295 2203 ecce
1310 2141 1469 2221 quantitas

735 2244 752 2279 t
816 2244 833 2280 t
899 2243 916 2279 Q

737 1127 753 1163 ξ
816 1126 832 1162 *
896 1124 914 1163 *

205 2274 350 2325 pffifflst

264 2343 379 2405 Genera
403 2362 494 2423 quere
516 2345 611 2406 dicta?
640 2348 664 2407 Α
685 2344 848 2424 gignendo,
873 2365 908 2406 co
930 2345 1008 2425 quod
1032 2344 1068 2406 dc
1092 2345 1253 2406 masculino
1276 2353 1306 2405 ct
1327 2345 1472 2406 leminino

180 2448 316 2508 oriuntur
337 2449 393 2508 ista
416 2446 471 2508 alia
494 2466 613 2526 genera.
658 2447 689 2507 Si
712 2465 820 2526 genera
843 2466 859 2508 a
881 2446 1030 2526 gignendo
1053 2446 1144 2516 dicta,
1174 2457 1314 2509 neutrum
1338 2454 1367 2506 et
1389 2465 1473 2508 com·

181 2567 284 2619 mune,
308 2548 387 2628 quod
410 2568 466 2609 nec
488 2551 582 2628 gignit
603 2568 658 2610 nce
680 2549 824 2627 gignitur,
848 2568 902 2609 cur
925 2548 1034 2609 dictum
1058 2557 1102 2610 est
1123 2551 1234 2628 genosi
1263 2551 1411 2621 Quantum
1434 2548 1472 2610 ad

180 2653 326 2722 rationem
348 2653 492 2730 pertinet,
516 2651 564 2713 illa
589 2650 698 2711 debent
720 2651 777 2711 dici
799 2669 924 2730 genera,
948 2669 1022 2730 quae
1045 2659 1074 2711 et
1094 2653 1220 2731 gignunt
1242 2660 1271 2712 et
1292 2652 1470 2729 gignuntnr;
1484 2669 1508 2710 ao

179 2754 234 2813 ista
257 2772 340 2824 vero,
364 2770 439 2832 quae
461 2772 517 2814 nec
539 2755 663 2832 gignunt
684 2771 740 2814 nec
767 2755 940 2831 gignuntur,
970 2755 1138 2833 usurpative
1160 2753 1238 2814 dicta
1259 2761 1328 2814 sont
1349 2770 1471 2830 genera,

179 2874 238 2915 non
260 2857 391 2935 proprie.
437 2857 518 2927 Quae
545 2865 614 2916 sunt
640 2873 749 2934 genera
779 2855 971 2935 principalia?
1007 2854 1201 2916 lllasculinum
1230 2863 1259 2915 et
1284 2855 1469 2915 femininum.

179 2959 278 3029 Quare
305 2956 382 3018 dicta
410 2957 602 3038 principalia?
639 2957 714 3028 Quia
743 2976 778 3018 ex
805 2958 878 3037 ipsis
906 2959 1043 3018 oriuntur
1065 2959 1119 3018 ista
1141 2955 1198 3018 alia
1220 2974 1328 3035 genera
1354 2957 1470 3035 etipsa

179 3059 242 3121 sola
269 3068 347 3120 sunt.
393 3058 491 3129 Quare
519 3059 595 3120 dicta
623 3058 797 3139 principalia
830 3057 875 3118 vel
903 3056 964 3118 sola
1003 3059 1132 3136 genera?
1168 3057 1345 3139 Principalia
1381 3056 1470 3129 dicta,

180 3164 248 3239 qnia
271 3169 406 3222 neutrum
431 3169 460 3222 et
482 3180 638 3222 commune
661 3180 697 3221 en
718 3161 790 3241 ipsis
813 3162 964 3229 oriuntur;
993 3159 1069 3231 sola,
1093 3161 1161 3240 quia
1184 3161 1248 3238 ipsa
1269 3167 1384 3219 tantum
1406 3161 1508 3238 gig-as

178 3272 254 3324 nunt
276 3271 306 3324 et
327 3265 496 3341 gignuntur.
539 3263 612 3324 Tota
640 3281 750 3342 genera
773 3261 918 3324 naturalia
940 3269 1023 3330 sunt,
1052 3279 1089 3322 an
1112 3269 1181 3320 sunt
1203 3279 1239 3321 ex
1261 3269 1324 3321 arte
1347 3260 1471 3323 descen-

179 3364 296 3425 dentia?
329 3365 404 3426 Sunt
426 3365 586 3435 naturalia,
610 3374 680 3426 sunt
703 3374 823 3426 exarte
846 3362 1065 3425 descendentia.
1112 3362 1191 3433 Quae
1214 3370 1283 3423 sunt
1304 3362 1469 3424 naturalia?

179 3466 268 3528 Cuius
290 3484 446 3545 personam
470 3468 662 3529 considerare
683 3485 854 3546 possumus,
878 3473 910 3525 ut
928 3473 979 3526 ant
1001 3463 1196 3526 masculinum
1219 3467 1258 3526 sit
1281 3471 1331 3525 aut
1352 3465 1470 3525 lemini-

180 3586 259 3629 num.
306 3568 388 3639 Quae
415 3577 484 3630 sunt
513 3588 548 3630 ex
575 3578 639 3630 arte
666 3568 894 3629 descendentia?
928 3568 1017 3628 Cuius
1039 3574 1173 3629 naturam
1195 3566 1385 3627 considerare
1408 3583 1470 3626 non

178 3686 349 3746 possumus,
379 3677 412 3731 nt
439 3679 484 3731 est
511 3678 596 3749 petra
623 3678 703 3731 terra
731 3669 843 3748 lignum
866 3676 896 3729 et
917 3675 1024 3729 cetera.
1069 3668 1145 3740 Quid
1168 3667 1278 3728 ibidem
1300 3666 1509 3728 laciendnmeo

179 3771 241 3830 est?
263 3772 430 3833 Auctoritas
452 3773 597 3833 maiorum
621 3771 790 3849 quaerenda
813 3778 866 3832 est.
896 3771 934 3831 Et
953 3769 1005 3846 ubi
1027 3773 1186 3831 auctoritas
1208 3770 1353 3831 maiorum
1375 3787 1470 3847 genus

179 3871 232 3931 tibi
255 3890 315 3933 non
337 3874 597 3942 demonstraverit,
621 3873 691 3954 qnid
713 3871 760 3933 ibi
776 3872 944 3935 laciendum
967 3873 1031 3934 est?
1063 3873 1189 3952 Scripsit
1211 3872 1303 3933 Varro
1325 3869 1361 3933 ad
1384 3870 1468 3932 Cice·

178 3991 283 4034 renem
317 3977 538 4054 ‘potestatis
571 3983 725 4045 nostrae
754 3982 810 4035 est
844 3973 925 4035 illis
953 3973 1066 4038 rebus
1093 3974 1179 4035 darc
1201 3991 1351 4053 genera.
1375 3990 1469 4049 quae

178 4093 195 4134 a
218 4084 351 4137 natura
374 4094 489 4156 genus
511 4096 581 4138 non
605 4075 769 4138 habent'.
801 4075 855 4136 Vbi
878 4076 1023 4138 discernis
1043 4078 1099 4137 ista
1121 4076 1248 4153 genera?
1271 4074 1304 4134 ln
1327 4072 1469 4137 articulis.

179 4175 372 4247 Quomodo?
395 4177 519 4250 Quando
536 4178 602 4238 dico
618 4179 682 4248 llic,
705 4196 760 4258 pro
784 4176 946 4239 masculino
969 4178 1050 4247 dieo;
1075 4176 1192 4255 qnando
1214 4177 1283 4236 dico
1305 4176 1388 4245 lracc,
1412 4195 1510 4256 pross

179 4280 323 4340 feminino
351 4279 431 4348 dic0;
466 4279 586 4360 qnando
615 4280 681 4341 dico
708 4279 780 4351 hoc,
810 4298 865 4359 pro
888 4290 996 4341 neutro
1024 4280 1105 4347 dico;
1140 4278 1258 4358 quando
1281 4279 1346 4339 dico
1367 4277 1417 4338 hic
1440 4286 1471 4338 et

249 4487 280 4538 14
298 4483 371 4551 diris]
396 4486 455 4533 dicit
474 4485 498 4534 li
568 4487 599 4536 21
623 4485 770 4551 usurpativo
789 4485 843 4534 RB
913 4484 1015 4549 proprie
1033 4483 1057 4532 B
1076 4483 1220 4548 propriall
1287 4481 1322 4532 32
1342 4483 1472 4532 Varronis

178 4557 317 4607 (lucerinam
334 4557 366 4605 de
380 4557 515 4620 generibus
531 4557 663 4616 normaton,
682 4572 754 4621 quam
769 4571 805 4604 ecc
822 4555 901 4605 Plinii
916 4555 988 4605 libris
1000 4553 1069 4604 dubii
1085 4556 1206 4604 ammonis
1223 4561 1374 4615 acceperunt
1389 4556 1470 4603 inter·

176 4635 264 4688 preter
278 4628 371 4675 Donati
386 4626 434 4690 (rs.
453 4627 564 4689 Pompei.
578 4644 605 4691 p.
623 4627 670 4677 154
684 4626 723 4675 ed.
739 4625 837 4686 hired),
852 4628 929 4675 minus
942 4633 1061 4674 accurate
1078 4629 1216 4674 retulerunt
1232 4623 1364 4688 Pompeiae
1377 4638 1404 4685 p.
1418 4621 1470 4673 143

179 4698 219 4747 ed.
235 4697 311 4745 Lind.
333 4698 436 4747 Seruius
452 4699 477 4745 in
495 4699 560 4747 Bon.
581 4713 607 4760 p.
623 4694 690 4755 407,
709 4695 751 4748 39.
772 4695 832 4758 492,
852 4695 885 4745 37
910 4695 1093 4747 Priscianusl.
1112 4693 1293 4756 vp.141‚4
1319 4692 1471 4744 Consentius

109 4815 110 4818 ,
176 4781 203 4830 p.
221 4768 289 4816 2023
315 4767 430 4816 Isidorus
451 4769 515 4831 erip.
537 4769 544 4815 l
564 4767 596 4829 ll,
615 4767 658 4819 33.
682 4768 707 4814 in
730 4766 856 4815 undecimo
874 4763 938 4813 libro
954 4765 985 4815 de
1004 4766 1021 4817 l,
1039 4768 1057 4814 1.
1081 4766 1209 4814 Varronis
1225 4763 1369 4826 [representa
1388 4779 1418 4813 eo
1437 4763 1471 4814 de

179 4839 305 4901 reposuit
322 4838 499 4888 ll'ilmaunsius
514 4838 547 4886 de
568 4839 649 4886 t'arr.
669 4836 711 4888 tin,
729 4851 831 4898 mamni.
850 4849 876 4896 p.
894 4832 927 4883 32
945 4842 969 4882 et
989 4835 1035 4884 inl
1110 4835 1144 4882 {ld
1163 4831 1188 4899 a]
1209 4849 1241 4881 ex
1263 4833 1287 4882 B
