3346 5498
703 380 774 442 ARS
939 426 946 441 .
1316 376 1379 442 443

91 561 185 645 iungi
208 559 313 625 solent
335 570 368 626 et
389 585 431 626 ex
451 563 513 627 hoc
534 564 606 648 ipso
628 560 740 627 codiee
762 563 903 649 primum
924 561 1015 627 edita
1036 570 1114 626 sunt
1135 559 1220 625 anal.
1243 583 1378 647 gramm.

91 662 235 728 Vindob.
263 686 295 749 p.
321 665 397 746 184,
426 671 526 729 emate
553 670 735 745 deponentia
755 701 798 713 -
823 670 941 730 tertiam
963 669 1021 729 siet
1040 670 1280 745 cenieeetionem
1301 685 1377 730 aen-
1488 731 1490 735 .

92 769 184 830 dieat.
222 772 356 844 explicit.
401 766 435 829 in
463 776 574 831 vetere
608 768 768 852 scriptura
805 765 968 853 permulta
1003 775 1119 852 postea
1150 774 1296 832 correcta
1327 766 1379 833 vel

92 866 207 931 addita
234 876 326 948 sunt,
355 890 438 953 quae
465 869 586 954 partim
613 869 657 934 ab
683 870 755 955 ipso
783 880 894 935 vetere
920 866 1075 950 librario,
1101 869 1221 955 partim
1249 867 1382 934 diversa

91 967 224 1054 quidem
245 991 361 1050 manu,
385 969 443 1034 sed
466 969 579 1035 eedem
600 979 762 1056 tempore,
785 970 906 1057 partim
921 972 1044 1035 recenti
1059 992 1158 1034 manu
1173 971 1295 1056 scripta
1309 992 1381 1036 esse

91 1071 165 1136 visa
186 1079 263 1135 sunt
283 1070 526 1154 Lindemanno,
549 1073 641 1137 cuius
656 1072 886 1138 auctoritatem
907 1074 940 1136 in
962 1071 1139 1137 indicanda
1161 1070 1281 1136 codicis
1303 1072 1381 1137 seri-

90 1181 188 1259 ptura
210 1182 341 1237 secutus
365 1196 447 1238 sum.
475 1196 548 1239 eam
562 1183 672 1239 tamen
686 1176 720 1240 in
735 1174 864 1240 schedis
886 1173 989 1260 ipsius
1010 1196 1109 1238 manu
1131 1174 1261 1260 seriptis
1283 1172 1381 1261 paulo

91 1275 275 1339 accuratius
298 1297 394 1362 quam
416 1277 450 1340 in
472 1276 613 1342 editione
635 1276 831 1363 descriptam
858 1277 1031 1341 habebam.
1074 1275 1244 1341 Parisinus
1265 1276 1381 1359 codex,

91 1375 133 1440 de
160 1398 224 1462 quo
250 1378 284 1440 in
311 1378 516 1463 praefatione
544 1377 701 1444 librorum
727 1381 888 1444 minorum
916 1377 1077 1444 Prisciani
1099 1373 1399 1463 v01.111p.396'

92 1477 178 1561 dixi,
202 1500 286 1544 nono
302 1479 432 1544 saeculo
448 1479 589 1567 scriptus
612 1490 671 1563 est,
694 1480 718 1546 s.
735 1481 882 1546 89-104
897 1487 1004 1562 incepit
1016 1486 1161 1562 proleque
1174 1485 1248 1546 lieri
1267 1486 1379 1546 eadeia

91 1586 165 1644 Cam
185 1601 303 1660 semper
325 1618 359 1627 -
384 1588 527 1647 eendccet
546 1587 614 1647 cibi.
643 1581 739 1647 huius
761 1582 883 1649 codicis
911 1581 1066 1649 lectiones
1088 1591 1175 1665 tum,
1198 1603 1271 1646 cum
1285 1582 1380 1648 Olan-

91 1681 138 1746 dii
167 1682 305 1748 Puteani
333 1692 418 1765 erat,
446 1683 663 1749 aWouwero
693 1686 858 1772 accepisse
886 1684 1018 1751 videtur
1044 1683 1231 1749 Pntsohius.
1275 1683 1381 1752 codex

89 1784 345 1869 Tegemseeusis
374 1785 497 1850 formae
525 1785 706 1873 quadratae
732 1787 867 1854 minoris
894 1785 1066 1851 undecimo
1088 1788 1219 1851 saeculo
1241 1788 1381 1873 scriptus

89 1895 167 1972 post
193 1886 338 1950 carmina
371 1886 516 1952 Iuvencii
543 1887 643 1953 habet
671 1888 853 1975 Eutychem
881 1911 913 1974 p.
939 1888 1116 1970 73-144,
1143 1893 1220 1954 liber
1245 1895 1379 1955 eutichii.

90 1993 163 2054 Cam
185 2009 300 2067 seraper
322 2024 364 2035 ω
384 2010 448 2053 esse
474 2001 682 2055 monstratam.
728 1993 875 2077 sequitur
901 1989 1010 2075 glossa
1031 1989 1064 2053 iu
1086 1989 1223 2072 Focam,
1252 1990 1294 2055 de
1316 2013 1382 2078 qua

90 2112 193 2177 supra
213 2090 320 2178 p.406
343 2089 465 2155 dictum
487 2101 546 2156 est.
576 2092 722 2157 eiusdem
743 2092 812 2157 lere
833 2092 950 2157 aetatis
972 2100 1024 2156 est
1043 2089 1147 2156 codex
1161 2091 1381 2178 Frisingensis

90 2193 170 2256 item
185 2192 310 2257 formae
324 2191 504 2277 quadratae
518 2193 665 2275 minoris,
688 2193 712 2258 f.
732 2193 835 2258 1-29
856 2200 965 2274 innpit
986 2214 1039 2258 ers
1059 2200 1152 2259 eutici
1165 2193 1234 2278 (vel
1247 2197 1379 2283 ιιιιὶοἰε).

92 2297 164 2358 Cam
185 2316 303 2374 semper
323 2331 366 2343 -
387 2315 451 2358 esse
471 2306 680 2360 monstratam.
718 2301 845 2377 explicit
867 2316 920 2360 ers
941 2301 1045 2360 euticeo
1065 2302 1266 2375 eremmetr'cr'.
1304 2296 1381 2363 sub·

90 2397 177 2460 iecta
199 2406 249 2460 est
271 2396 412 2482 epitome
434 2398 504 2460 sive
526 2396 753 2484 recapitulatio
776 2396 963 2482 regularum
985 2396 1145 2484 Eutychis
1168 2398 1192 2463 f.
1214 2397 1381 2464 atr-31*

90 2502 193 2576 letter
225 2504 415 2578 differentias
446 2510 588 2577 qeetteer
619 2506 861 2578 eentwetienanr
890 2510 984 2580 preat
1012 2506 1156 2580 pereites
1186 2521 1253 2567 mee
1284 2506 1382 2566 ntae

84 2606 176 2680 prius
202 2606 296 2664 lector
322 2621 362 2663 ee
386 2607 489 2680 prime
512 2622 649 2681 persone
675 2607 808 2667 breuiter
840 2608 995 2685 exposita
1021 2611 1170 2682 eeneseet
1195 2639 1232 2649 —
1262 2607 1294 2667 in
1320 2623 1381 2668 :cor

89 2713 189 2766 netem
211 2707 379 2766 desinentia
398 2710 518 2782 primae
538 2714 607 2768 sent
627 2710 849 2783 eenteeetiem‘s
870 2716 904 2769 et
924 2711 1014 2769 rinor
1035 2710 1195 2784 amplexor
1216 2715 1245 2768 et
1264 2715 1377 2770 cetere.

90 2811 193 2868 totam
222 2803 383 2889 epitomen
412 2803 517 2870 edidit
545 2806 738 2907 Spengelius
765 2805 800 2868 in
825 2825 964 2870 censura
990 2805 1142 2871 editionis
1163 2804 1379 2870 Lindemanni

90 2905 218 2991 ephem.
240 2904 393 2970 scholast.
422 2929 452 2970 a.
478 2906 558 2970 1832
586 2929 619 2992 p.
640 2906 702 2971 281
725 2927 796 2992 sqq.
825 2905 884 2972 sed
911 2927 984 2971 cum
1006 2906 1203 2973 Bobiensem
1224 2906 1378 2990 codicem,

90 3029 187 3093 quem
209 3004 313 3072 solum
330 3006 446 3071 ducem
461 3017 593 3072 secutus
616 3018 687 3073 erat
700 3007 962 3091 Lindemannus,
984 3017 1118 3095 propter
1138 3006 1379 3093 neglegentiam

90 3109 273 3195 scripturae
304 3117 337 3173 et
369 3110 500 3175 crebras
535 3110 775 3174 emendationes
807 3107 919 3174 multis
947 3108 1029 3174 loeis
1056 3109 1202 3174 viderem
1233 3109 1380 3175 incertae

90 3208 168 3274 fidei
191 3232 278 3292 esse,
308 3211 384 3273 huic
411 3209 661 3297 praeferendam
683 3232 755 3275 esse
777 3211 857 3275 duxi
879 3211 1108 3276 auctoritatem
1129 3210 1272 3278 Parisini
1293 3211 1378 3295 libri,

89 3313 202 3398 quiet
228 3321 379 3377 accurate
408 3313 549 3399 scriptus
578 3321 611 3376 et
636 3313 750 3398 paucis
771 3311 866 3395 locis,
893 3312 1033 3376 maxime
1055 3312 1118 3377 snb
1139 3311 1238 3376 finem
1259 3315 1378 3399 operis,

89 3412 190 3500 idque
212 3415 345 3500 antiquo
368 3424 512 3501 tempore
535 3422 697 3477 correctus
713 3422 773 3477 est.
803 3415 913 3501 itaque
934 3413 1031 3478 huius
1052 3413 1260 3500 potissimum
1282 3414 1378 3479 fidem

90 3526 222 3580 secutus
245 3538 334 3598 sum,
357 3518 563 3602 maximeque
583 3516 620 3579 in
640 3516 747 3580 forma
769 3515 943 3598 orationis,
972 3517 1005 3580 in
1027 3537 1093 3601 qua
1114 3537 1236 3601 magna
1256 3526 1306 3581 est
1327 3537 1377 3582 eo

90 3616 199 3681 dicum
229 3618 418 3699 diversitas,
449 3628 482 3682 et
508 3617 541 3680 in
569 3616 728 3703 exemplis
756 3606 931 3684 verborum
963 3617 1209 3700 enumerandis,
1240 3640 1377 3705 quorum

89 3718 171 3783 ordo
195 3741 291 3805 saepe
313 3721 522 3806 perturbatus
546 3728 611 3801 est,
634 3719 824 3806 plerumque
845 3720 941 3784 unius
964 3718 1087 3783 codicis
1109 3719 1285 3802 rationem,
1314 3720 1378 3785 nisi

89 3821 221 3907 quidem
251 3831 363 3907 aperte
391 3830 544 3907 corrupta
571 3832 641 3886 erat
663 3819 715 3886 vel
737 3830 827 3886 certa
847 3820 977 3908 pristini
999 3821 1124 3886 ordinis
1145 3820 1268 3886 indicia
1289 3833 1378 3888 exta-

88 3923 186 4004 bant,
211 3923 392 4009 exprimere
413 3944 510 4008 quam
533 3921 682 4007 pluribus
696 3920 823 3988 collatis
846 3921 977 3988 diversa
998 3922 1150 4007 colligere
1165 3921 1219 3989 vel
1239 3925 1284 3989 ad
1305 3946 1378 3990 eon·

90 4024 246 4088 stantiam
270 4023 431 4110 quandam
454 4034 487 4089 et
509 4023 774 4110 aequabilitatem
796 4023 904 4090 omnia
925 4046 1079 4090 revocare
1101 4023 1213 4090 malui.
1256 4026 1291 4090 in
1313 4025 1378 4092 dis·

89 4126 258 4212 crepantia
286 4135 394 4190 autem
423 4125 572 4190 codicum
600 4125 776 4190 indicanda
802 4148 874 4191 eam
900 4126 1006 4212 legem
1027 4127 1138 4210 tenui,
1160 4136 1197 4192 ut
1218 4129 1379 4214 scriptura

90 4227 214 4292 codicis
236 4227 394 4310 Parisini,
418 4250 515 4314 quem
538 4226 787 4293 fundamentum
808 4228 1007 4294 recensionis
1034 4250 1108 4294 esse
1129 4229 1217 4295 volui
1223 4278 1233 4312 ,
1262 4239 1296 4295 et
1316 4230 1377 4294 Bo·

89 4329 212 4394 biensis
221 4376 229 4409 ,
246 4330 299 4392 cui
315 4330 492 4394 seeundum
508 4328 613 4394 locum
629 4330 793 4412 concessi,
808 4331 921 4416 paucis
937 4330 1135 4415 quibusdam
1149 4341 1183 4396 et
1203 4321 1378 4395 levissimis

90 4431 187 4496 rebus
211 4432 356 4516 exeeptis
379 4433 508 4515 integra
528 4439 781 4518 proponeretur,
804 4454 846 4497 ex
860 4430 1100 4517 Tegeruseensi
1122 4441 1156 4497 et
1176 4431 1378 4518 Frisingensi

89 4542 199 4597 autem
222 4556 261 4595 ca
282 4555 366 4618 quae
388 4532 441 4598 vel
463 4534 583 4598 rectius
605 4535 638 4597 in
660 4531 711 4596 his
728 4555 825 4618 quam
847 4533 881 4597 in
903 4533 968 4598 illis
984 4535 1106 4621 scripta
1121 4543 1198 4599 sunt
1210 4531 1264 4598 vel
1280 4533 1379 4618 digna

88 4656 160 4699 esse
182 4637 338 4698 memoria
360 4634 556 4699 videbantur
578 4635 818 4700 exhiberentur.
850 4657 1045 4722 quamquam
1068 4637 1103 4700 in
1124 4634 1278 4719 Bobiensi
1299 4655 1377 4720 quo·

88 4759 151 4823 que
175 4735 288 4800 codice
310 4734 548 4820 neglegentiam
565 4737 685 4801 veteris
707 4736 833 4802 librarii
854 4736 907 4802 vel
929 4760 1025 4803 curas
1048 4747 1265 4804 correctorum
1287 4756 1376 4802 seru·

87 4838 202 4924 pulose
225 4836 369 4900 indicare
385 4837 498 4901 inutile
513 4858 584 4902 esse
598 4837 694 4922 duxi3
718 4839 973 4925 Tegemseensis
988 4850 1097 4907 autem
1112 4848 1145 4904 et
1157 4838 1377 4925 Frisingensis

1108 4941 1175 5007 pqr
