3346 5498
273 344 334 412 158
840 303 995 411 rournn

297 468 319 510 p·
334 457 421 498 teo-42
434 455 456 496 L

274 543 414 615 extraneo
436 536 555 613 generi,
580 534 631 595 sed
651 542 765 596 tantum
782 534 871 596 modo
888 543 1005 607 nostro,
1029 543 1062 596 111
1083 537 1108 597 11
1131 535 1210 596 dieas
1232 537 1343 617 ‘equus
1364 535 1566 598 velocissimus

273 645 316 697 est
339 640 517 717 equorum’;
540 654 599 697 non
616 655 738 716 possum
754 636 852 697 dicere
875 636 987 716 ‘equus
1009 636 1208 699 velocissimus
1223 639 1356 700 eannm’.
1387 655 1443 717 per
1460 655 1564 718 super·

272 736 391 799 laticum
414 746 527 798 tantum
550 738 639 798 modo
654 746 765 826 *nostro
787 739 892 826 generi
913 737 1118 818 praeferimur.

152 852 259 908 totas
356 840 398 901 De
420 859 544 901 numero
567 841 734 918 quaesitum
758 849 810 900 est.
856 842 1063 921 conparativus
1090 839 1198 919 gradus
1226 843 1274 901 eui
1302 860 1427 903 numero
1455 842 1564 902 servit?

152 919 212 978 411,
226 920 258 967 se

153 987 212 1048 sse,
226 988 257 1037 11

272 944 478 1021 conparativns
505 944 638 1019 iungitur
666 960 790 1002 numero
817 942 959 1019 singulari
989 951 1019 1003 et
1049 942 1173 1023 plurali,
1208 943 1323 1004 doctior
1353 942 1419 1014 illo,
1448 942 1592 1005 doctiore

270 1041 343 1112 illis;
368 1046 477 1124 ‘equus
500 1043 629 1105 velocior
652 1053 697 1104 est
718 1043 869 1127 cani'bus’.
912 1043 1108 1123 superlativus
1131 1062 1201 1105 vero
1223 1043 1330 1124 plurali
1353 1063 1478 1106 numero
1501 1053 1565 1106 tan·

271 1150 332 1205 tom
360 1147 465 1215 servit,
494 1152 526 1205 ut
553 1153 624 1224 puta
653 1151 768 1225 ‘equus
796 1145 998 1206 velocissimus
1025 1150 1204 1225 equorum’:
1233 1163 1293 1206 non
1321 1164 1440 1225 possum
1463 1145 1565 1207 dicere

271 1249 384 1326 ‘equus
412 1246 612 1310 velocissimus
640 1250 735 1327 equi’.
781 1258 810 1308 et
836 1265 869 1308 re
891 1265 960 1308 vera
988 1249 1018 1308 in
1040 1266 1074 1308 re
1097 1265 1171 1328 quae
1193 1246 1342 1308 individua
1365 1257 1410 1309 est
1431 1256 1565 1310 servatur

272 1347 346 1409 baec
367 1349 484 1428 regula;
509 1351 534 1410 si
555 1368 604 1410 res
626 1348 676 1411 illa
698 1348 847 1409 individua
869 1358 914 1409 est
935 1349 1125 1419 naturaliter,
1150 1367 1257 1409 servas.
1304 1349 1455 1410 bominem
1477 1368 1564 1413 num·

272 1451 341 1527 quid
375 1459 459 1530 potes
492 1450 642 1511 divideret
676 1469 692 1510 e
725 1452 873 1512 contrario
906 1450 1023 1529 plebem
1058 1450 1175 1518 dividis;
1209 1469 1330 1530 possum
1365 1468 1436 1529 ergo
1464 1451 1565 1513 dicere
1581 1479 1603 1514 n

272 1552 479 1614 ‘stultissimus
508 1561 553 1612 est
578 1551 700 1632 plebis'.
747 1551 833 1631 plebs
861 1551 929 1613 licet
951 1553 989 1612 sit
1011 1554 1129 1613 numeri
1152 1552 1323 1630 singularis,
1347 1559 1445 1631 potest
1464 1561 1564 1614 tamen

252 1636 336 1715 ”esse
358 1655 474 1716 dividua
503 1663 532 1714 et
560 1662 659 1734 potest
680 1655 815 1734 recipere
836 1652 980 1732 pluralem
1005 1671 1172 1714 numerum.
1217 1653 1360 1714 babemus
1381 1655 1413 1714 in
1435 1654 1565 1732 Vergilio

272 1756 501 1817 ‘fortissime
529 1757 650 1834 gentis
679 1754 849 1834 Tydide'.
895 1755 1072 1816 fortissimas
1100 1753 1296 1834 superlativus
1324 1762 1381 1825 est,
1419 1773 1491 1832 gens
1520 1765 1566 1817 est

272 1859 388 1918 numeri
417 1856 590 1935 singularis,
619 1856 671 1916 sed
699 1864 798 1917 tamen
823 1866 866 1918 est
887 1855 1039 1918 intellectu
1062 1855 1192 1937 pluralis.
1237 1856 1434 1935 superlativus
1455 1856 1565 1936 gradus

271 1957 359 2020 debet
380 1959 499 2038 quidem
523 1960 604 2037 iungi
625 1966 739 2025 tantum
756 1955 761 2040 Ι
778 1976 903 2020 numero
925 1958 1048 2039 plurali,
1075 1958 1128 2019 sed
1152 1961 1282 2039 exceptis
1303 1959 1361 2020 illis
1382 1959 1563 2028 nominibus,
1580 1987 1603 2025 n

271 2080 346 2140 quae
369 2069 440 2121 sunt
460 2062 662 2122 enuntiatione
686 2060 860 2138 singularia.
877 2060 1030 2121 intellectu
1053 2059 1186 2141 pluralia.
1218 2061 1243 2121 si
1266 2061 1343 2121 enim
1368 2061 1421 2121 ista
1444 2061 1565 2121 nomina

272 2162 382 2223 fuerint
411 2161 527 2243 [etiarn]
559 2164 758 2225 enuntiatione
786 2161 960 2240 singularia,
984 2162 1135 2223 intellectu
1157 2160 1296 2242 pluralia,
1320 2163 1452 2239 iungitur
1475 2164 1563 2223 etiam

272 2265 407 2341 genetivo
430 2265 587 2342 singulari,
611 2272 643 2326 ut
665 2265 743 2345 apud
765 2266 862 2344 ipsum
886 2263 1048 2341 Vergilium
1072 2267 1238 2325 invenimus
1260 2262 1317 2324 alio
1340 2263 1406 2324 loco
1435 2263 1564 2324 ‘ditis-

272 2367 389 2426 simus
416 2368 524 2444 agri'.
570 2384 640 2444 ager
667 2367 773 2445 recipit
800 2365 983 2427 divisionem.
1029 2385 1096 2426 nam
1130 2366 1255 2427 dicimus
1287 2383 1359 2444 ager
1386 2365 1561 2445 Campanus

271 2467 323 2528 sed
346 2470 448 2548 utique
469 2470 500 2529 in
523 2468 682 2548 Campania
704 2487 764 2530 non
788 2465 863 2529 unus
885 2486 956 2545 ager
978 2476 1037 2536 est,
1061 2467 1113 2528 sed
1137 2468 1235 2536 multi;
1260 2467 1409 2536 similiter,
1432 2469 1458 2528 si
1480 2467 1601 2532 dicas-:n

271 2587 342 2649 ager
358 2571 488 2641 Siculus,
512 2588 582 2648 ager
599 2570 735 2632 Gallicus.
764 2573 830 2631 ideo
852 2571 1014 2631 ditissimos
1037 2571 1101 2648 agri
1123 2570 1257 2631 dicimus.
1296 2567 1433 2630 similiter
1455 2567 1563 2630 Roma·

271 2691 342 2732 num
375 2689 481 2750 genus:
517 2672 574 2733 hoe
606 2672 771 2734 Romanum
804 2691 897 2750 genus
930 2675 1047 2732 numeri
1080 2680 1124 2733 est
1155 2671 1272 2752 quidem
1299 2671 1475 2750 singularis,
1509 2669 1563 2732 sed

271 2782 370 2834 tamen
393 2774 545 2836 intellectu
567 2774 690 2853 plurale.
727 2774 794 2834 ideo
818 2776 849 2834 in
871 2773 1003 2834 historiis
1024 2775 1190 2835 invenimus
1214 2772 1386 2834 ‘Romani
1408 2774 1564 2851 generis

271 2875 575 2947 disertissimus',
605 2876 815 2938 disertissimus
844 2875 930 2936 buius
952 2875 1077 2936 Romani
1105 2877 1232 2952 generis.
1279 2893 1350 2954 ergo
1376 2894 1409 2935 ea
1433 2875 1561 2945 nomina,

271 2996 345 3058 quae
368 2979 570 3039 enuntiatione
592 2987 660 3039 sunt
681 2977 854 3056 singularia.
878 2976 1029 3038 intellectu
1043 2976 1182 3056 pluralia,
1205 2985 1330 3057 possunt
1344 2976 1380 3038 ad
1395 2995 1428 3038 se
1443 2975 1563 3038 trahere
1577 3005 1603 3044 3-,

271 3081 359 3142 etiam
381 3099 539 3159 numerum
561 3079 714 3160 pluralem.

355 3182 419 3256 Quo
446 3183 534 3244 modo
570 3184 791 3263 cooperativum
819 3181 947 3243 elisimus
975 3182 1045 3260 poni
1071 3200 1127 3261 pro
1154 3182 1295 3260 positivo,
1323 3183 1366 3242 sic
1393 3181 1563 3242 invenimus

271 3287 405 3356 nomina,
433 3292 466 3346 ut
492 3287 556 3366 ipse
584 3286 779 3366 superlativus
800 3286 943 3364 positivus
965 3285 1017 3352 sit,
1047 3285 1129 3344 utin
1152 3282 1203 3343 tali
1226 3281 1404 3363 elocutione,
1428 3282 1563 3362 luppiter

271 3390 401 3468 optimus
430 3389 582 3449 maximus.
627 3389 757 3466 optimus
785 3395 814 3447 et
843 3387 986 3448 maximus
1013 3385 1184 3465 superlativi
1205 3392 1289 3453 suot;
1319 3384 1370 3445 sed
1394 3386 1564 3446 tamenisti

271 3489 441 3570 superlativi
469 3508 528 3551 non
556 3489 652 3551 solum
684 3488 855 3568 superlativi
886 3506 945 3548 non
979 3495 1061 3557 sunt,
1096 3486 1147 3547 sed
1176 3505 1231 3548 uec
1259 3488 1454 3567 conparativi,
1480 3482 1485 3567 1
1508 3486 1561 3547 sed
1576 3519 1602 3555 n,

271 3599 385 3652 tantum
410 3590 497 3651 modo
519 3592 644 3671 positivi.
690 3610 749 3671 qua
770 3592 904 3651 ratione?
927 3591 1008 3669 quia,
1033 3590 1059 3650 si
1081 3597 1159 3650 esset
1180 3589 1313 3669 luppiter
1337 3607 1413 3650 unus
1435 3595 1464 3648 11
1486 3586 1564 3649 alter

271 3698 384 3752 tantum
409 3719 426 3750 a
460 3695 530 3753 item
559 3693 634 3754 bene
663 3692 845 3760 diceremus,
875 3693 900 3752 si
929 3699 1029 3753 essent
1057 3699 1116 3751 tres
1138 3691 1230 3752 loves.
1275 3709 1342 3752 eum
1365 3697 1463 3752 autem
1485 3707 1563 3751 uuus

271 3794 325 3864 sit,
349 3810 407 3871 qua
429 3796 639 3874 conparatione
661 3794 875 3874 praeferimus?
904 3811 975 3872 ergo
998 3793 1121 3854 dicimus
1143 3791 1210 3853 illos
1231 3793 1416 3872 gradus-pro
1437 3792 1563 3871 positivo

272 3913 349 3956 esse.
382 3895 463 3956 vides
486 3915 557 3974 ergo
580 3899 721 3976 quoniam
743 3895 838 3957 malae
861 3903 929 3957 sunt
951 3894 1019 3956 illae
1043 3893 1224 3955 elocutiones
1247 3901 1276 3954 et
1298 3903 1400 3955 curtae
1422 3901 1452 3954 et
1474 3895 1562 3954 serni-

271 3995 392 4076 pleuae,
424 4014 495 4074 quas
521 3996 830 4077 ponant'sebolastici
857 4000 888 4059 in
911 3996 1101 4066 dictionibus,
1131 3996 1182 4057 sed
1205 3999 1263 4057 iam
1285 4013 1339 4076 per
1361 3996 1510 4057 licentiam
1533 4003 1604 4069 etp,

340 4205 356 4254 4
375 4202 411 4253 111
427 4217 532 4253 numero
552 4219 598 4255 om.
613 4202 641 4261 G,
658 4203 722 4252 tituli
737 4203 792 4252 loco
810 4200 964 4263 adscriptum
981 4209 1021 4252 est
1036 4201 1062 4251 in
1081 4202 1105 4252 B
1178 4199 1210 4251 10
1229 4199 1328 4266 plebem
1348 4199 1448 4251 diuides
1465 4197 1491 4247 A

272 4273 305 4326 13
323 4272 475 4323 fortissimae
495 4273 528 4323 C:
548 4275 627 4338 Verp.
644 4272 707 4321 Aen.
729 4272 737 4319 1
756 4270 792 4320 96
840 4286 921 4337 genus
939 4286 1007 4322 corr.
1023 4272 1107 4337 gentis
1126 4271 1150 4320 Α
1204 4269 1386 4337 tytideABO
1455 4270 1562 4320 1711111-

270 4355 365 4412 gnntur
383 4343 459 4393 etiem
477 4342 560 4392 ABG
629 4342 662 4393 le
679 4343 800 4407 genetiuo
819 4340 943 4406 singulari
961 4351 985 4389 et
1002 4343 1120 4391 1111111111
1138 4341 1240 4390 casibus
1260 4350 1286 4390 ut
1305 4340 1372 4407 apud
1391 4339 1417 4390 A
1486 4339 1562 4391 ditis-

270 4411 362 4480 simos]
390 4409 656 4478 Verp.Aen.1343
742 4413 776 4463 ab
794 4426 860 4460 1111111
877 4426 923 4463 om.
944 4411 978 4473 A,
998 4412 1059 4460 odd.
1078 4411 1112 4459 o*
1182 4412 1214 4462 21
1233 4411 1290 4461 ideo
1310 4427 1356 4464 om.
1372 4410 1459 4461 ABG
1527 4409 1563 4461 26

272 4498 403 4535 numerum
420 4483 541 4548 pluralem
561 4482 747 4532 Lindemonnus
763 4496 894 4531 nnmerum
908 4480 1064 4548 singularem
1079 4482 1164 4540 BGe:
1182 4485 1281 4531 lituram
1298 4481 1405 4531 sedecim
1422 4480 1563 4542 [11111111-

269 4569 356 4606 rnrann
372 4553 448 4604 babet
463 4553 487 4600 A
557 4552 591 4602 28
609 4561 636 4602 nt
653 4553 708 4618 ipse
727 4552 851 4617 positione
867 4552 1040 4616 superletiuus
1058 4553 1093 4601 111
1110 4550 1192 4600 Aac
1241 4549 1274 4602 31
1293 4551 1396 4601 abemus
1412 4551 1563 4613 exposuisse

269 4628 369 4676 videtur
380 4625 564 4688 pronissimus,
577 4623 676 4687 quando
693 4624 877 4685 comparativus
889 4621 980 4671 melior
998 4630 1022 4672 et
1042 4623 1131 4683 maior,
1148 4622 1248 4686 numm
1261 4622 1431 4684 superlativus
1448 4621 1563 4686 optimus

270 4703 295 4746 et
313 4695 441 4746 maximus
454 4695 486 4743 de
503 4691 564 4744 Ione
579 4695 655 4741 locum
672 4691 784 4746 baberet.
809 4695 894 4758 itaque
909 4693 1023 4740 lacunam
1041 4692 1157 4744 indicavi.
1180 4699 1287 4741 ceterum
1304 4690 1404 4741 brevius
1419 4689 1497 4742 scribi
1510 4705 1562 4755 po-

269 4772 337 4816 terat
352 4766 403 4824 ita,
428 4763 526 4829 quiesi
544 4775 593 4814 uon
611 4770 678 4812 esset
696 4764 809 4829 luppiter
830 4776 897 4812 unns
915 4769 939 4811 et
956 4761 1019 4811 alter
1039 4770 1146 4826 tantum,
1165 4760 1246 4811 idest
1264 4763 1286 4812 si
1305 4768 1391 4812 essent
1408 4768 1460 4810 tres
1477 4759 1561 4825 loves,

269 4834 493 4886 benediceremus
