3346 5498
194 355 256 420 302
763 359 915 422 ΡΟΜΡΕΙΙ

219 466 343 519 plot-ue
359 465 380 505 1„

193 564 286 606 unum
310 548 418 606 exitum
442 546 567 615 laciunt,
590 545 759 626 syllempsis
782 555 835 607 est.
881 547 993 629 idcirco
1021 546 1112 607 babes
1135 547 1211 627 apud
1234 548 1408 611 Terentium
1431 551 1486 610 mi-

192 646 246 707 lies
272 647 378 708 laetam
406 649 492 708 istam
523 648 647 723 liguram
671 656 700 708 et
726 650 756 708 in
780 648 899 710 casibus
925 651 1007 708 etin
1030 651 1171 710 numeris,
1218 650 1275 710 boe
1298 650 1364 711 volo
1386 659 1486 712 osten

192 747 280 819 dere,
308 750 446 827 quoniam
469 750 527 810 iste
554 751 595 810 ait
621 747 804 830 ‘epilempsis
826 752 859 812 fit
880 749 1060 828 generaliter
1088 761 1118 811 et
1144 770 1199 830 per
1220 760 1320 831 partes
1342 752 1488 813 orationis

192 858 221 910 et
243 868 298 929 per
319 851 482 912 accidentia
504 853 632 931 partium
657 855 826 914 orationis'.
872 852 968 913 noluit
995 852 1066 914 dare
1095 853 1246 933 exempla3
1280 861 1380 915 tamen
1402 855 1485 914 inse·

192 953 291 1013 nimus
314 953 450 1033 exempla
473 953 552 1033 apud
574 954 749 1016 Terentium
771 952 822 1015 illo
848 954 925 1025 loco,
1501 977 1515 1015 a

343 1058 450 1135 poeta
473 1075 550 1116 curn
573 1058 731 1136 primum
754 1057 912 1118 animum
935 1057 977 1145 ad
999 1056 1241 1118 scribendum
1264 1057 1425 1136 appulit.

342 1157 377 1218 id
401 1157 475 1218 sibi
499 1158 645 1236 negotii
669 1157 833 1219 credidit
855 1158 974 1219 solum
998 1158 1093 1228 dari,

341 1259 478 1340 populo
501 1269 539 1321 ut
560 1233 758 1340 placerent
780 1280 869 1341 quas
892 1262 1053 1322 fecisset
1074 1260 1237 1322 labulas:

189 1365 234 1422 ‘ut
255 1362 365 1442 populo
389 1361 541 1441 placerent
563 1360 690 1423 labulas’
714 1380 803 1423 nemo
818 1363 898 1439 dicit,
921 1363 974 1424 sed
989 1363 1034 1423 ‘ut
1048 1363 1160 1444 populo
1173 1364 1326 1443 placerent
1342 1362 1488 1425 tabulae'.

193 1465 263 1524 item
286 1464 344 1525 alio
367 1463 432 1525 loco
454 1464 543 1544 paulo
565 1472 641 1544 post,
1502 1483 1529 1524 1o

340 1584 431 1645 quas
454 1568 571 1627 saciet
593 1566 636 1626 de
659 1568 808 1645 integro
832 1566 1047 1629 comoedias

341 1668 588 1748 spectandae,
614 1675 655 1728 an'
680 1669 887 1748 exigendae
910 1671 985 1730 sint
1007 1667 1110 1729 vobis
1131 1669 1252 1748 prius:

188 1771 357 1858 comoedias
384 1771 577 1850 spectandam
612 1772 720 1831 iterum
753 1770 919 1852 syllempsis
948 1781 994 1831 est
1023 1789 1077 1851 per
1110 1767 1311 1855 enaritatiouem
1345 1790 1486 1833 casuum.

189 1891 259 1933 ecce
282 1875 311 1933 in
336 1872 462 1933 casibus.
509 1873 538 1932 in
563 1875 694 1933 numeris
716 1872 810 1934 babes
833 1876 862 1933 in
886 1874 1039 1943 Eunucho,

339 1977 370 2036 si
393 1977 588 2054 quisquam
612 1983 682 2045 est,
707 1977 768 2053 qui
790 1976 942 2055 placere
965 1994 1003 2035 se
1026 1974 1175 2036 studeat
1197 1975 1307 2036 bonis
1503 1993 1529 2034 re

340 2094 443 2154 quam
467 2076 657 2156 plurimis,

337 2181 374 2239 in
397 2179 454 2239 bis
476 2189 586 2258 poeta
609 2179 668 2239 bic
690 2199 822 2240 nomen
844 2181 1056 2259 profitetur
1078 2198 1190 2241 suum.

185 2283 209 2341 si
233 2281 388 2358 quisquam
412 2290 458 2340 est
479 2282 509 2341 iu
532 2279 592 2340 lris:
628 2283 668 2343 ita
691 2300 849 2362 possumus
873 2281 986 2352 dicere,
1011 2283 1105 2362 ‘siqui
1128 2289 1197 2342 sunt
1223 2283 1274 2358 qui
1296 2279 1401 2343 volunt
1423 2300 1483 2363 po·

186 2383 254 2463 pulo
276 2382 409 2462 placere,
433 2385 463 2442 in
486 2382 586 2443 bisse
609 2383 670 2444 nrlt
690 2384 850 2444 Terentius
872 2386 1052 2453 numerari';
1085 2387 1143 2444 iste
1165 2391 1264 2446 autem
1280 2382 1353 2446 dixit
1375 2385 1486 2465 ‘siquis

186 2493 230 2544 est
252 2487 304 2562 qui
326 2484 386 2545 vult
407 2485 517 2565 populo
539 2485 668 2565 placere,
691 2488 770 2547 iuter
784 2488 867 2564 ipsos
884 2495 928 2546 est
939 2486 1098 2547 Terentius
1114 2487 1163 2566 qui
1179 2485 1240 2546 vult
1255 2505 1287 2546 se
1304 2489 1483 2549 numerari'.
1498 2504 1527 2546 eo

185 2589 256 2647 item
280 2587 336 2647 alio
359 2583 425 2647 l'oco
447 2589 479 2646 in
501 2590 566 2667 ipso
590 2596 773 2667 argumento,

337 2688 448 2750 babeo
471 2689 545 2750 alia
569 2689 698 2758 multa,
730 2707 821 2769 quae
841 2708 937 2749 nunc
960 2690 1253 2752 condonabitur:

185 2790 297 2852 ‘babeo
321 2791 375 2852 alia
399 2790 501 2862 multa,
528 2810 605 2870 quae
628 2800 712 2852 nunc
730 2790 995 2854 condonabuntur'
1019 2791 1123 2853 debuit
1149 2792 1258 2852 dicere·
1286 2810 1376 2876 ¹ergo
1399 2793 1483 2854 rides

184 2912 272 2974 saepe
295 2896 381 2955 istam
404 2896 528 2973 liguram
551 2895 675 2955 dirersis
699 2893 794 2954 modis
817 2896 891 2963 ueri,
916 2893 944 2953 iu
961 2903 1006 2955 est
1021 2913 1075 2973 per
1090 2912 1210 2973 genera,
1234 2912 1289 2975 per
1304 2912 1401 2966 casus,
1424 2914 1482 2976 per

185 3015 334 3057 numeros.
1490 3016 1517 3056 ²³

206 3171 208 3174 y
267 3098 454 3178 anadiplosis
476 3099 625 3179 arrapbora
650 3098 865 3179 epanalempsis
890 3107 919 3158 et
941 3099 1100 3178 epizeuxis
1123 3097 1179 3159 bae
1201 3100 1314 3185 ligurae
1336 3099 1478 3161 inunum

183 3219 277 3278 geraus
300 3201 489 3279 rediguntur,
514 3204 612 3281 speeie
641 3209 754 3262 tantum
784 3202 871 3262 modo
900 3200 1050 3262 dillerunt.
1101 3201 1282 3281 anadiplosis
1312 3207 1376 3272 est,
1401 3218 1476 3279 quo·

184 3305 260 3363 tiens
281 3302 333 3364 illo
357 3303 446 3363 verbo
468 3304 643 3364 inchoamus
667 3323 783 3364 versum
807 3312 994 3383 sequentem,
1024 3321 1083 3381 quo
1113 3302 1203 3363 verbo
1231 3302 1393 3364 clausimus
1414 3305 1475 3384 pri·

182 3423 274 3475 orem,
300 3415 332 3465 ut
353 3414 423 3485 puta

334 3509 509 3585 sequitur
530 3506 815 3587 pulcherrimus
836 3511 959 3578 Astur,
1486 3526 1568 3574 ³0

333 3613 442 3670 Astur
465 3609 604 3670 sidens:

182 3728 241 3788 qrto
263 3710 354 3771 verbo
377 3711 496 3772 clausus
519 3721 563 3771 est
585 3714 667 3791 prior
690 3731 802 3785 versus,
826 3732 861 3772 eo
877 3712 969 3773 verbo
985 3712 1141 3773 inchoatus
1164 3717 1210 3772 est
1231 3728 1371 3789 sequens.
1403 3729 1473 3773 ane·

181 3812 273 3891 pbora
296 3821 349 3882 est,
373 3815 646 3894 quotiensoum1que
675 3832 728 3892 per
751 3814 858 3874 multos
881 3834 984 3875 versus
1006 3833 1065 3874 uno
1089 3815 1181 3874 uteris
1203 3811 1312 3884 verbo,
1335 3814 1367 3874 in
1389 3814 1474 3876 initio

180 3923 288 3984 tamen,
307 3922 340 3975 ut

332 4025 431 4087 nate,
456 4037 554 4078 meae
578 4019 690 4086 vires,
714 4037 791 4078 mea
816 4038 943 4098 magna
965 4021 1136 4099 potentia
1159 4017 1277 4085 solus,
1466 4074 1469 4079 Δ
1504 4039 1568 4081 ει·

240 4200 244 4208 Ι
332 4128 429 4189 nate,
454 4121 574 4199 patris
596 4121 723 4180 summi
747 4123 807 4197 qui
830 4121 902 4181 tela
925 4121 1099 4201 Typhoea
1123 4121 1267 4180 temnis.

249 4325 262 4375 l
288 4325 355 4390 opud
374 4326 540 4374 terentianum
558 4326 582 4373 P
650 4327 666 4374 4
688 4327 831 4374 irnreuimns
847 4340 892 4374 uos
910 4327 1027 4392 exemplu
1045 4327 1095 4401 B·
1140 4325 1244 4389 bupud
1260 4325 1430 4375 terentianum
1448 4323 1478 4374 Ρ

1077 4404 1096 4431 Sl

247 4446 291 4495 illo
306 4447 360 4495 loeo
380 4447 413 4495 sit
431 4462 445 4493 a
463 4455 536 4511 poeta
550 4449 601 4497 SI'
618 4446 661 4495 illo
678 4447 733 4495 loeo
752 4447 773 4495 si
787 4448 822 4494 ita
839 4448 945 4511 poetaC
962 4446 1005 4495 illo
1024 4447 1078 4497 loco
1098 4448 1147 4495 ista
1167 4447 1200 4495 ita
1216 4446 1349 4510 poeteB:
1368 4445 1470 4498 Teme

175 4517 261 4567 Andr.
275 4518 371 4581 proli
444 4517 532 4566 7dari
546 4518 595 4566 GP
612 4519 672 4566 dare
689 4517 739 4566 BS
808 4518 933 4565 8utom.
952 4519 974 4564 P
1045 4518 1075 4567 11
1093 4532 1156 4580 quas
1171 4516 1378 4581 luciethuem
1396 4516 1469 4568 saciet

176 4591 197 4636 S
213 4603 275 4650 quae
292 4587 352 4637 lecit
372 4595 396 4635 et
414 4588 439 4635 P
456 4602 519 4650 quus
539 4587 643 4637 lecisset
661 4589 699 4636 B:
725 4587 824 4636 Terent.
847 4588 929 4638 Andr.
949 4589 1013 4648 prol.
1033 4586 1067 4636 26
1154 4583 1311 4650 comoediae]
1332 4586 1468 4638 medias?

241 4659 278 4709 -12
295 4658 467 4722 expectandae
486 4671 518 4704 1111
539 4658 562 4705 l'
632 4658 663 4708 13
682 4658 798 4705 comedia
818 4659 992 4720 expectandae
1012 4658 1037 4706 P
1106 4657 1138 4707 14
1160 4658 1186 4704 in
1210 4656 1346 4723 Eunucho]
1369 4654 1462 4721 ΜΗ

247 4729 278 4777 la
299 4728 360 4790 quid
381 4728 492 4792 placeret
513 4728 612 4775 studeat
630 4729 710 4776 bouus
724 4728 748 4774 P
816 4742 844 4776 se
862 4728 948 4778 orrr.G
1018 4728 1050 4779 16
1069 4742 1144 4788 quam
1162 4726 1463 4790 BSPquodchmc

243 4798 277 4846 22
296 4796 387 4861 habeo]
418 4796 516 4850 Terent.
537 4797 648 4851 Eunrreb.
670 4799 737 4861 prol.
760 4798 790 4846 17
862 4797 1071 4845 rorrdenmabitnr
1090 4797 1114 4843 I’
1182 4795 1363 4865 adsequitur]
1388 4796 1460 4863 Verp,

175 4865 239 4914 Aee.
261 4865 283 4914 Χ
308 4867 358 4916 1811
427 4864 547 4932 351111]
574 4868 733 4931 Verutlurr,
757 4866 834 4916 totta
904 4868 965 4916 uiris
983 4867 1028 4915 CS
1096 4863 1163 4932 turea]
1183 4866 1295 4917 meaeB
