3346 5498
121 385 187 451 474
674 388 860 451 EVTYCHIS

143 508 165 549 p.
179 495 299 561 roseae.
1219 495 1314 544 peras
1328 492 1391 536 ror.

122 577 165 636 sic
198 578 287 636 etiam
320 574 410 635 eredo
442 574 537 635 vendo
566 594 582 635 a
609 581 725 635 cretum
753 575 791 635 do
819 583 850 635 et
877 576 983 634 venum
1012 575 1064 643 do,
1094 583 1126 635 ut
1147 573 1268 654 qnidam
1296 580 1416 654 putant,

122 680 295 757 composita.
339 676 392 737 sed
419 678 554 756 quamvis
581 683 701 756 praeter
722 675 970 737 consuetudinem
992 677 1033 737 sit
1060 676 1221 737 latinorum
1242 674 1416 745 verborum,

122 787 156 841 ut
177 779 280 840 eadem
302 785 441 839 manente
462 778 604 839 dualitate
628 779 804 858 compositio
823 777 884 838 sola
907 784 1001 838 mutet
1022 780 1272 857 coniugationem,
1295 776 1419 839 ridetm

122 889 221 942 tamen
250 881 305 941 hoc
335 881 499 963 imitatione
528 879 709 940 Graecorum
737 886 897 950 mutatum,
926 879 1004 959 apud
1032 898 1105 959 quos
1132 879 1258 960 simplex
1290 878 1418 959 quidem

121 982 246 1043 verbum
274 981 497 1042 circumflexum
525 972 617 1060 dpxoi
644 974 760 1061 ὁρκοῖς
787 983 910 1051 tertiae,
939 984 1136 1061 compositum
1158 988 1258 1042 autem
1281 975 1445 1059 edopxoie

122 1077 273 1164 εὐορκεῖς
296 1079 442 1162 ἐπιορκῶ
466 1077 633 1162 ἐπιορκεῖς
654 1086 768 1161 primae
790 1091 853 1153 est,
876 1082 1001 1162 simplex
1023 1100 1164 1162 graecum
1187 1081 1281 1144 συλῶ
1307 1081 1419 1163 συλᾷς

122 1185 287 1254 secundae,
310 1187 508 1265 compositum
532 1203 602 1245 vero
625 1180 791 1264 lepoovioi
814 1181 1000 1263 ἱεροσυλεῖς
1021 1187 1137 1265 primae
1153 1184 1417 1245 circumflexorum

122 1295 168 1347 est
194 1289 421 1366 coniugationis.
466 1286 544 1366 quod
573 1289 808 1366 perspicaciores
841 1288 1021 1348 Graecorum
1057 1287 1223 1347 refutantes
1256 1286 1420 1348 adfirmant

122 1391 210 1451 buius
238 1388 317 1450 modi
344 1387 504 1449 verborum
532 1389 747 1449 declinationes
777 1408 835 1450 non
864 1408 880 1449 a
908 1389 1009 1449 verbis
1037 1387 1224 1468 simplicibus
1249 1405 1333 1459 esse,
1361 1386 1418 1449 sed

121 1493 216 1569 magis
239 1510 255 1550 a
278 1490 450 1551 nominibus
473 1492 646 1570 compositis
669 1482 810 1569 εὔορκος
833 1485 989 1569 ἐπίορκος
1018 1486 1207 1569 ἱερόσυλος,
1229 1489 1309 1551 unde
1333 1507 1416 1550 eom·
1432 1504 1458 1545 ιο

122 1595 219 1672 posita
246 1590 336 1653 verba
366 1595 442 1653 iacta
472 1591 572 1652 verbis
594 1594 625 1652 in
653 1591 851 1652 declinatione
873 1610 933 1655 non
955 1593 1137 1672 respondero
1160 1593 1333 1671 primitivis.
1378 1610 1417 1653 ex

122 1714 180 1775 quo
203 1695 276 1754 milri
299 1712 415 1774 qnoque
439 1695 556 1755 videtne
584 1694 621 1753 do
649 1693 772 1753 verbum
801 1696 831 1753 in
853 1693 1042 1773 simplicitate
1064 1701 1185 1773 praeter
1207 1693 1341 1772 regulam
1362 1692 1417 1753 de·

122 1797 264 1856 clinalum
292 1815 375 1856 suam
403 1799 434 1856 in
463 1798 676 1875 compositione
705 1798 820 1874 cepisse
850 1798 1074 1875 proprietatem.
1119 1797 1303 1875 primitivum
1334 1797 1417 1856 enim

123 1901 254 1959 existens
281 1901 388 1958 tertiae
419 1897 523 1958 debuit
550 1917 615 1958 esse
644 1899 877 1975 coniugationis,
906 1899 976 1977 quia
1004 1900 1036 1958 in
1065 1898 1102 1957 do
1130 1897 1296 1958 desinentia
1324 1897 1417 1959 verba

122 2007 193 2059 tunc
216 2006 329 2060 tantum
352 1999 438 2060 modo
461 2002 573 2080 primae
596 2007 666 2059 sunt
688 2001 921 2077 coniugationis,
951 2018 1018 2061 cum
1041 2018 1058 2059 a
1080 1998 1252 2060 nominibus
1274 1999 1415 2060 derivari·
1429 2014 1456 2054 as

124 2109 187 2170 tur,
220 2103 371 2180 primitiva
402 2120 473 2162 vero
506 2103 610 2162 tertiae
644 2101 749 2170 solius,
783 2108 817 2161 ut
844 2110 912 2161 anto
941 2101 998 2160 lata
1031 2100 1235 2161 demonstrant
1268 2101 1416 2181 exempla.

122 2203 199 2282 quod
222 2205 327 2281 igitur,
352 2222 419 2264 curn
442 2210 522 2264 esset
542 2202 792 2289 monosyllabum,
816 2203 956 2282 perdidit,
981 2211 1094 2264 utnon
1117 2210 1197 2263 esset
1220 2205 1337 2272 tertiae,
1361 2204 1417 2265 sed

122 2307 236 2385 primae
259 2306 490 2382 coniugationis,
514 2323 596 2365 more
613 2304 729 2364 scilicet
749 2304 875 2365 aliorum
891 2303 1176 2383 monosyllaborum,
1200 2307 1277 2366 sicut
1299 2324 1339 2365 uo
1361 2324 1418 2366 nas

123 2415 187 2477 nat,
211 2407 262 2475 ilo,
287 2414 346 2492 sto,
370 2407 417 2466 lor
440 2401 444 2480 l
468 2407 542 2466 iaris
563 2407 659 2475 latin,
690 2406 720 2465 id
744 2408 775 2465 in
798 2408 1010 2484 compositione
1033 2408 1155 2486 recipit,
1178 2415 1212 2467 ut
1233 2407 1269 2468 ad
1293 2409 1418 2468 tertiam

122 2510 214 2570 solam
236 2511 385 2587 pertineat
407 2509 659 2585 coniugationem,
684 2506 795 2586 absque
812 2498 926 2569 (inaltus
941 2506 1222 2587 compositionibus,
1247 2508 1276 2569 id
1292 2517 1340 2570 est
1354 2512 1417 2570 cir·
1429 2524 1458 2565 ao

123 2610 228 2672 eumdo
252 2610 434 2677 circumdas,
458 2609 618 2687 pessumdo
640 2609 830 2687 pessumdes,
854 2613 884 2671 in
907 2611 1017 2690 quibus
1039 2610 1156 2671 videtur
1178 2613 1329 2688 integrum
1351 2630 1419 2673 ser·

122 2715 199 2782 vari,
223 2731 291 2773 cum
314 2710 490 2771 naturaliter
512 2709 560 2771 bis
582 2713 614 2770 in
636 2713 779 2771 unitatem
802 2730 860 2772 non
884 2715 928 2772 sic
949 2713 1098 2774 cohaeret.
1143 2715 1175 2773 in
1198 2712 1252 2773 dor
1274 2712 1418 2774 desinen-

121 2818 162 2876 tia
185 2818 299 2895 primae
322 2821 392 2874 sunt
414 2808 428 2894 Η
452 2815 683 2889 coniugationis,
708 2819 741 2873 nt
763 2813 852 2873 vador
874 2814 1002 2892 praedor
1024 2815 1219 2876 verecundor.

207 2915 240 2976 ln
270 2933 307 2993 go
335 2914 381 2974 vel
412 2916 441 2974 in
470 2931 524 2991 gor
546 2914 713 2975 desinentia
742 2914 831 2975 rerba
854 2934 890 2975 ex
912 2916 1159 2978 antecedentibus
1180 2917 1290 2978 litteris
1313 2917 1418 2979 dinos-

122 3026 241 3080 cuntur.
285 3037 301 3077 a
324 3019 416 3094 igitur
439 3024 506 3077 ante
530 3016 646 3076 finalem
668 3015 808 3077 babentia
836 3016 977 3096 syllabam
999 3021 1113 3098 primae
1136 3026 1206 3079 sunt
1227 3021 1459 3096 coniugatios

122 3123 184 3189 nis,
208 3126 241 3180 nt
262 3136 393 3198 propago
415 3135 576 3197 propagas,
601 3135 690 3194 vagor
713 3121 843 3195 vagaris,
867 3119 992 3197 indagor
1015 3120 1182 3198 indagaris,
1207 3122 1342 3198 refragor
1367 3140 1417 3183 re·

122 3224 259 3299 [sagaris.
304 3227 444 3281 notantur
473 3223 579 3280 tertiae
609 3239 663 3298 ago
686 3223 765 3298 agis,
795 3228 826 3280 ut
847 3223 1046 3300 primitivum,
1071 3231 1101 3282 et
1123 3222 1159 3283 ab
1182 3241 1218 3283 eo
1240 3225 1418 3302 composita,

122 3327 184 3386 sive
202 3332 334 3383 servent
361 3341 376 3382 a
404 3324 436 3382 in
466 3323 694 3400 compositione,
723 3328 756 3382 ut
778 3340 888 3401 perago
910 3325 1095 3401 circumago,
1125 3343 1178 3384 seu
1200 3331 1317 3385 mutent
1339 3343 1417 3395 eam,

122 3434 156 3485 nt
177 3427 263 3501 exigo
286 3424 412 3501 subigo,
442 3443 495 3484 seu
517 3427 636 3503 ponitus
659 3424 830 3493 excludant,
861 3433 892 3484 ut
915 3424 989 3501 dego
1011 3444 1094 3503 cogo.
1140 3412 1246 3486 eante
1268 3443 1306 3503 go
1328 3445 1418 3506 prae·

123 3528 247 3587 cedente
271 3527 378 3585 tertiae
401 3533 485 3591 snnt,
510 3533 542 3585 ut
563 3525 628 3601 lego
651 3524 740 3601 legis,
766 3525 840 3602 dego
863 3526 947 3602 degis
967 3527 1181 3605 etiamabago
1203 3530 1460 3607 compositumne

123 3630 313 3706 excipiuntur
337 3646 412 3703 nego
435 3645 534 3703 negas,
559 3628 624 3704 logo
647 3627 728 3703 legas
751 3648 767 3684 e
796 3628 911 3703 longam
935 3626 1047 3688 lubens
1070 3629 1105 3687 ad
1129 3629 1327 3690 differentiam
1352 3633 1417 3709 pri·

192 3817 208 3863 d
225 3813 388 3879 Graecorum]
400 3829 493 3879 graeca
504 3813 553 3862 BP
586 3812 669 3862 desse
681 3828 727 3866 om.
735 3813 798 3873 Btf
833 3813 863 3863 10
873 3812 1028 3864 lnerooxaoe
1038 3814 1096 3863 inde
1111 3818 1242 3881 conposita
1254 3817 1334 3867 uerbo
1347 3815 1420 3868 laeta

124 3885 209 3933 uerbis
224 3886 249 3934 B
267 3898 404 3934 rsrocraoc
428 3885 468 3932 idi,-
489 3883 555 3931 onde
573 3883 705 3947 conposita
722 3883 799 3930 uerba
819 3883 884 3932 iacta
901 3893 958 3932 sunt
977 3884 1060 3934 uerbis
1079 3886 1104 3933 P
1121 3901 1258 3936 reroemwc
1271 3886 1422 3937 immolator

124 3951 1418 4018 mmmmmmmmfflmwwlmmmbmm

124 4021 1421 4091 Bffimmfflssmfflwwmmfflmmmmmmt

125 4091 1221 4158 mmmmmqumdfflmmmmmmMmm&meummwmmmB
1290 4094 1420 4161 eomm-

126 4171 168 4211 net
184 4163 210 4211 P
277 4163 309 4212 21
329 4161 447 4211 uidentur
465 4163 563 4227 integra
582 4162 680 4210 seruari
699 4162 773 4212 BPt
788 4163 889 4210 uidetur
908 4165 1006 4229 integra
1026 4165 1171 4230 coniugatio
1190 4165 1357 4229 obseruatis

123 4231 727 4284 mmmmM'mdmmst
784 4231 1422 4300 ffiwwwwmwfflwmwm

124 4301 1422 4372 memmemoedmmmmmthfflmmmfflmmfflm

122 4371 927 4438 κωμεμὼίωηωρωοὼωωηεῷρΛωῶἳ
974 4320 1422 4443 fflpmmomwmmfipmffio

121 4458 190 4495 corr.
210 4444 356 4506 eirenmago
373 4442 399 4491 B
413 4443 558 4508 circumage
577 4443 602 4490 P
670 4440 704 4491 29
718 4451 744 4490 ut
759 4458 824 4507 cogo
842 4449 982 4508 (superem.
997 4445 1032 4493 ol.
1050 4461 1080 4493 m.
1100 4444 1178 4508 dego)
1198 4444 1222 4492 B
1291 4442 1323 4494 31
1345 4449 1420 4497 exei-

123 4514 226 4578 piuntnr
244 4528 311 4578 nego
330 4527 358 4560 aa
380 4512 438 4578 lego
457 4528 485 4561 as
506 4513 563 4578 lego
582 4512 647 4560 enim
667 4512 763 4576 primae
787 4522 824 4562 est
843 4528 856 4561 e
878 4511 980 4578 longam
1000 4512 1096 4562 habens
1115 4515 1147 4563 ad
1171 4513 1343 4565 diderenoiem
1363 4518 1421 4582 pri·

123 4584 204 4633 mitiui
222 4591 247 4633 et
265 4598 279 4632 a
295 4583 397 4631 nomine
415 4583 483 4645 qnod
496 4592 534 4631 est
549 4583 589 4630 lex
607 4582 744 4631 dirinatnm
764 4582 820 4647 lego
836 4583 901 4631 enim
920 4598 934 4631 e
951 4583 1064 4649 legitime
1082 4592 1107 4633 et
1131 4584 1186 4632 inre
1204 4598 1311 4635 seruans
1328 4601 1345 4633 e
1363 4587 1422 4637 ion·

121 4652 1421 4721 wmmmmmwmQOmtmfflmwwwmmMQmmms

121 4721 1423 4788 mfflmmmmmmstmmmmwmmmnwwwmmfflmmmoewmm

121 4791 1420 4858 mmmmmmmwmfflmwmimmememwmffl

121 4861 263 4921 PiePB
