<?xml version="1.0" encoding="UTF-8"?>
<!DOCTYPE html PUBLIC "-//W3C//DTD XHTML 1.0 Transitional//EN"
    "http://www.w3.org/TR/xhtml1/DTD/xhtml1-transitional.dtd">
<html xmlns="http://www.w3.org/1999/xhtml" xml:lang="en" lang="en">
 <head>
  <title>
</title>
<meta http-equiv="Content-Type" content="text/html;charset=utf-8" />
  <meta name='ocr-system' content='tesseract 3.04.00' />
  <meta name='ocr-capabilities' content='ocr_page ocr_carea ocr_par ocr_line ocrx_word'/>
</head>
<body>
  <div class='ocr_page' id='page_1' title='image "./grammaticilatin03keilgoog_0629.png"; bbox 0 0 3346 5498; ppageno 0'>
   <div class='ocr_carea' id='block_1_1' title="bbox 167 380 909 460">
    <p class='ocr_par' dir='ltr' id='par_1_1' title="bbox 167 380 909 460">
     <span class='ocr_line' id='line_1_1' title="bbox 167 380 909 460; baseline 0 -2"><span class='ocrx_word' id='word_1_1' title='bbox 167 380 231 458; x_wconf 74' lang='lat' dir='ltr'><strong>coe</strong></span> <span class='ocrx_word' id='word_1_2' title='bbox 728 395 909 460; x_wconf 78' lang='lat' dir='ltr'><strong>utcnouu</strong></span> 
     </span>
    </p>
   </div>
   <div class='ocr_carea' id='block_1_2' title="bbox 164 502 1488 970">
    <p class='ocr_par' dir='ltr' id='par_1_2' title="bbox 164 502 1488 970">
     <span class='ocr_line' id='line_1_2' title="bbox 192 502 363 556; baseline 0.006 -13"><span class='ocrx_word' id='word_1_3' title='bbox 192 517 213 556; x_wconf 86' lang='lat' dir='ltr'><strong>p.</strong></span> <span class='ocrx_word' id='word_1_4' title='bbox 228 504 286 545; x_wconf 70' lang='lat' dir='ltr'><strong>erm.</strong></span> <span class='ocrx_word' id='word_1_5' title='bbox 300 504 326 544; x_wconf 78' lang='lat'><strong>³2</strong></span> <span class='ocrx_word' id='word_1_6' title='bbox 341 502 363 545; x_wconf 82' lang='grc' dir='ltr'><strong>Ρ.</strong></span> 
     </span>
     <span class='ocr_line' id='line_1_3' title="bbox 165 582 1488 665; baseline 0.002 -22"><span class='ocrx_word' id='word_1_7' title='bbox 165 601 291 663; x_wconf 90' lang='lat' dir='ltr'><strong>persona</strong></span> <span class='ocrx_word' id='word_1_8' title='bbox 313 586 344 644; x_wconf 90' lang='lat' dir='ltr'><strong>in</strong></span> <span class='ocrx_word' id='word_1_9' title='bbox 367 600 414 655; x_wconf 83' lang='grc' dir='ltr'><strong>εις</strong></span> <span class='ocrx_word' id='word_1_10' title='bbox 429 582 645 662; x_wconf 78' lang='lat' dir='ltr'><strong>diphthongum</strong></span> <span class='ocrx_word' id='word_1_11' title='bbox 666 583 796 644; x_wconf 89' lang='lat' dir='ltr'><strong>liniatur.</strong></span> <span class='ocrx_word' id='word_1_12' title='bbox 836 583 888 644; x_wconf 87' lang='lat' dir='ltr'><strong>sed</strong></span> <span class='ocrx_word' id='word_1_13' title='bbox 912 583 1028 645; x_wconf 91' lang='lat' dir='ltr'><strong>harum</strong></span> <span class='ocrx_word' id='word_1_14' title='bbox 1050 585 1355 662; x_wconf 78' lang='lat' dir='ltr'><strong>coniugationumiu</strong></span> <span class='ocrx_word' id='word_1_15' title='bbox 1378 584 1488 665; x_wconf 80' lang='lat' dir='ltr'><strong>prium</strong></span> 
     </span>
     <span class='ocr_line' id='line_1_4' title="bbox 165 684 1487 766; baseline 0 -21"><span class='ocrx_word' id='word_1_16' title='bbox 165 703 290 765; x_wconf 90' lang='lat' dir='ltr'><strong>persona</strong></span> <span class='ocrx_word' id='word_1_17' title='bbox 312 685 499 746; x_wconf 79' lang='lat' dir='ltr'><strong>differentiae</strong></span> <span class='ocrx_word' id='word_1_18' title='bbox 521 684 797 764; x_wconf 87' lang='lat' dir='ltr'><strong>deprehenduntur.</strong></span> <span class='ocrx_word' id='word_1_19' title='bbox 841 687 999 765; x_wconf 87' lang='lat' dir='ltr'><strong>quaeritur</strong></span> <span class='ocrx_word' id='word_1_20' title='bbox 1028 688 1109 747; x_wconf 90' lang='lat' dir='ltr'><strong>enim</strong></span> <span class='ocrx_word' id='word_1_21' title='bbox 1138 688 1170 747; x_wconf 90' lang='lat' dir='ltr'><strong>in</strong></span> <span class='ocrx_word' id='word_1_22' title='bbox 1194 687 1293 765; x_wconf 85' lang='lat' dir='ltr'><strong>prima</strong></span> <span class='ocrx_word' id='word_1_23' title='bbox 1316 686 1487 766; x_wconf 79' lang='lat' dir='ltr'><strong>positione</strong></span> 
     </span>
     <span class='ocr_line' id='line_1_5' title="bbox 165 786 1486 866; baseline 0.001 -19"><span class='ocrx_word' id='word_1_24' title='bbox 165 786 249 847; x_wconf 87' lang='lat' dir='ltr'><strong>verbi</strong></span> <span class='ocrx_word' id='word_1_25' title='bbox 272 788 425 866; x_wconf 89' lang='lat' dir='ltr'><strong>cuiusque,</strong></span> <span class='ocrx_word' id='word_1_26' title='bbox 458 804 534 866; x_wconf 92' lang='lat' dir='ltr'><strong>quac</strong></span> <span class='ocrx_word' id='word_1_27' title='bbox 556 787 673 848; x_wconf 75' lang='lat' dir='ltr'><strong>litterae</strong></span> <span class='ocrx_word' id='word_1_28' title='bbox 696 786 877 866; x_wconf 82' lang='lat' dir='ltr'><strong>praecedant</strong></span> <span class='ocrx_word' id='word_1_29' title='bbox 908 806 934 848; x_wconf 92' lang='grc' dir='ltr'><strong><em>ω</em></strong></span> <span class='ocrx_word' id='word_1_30' title='bbox 963 786 1081 849; x_wconf 87' lang='lat' dir='ltr'><strong>llnalem</strong></span> <span class='ocrx_word' id='word_1_31' title='bbox 1104 786 1233 849; x_wconf 86' lang='lat' dir='ltr'><strong>litteram</strong></span> <span class='ocrx_word' id='word_1_32' title='bbox 1255 786 1358 848; x_wconf 84' lang='lat' dir='ltr'><strong>verbi.</strong></span> <span class='ocrx_word' id='word_1_33' title='bbox 1398 788 1486 849; x_wconf 85' lang='lat' dir='ltr'><strong>etsi</strong></span> 
     </span>
     <span class='ocr_line' id='line_1_6' title="bbox 164 882 1484 970; baseline 0.002 -21"><span class='ocrx_word' id='word_1_34' title='bbox 164 890 314 950; x_wconf 85' lang='lat' dir='ltr'><strong>inveneris</strong></span> <span class='ocrx_word' id='word_1_35' title='bbox 336 897 404 950; x_wconf 91' lang='lat' dir='ltr'><strong>ante</strong></span> <span class='ocrx_word' id='word_1_36' title='bbox 427 907 454 949; x_wconf 88' lang='grc' dir='ltr'><strong><em>ω</em></strong></span> <span class='ocrx_word' id='word_1_37' title='bbox 475 885 498 967; x_wconf 85' lang='grc' dir='ltr'><strong><em>β</em></strong></span> <span class='ocrx_word' id='word_1_38' title='bbox 520 907 547 968; x_wconf 80' lang='grc' dir='ltr'><em>φ</em></span> <span class='ocrx_word' id='word_1_39' title='bbox 568 905 593 949; x_wconf 86' lang='grc' dir='ltr'><strong>ιτ</strong></span> <span class='ocrx_word' id='word_1_40' title='bbox 615 905 671 968; x_wconf 81' lang='grc' dir='ltr'><strong>ατ,</strong></span> <span class='ocrx_word' id='word_1_41' title='bbox 696 885 800 967; x_wconf 85' lang='grc' dir='ltr'><strong><em>λείβω</em></strong></span> <span class='ocrx_word' id='word_1_42' title='bbox 822 882 943 968; x_wconf 75' lang='grc' dir='ltr'><strong><em>γράφω</em></strong></span> <span class='ocrx_word' id='word_1_43' title='bbox 965 885 1076 968; x_wconf 77' lang='grc' dir='ltr'><strong><em>τέρασι</em></strong></span> <span class='ocrx_word' id='word_1_44' title='bbox 1097 883 1228 969; x_wconf 79' lang='grc' dir='ltr'><strong><em>κόπτω,</em></strong></span> <span class='ocrx_word' id='word_1_45' title='bbox 1255 892 1380 970; x_wconf 77' lang='lat' dir='ltr'><strong>primae</strong></span> <span class='ocrx_word' id='word_1_46' title='bbox 1405 906 1484 951; x_wconf 86' lang='lat' dir='ltr'><strong>con·</strong></span> 
     </span>
    </p>
   </div>
   <div class='ocr_carea' id='block_1_3' title="bbox 15 985 1520 4536">
    <p class='ocr_par' dir='ltr' id='par_1_3' title="bbox 164 985 1520 2699">
     <span class='ocr_line' id='line_1_7' title="bbox 165 985 1520 1093; baseline 0 -43"><span class='ocrx_word' id='word_1_47' title='bbox 165 991 325 1068; x_wconf 91' lang='lat' dir='ltr'><strong>iugationis</strong></span> <span class='ocrx_word' id='word_1_48' title='bbox 346 989 574 1070; x_wconf 89' lang='lat' dir='ltr'><strong>pronuntiabis;</strong></span> <span class='ocrx_word' id='word_1_49' title='bbox 598 991 624 1051; x_wconf 86' lang='lat' dir='ltr'><strong>si</strong></span> <span class='ocrx_word' id='word_1_50' title='bbox 647 998 751 1093; x_wconf 27' lang='lat' dir='ltr'><strong>auten·</strong></span> <span class='ocrx_word' id='word_1_51' title='bbox 770 992 943 1070; x_wconf 85' lang='lat' dir='ltr'><strong>reppereris</strong></span> <span class='ocrx_word' id='word_1_52' title='bbox 963 1010 985 1069; x_wconf 94' lang='grc' dir='ltr'><strong><em>γ</em></strong></span> <span class='ocrx_word' id='word_1_53' title='bbox 1007 1010 1027 1051; x_wconf 83' lang='grc' dir='ltr'><strong><em>α</em></strong></span> <span class='ocrx_word' id='word_1_54' title='bbox 1050 1010 1086 1070; x_wconf 78' lang='grc' dir='ltr'><strong>γ,</strong></span> <span class='ocrx_word' id='word_1_55' title='bbox 1102 985 1188 1069; x_wconf 78' lang='grc' dir='ltr'><strong><em>λέγω</em></strong></span> <span class='ocrx_word' id='word_1_56' title='bbox 1210 986 1328 1053; x_wconf 78' lang='grc' dir='ltr'><strong><em>πλέκω</em></strong></span> <span class='ocrx_word' id='word_1_57' title='bbox 1350 986 1482 1071; x_wconf 69' lang='grc' dir='ltr'><strong><em>τρέχω,</em></strong></span> <span class='ocrx_word' id='word_1_58' title='bbox 1506 1009 1520 1050; x_wconf 81' lang='grc' dir='ltr'><strong><em>ι</em></strong></span> 
     </span>
     <span class='ocr_line' id='line_1_8' title="bbox 165 1084 1482 1175; baseline 0.001 -23"><span class='ocrx_word' id='word_1_59' title='bbox 165 1093 326 1155; x_wconf 90' lang='lat' dir='ltr'><strong>secundam</strong></span> <span class='ocrx_word' id='word_1_60' title='bbox 354 1091 488 1153; x_wconf 85' lang='lat' dir='ltr'><strong>vocabis:</strong></span> <span class='ocrx_word' id='word_1_61' title='bbox 517 1092 623 1172; x_wconf 91' lang='lat' dir='ltr'><strong>quodsi</strong></span> <span class='ocrx_word' id='word_1_62' title='bbox 652 1088 686 1151; x_wconf 77' lang='grc' dir='ltr'><strong>δι’</strong></span> <span class='ocrx_word' id='word_1_63' title='bbox 700 1094 727 1153; x_wconf 77' lang='grc' dir='ltr'><strong>θ</strong></span> <span class='ocrx_word' id='word_1_64' title='bbox 740 1084 784 1172; x_wconf 62' lang='grc' dir='ltr'><strong>λι,</strong></span> <span class='ocrx_word' id='word_1_65' title='bbox 811 1085 883 1175; x_wconf 70' lang='grc' dir='ltr'><strong>ᾅᾶω</strong></span> <span class='ocrx_word' id='word_1_66' title='bbox 911 1088 1032 1174; x_wconf 59' lang='lat' dir='ltr'><strong>alphos</strong></span> <span class='ocrx_word' id='word_1_67' title='bbox 1060 1085 1190 1171; x_wconf 78' lang='grc' dir='ltr'><strong><em>ἀνύσω,</em></strong></span> <span class='ocrx_word' id='word_1_68' title='bbox 1223 1093 1349 1155; x_wconf 87' lang='lat' dir='ltr'><strong>tertiam</strong></span> <span class='ocrx_word' id='word_1_69' title='bbox 1371 1092 1482 1155; x_wconf 81' lang='lat' dir='ltr'><strong>dices:</strong></span> 
     </span>
     <span class='ocr_line' id='line_1_9' title="bbox 165 1150 1483 1275; baseline 0.002 -21"><span class='ocrx_word' id='word_1_70' title='bbox 165 1202 271 1274; x_wconf 86' lang='lat' dir='ltr'><strong>quarta</strong></span> <span class='ocrx_word' id='word_1_71' title='bbox 294 1197 361 1265; x_wconf 91' lang='lat' dir='ltr'><strong>erit,</strong></span> <span class='ocrx_word' id='word_1_72' title='bbox 384 1196 410 1255; x_wconf 93' lang='lat' dir='ltr'><strong>si</strong></span> <span class='ocrx_word' id='word_1_73' title='bbox 432 1193 572 1256; x_wconf 91' lang='lat' dir='ltr'><strong>habuerit</strong></span> <span class='ocrx_word' id='word_1_74' title='bbox 598 1150 764 1270; x_wconf 33' lang='lat' dir='ltr'><strong>{austum</strong></span> <span class='ocrx_word' id='word_1_75' title='bbox 786 1200 849 1273; x_wconf 78' lang='grc' dir='ltr'><strong>σσ,</strong></span> <span class='ocrx_word' id='word_1_76' title='bbox 877 1188 991 1274; x_wconf 80' lang='grc' dir='ltr'><em>φράζω</em></span> <span class='ocrx_word' id='word_1_77' title='bbox 1018 1187 1170 1275; x_wconf 62' lang='lat' dir='ltr'><strong>dudeco:</strong></span> <span class='ocrx_word' id='word_1_78' title='bbox 1204 1196 1231 1255; x_wconf 93' lang='lat' dir='ltr'><strong>si</strong></span> <span class='ocrx_word' id='word_1_79' title='bbox 1258 1212 1334 1255; x_wconf 80' lang='lat' dir='ltr'><strong>vero</strong></span> <span class='ocrx_word' id='word_1_80' title='bbox 1355 1196 1483 1259; x_wconf 75' lang='lat' dir='ltr'><strong>luerim</strong></span> 
     </span>
     <span class='ocr_line' id='line_1_10' title="bbox 166 1291 1480 1376; baseline 0.002 -20"><span class='ocrx_word' id='word_1_81' title='bbox 166 1296 296 1376; x_wconf 78' lang='lat' dir='ltr'><strong>liquidae</strong></span> <span class='ocrx_word' id='word_1_82' title='bbox 331 1296 351 1356; x_wconf 88' lang='grc' dir='ltr'><strong><em>λ</em></strong></span> <span class='ocrx_word' id='word_1_83' title='bbox 377 1316 402 1376; x_wconf 93' lang='grc' dir='ltr'><strong><em>μ</em></strong></span> <span class='ocrx_word' id='word_1_84' title='bbox 431 1314 453 1355; x_wconf 85' lang='grc' dir='ltr'><strong><em>ν</em></strong></span> <span class='ocrx_word' id='word_1_85' title='bbox 480 1315 519 1375; x_wconf 93' lang='grc' dir='ltr'><strong>ρ,</strong></span> <span class='ocrx_word' id='word_1_86' title='bbox 545 1291 662 1356; x_wconf 63' lang='lat' dir='ltr'><strong>nullm</strong></span> <span class='ocrx_word' id='word_1_87' title='bbox 690 1292 780 1376; x_wconf 83' lang='grc' dir='ltr'><strong><em>νέμω</em></strong></span> <span class='ocrx_word' id='word_1_88' title='bbox 813 1297 921 1374; x_wconf 71' lang='lat' dir='ltr'><strong>eptem</strong></span> <span class='ocrx_word' id='word_1_89' title='bbox 954 1293 1100 1374; x_wconf 85' lang='grc' dir='ltr'><strong><em>σιτείρω,</em></strong></span> <span class='ocrx_word' id='word_1_90' title='bbox 1133 1297 1267 1376; x_wconf 86' lang='lat' dir='ltr'><strong>quintam</strong></span> <span class='ocrx_word' id='word_1_91' title='bbox 1301 1295 1480 1359; x_wconf 87' lang='lat' dir='ltr'><strong>notabunt:</strong></span> 
     </span>
     <span class='ocr_line' id='line_1_11' title="bbox 165 1390 1479 1478; baseline 0.002 -20"><span class='ocrx_word' id='word_1_92' title='bbox 165 1405 246 1459; x_wconf 85' lang='lat' dir='ltr'><strong>serta</strong></span> <span class='ocrx_word' id='word_1_93' title='bbox 272 1399 429 1478; x_wconf 84' lang='lat' dir='ltr'><strong>protertur</strong></span> <span class='ocrx_word' id='word_1_94' title='bbox 456 1390 513 1457; x_wconf 76' lang='grc' dir='ltr'><strong>διὰ</strong></span> <span class='ocrx_word' id='word_1_95' title='bbox 541 1397 699 1476; x_wconf 79' lang='grc' dir='ltr'><strong><em>καθαροῦ</em></strong></span> <span class='ocrx_word' id='word_1_96' title='bbox 726 1396 788 1458; x_wconf 87' lang='grc' dir='ltr'><strong>τοῦ</strong></span> <span class='ocrx_word' id='word_1_97' title='bbox 811 1417 850 1477; x_wconf 91' lang='grc' dir='ltr'><strong>ω,</strong></span> <span class='ocrx_word' id='word_1_98' title='bbox 872 1391 937 1477; x_wconf 70' lang='lat' dir='ltr'><strong>(tta</strong></span> <span class='ocrx_word' id='word_1_99' title='bbox 959 1391 1152 1477; x_wconf 76' lang='grc' dir='ltr'><strong><em>θεραπεύω.</em></strong></span> <span class='ocrx_word' id='word_1_100' title='bbox 1186 1398 1346 1461; x_wconf 90' lang='lat' dir='ltr'><strong>nonnulli</strong></span> <span class='ocrx_word' id='word_1_101' title='bbox 1371 1406 1479 1461; x_wconf 86' lang='lat' dir='ltr'><strong>etse·</strong></span> 
     </span>
     <span class='ocr_line' id='line_1_12' title="bbox 165 1489 1518 1579; baseline 0.006 -19"><span class='ocrx_word' id='word_1_102' title='bbox 165 1501 288 1577; x_wconf 89' lang='lat' dir='ltr'><strong>ptimam</strong></span> <span class='ocrx_word' id='word_1_103' title='bbox 310 1518 376 1560; x_wconf 86' lang='lat' dir='ltr'><strong>osse</strong></span> <span class='ocrx_word' id='word_1_104' title='bbox 399 1498 558 1561; x_wconf 89' lang='lat' dir='ltr'><strong>voluerunt</strong></span> <span class='ocrx_word' id='word_1_105' title='bbox 578 1499 827 1579; x_wconf 82' lang='lat' dir='ltr'><strong>praecedentibus</strong></span> <span class='ocrx_word' id='word_1_106' title='bbox 850 1495 866 1572; x_wconf 77' lang='grc' dir='ltr'><strong>Ε</strong></span> <span class='ocrx_word' id='word_1_107' title='bbox 894 1505 939 1576; x_wconf 81' lang='grc' dir='ltr'><strong>ιγ,</strong></span> <span class='ocrx_word' id='word_1_108' title='bbox 962 1489 1066 1572; x_wconf 76' lang='grc' dir='ltr'><strong>ἅλὲξω</strong></span> <span class='ocrx_word' id='word_1_109' title='bbox 1093 1495 1174 1573; x_wconf 63' lang='lat' dir='ltr'><strong>idm.</strong></span> <span class='ocrx_word' id='word_1_110' title='bbox 1219 1499 1300 1579; x_wconf 90' lang='lat' dir='ltr'><strong>apud</strong></span> <span class='ocrx_word' id='word_1_111' title='bbox 1331 1498 1477 1573; x_wconf 83' lang='lat' dir='ltr'><strong>Latinos,</strong></span> <span class='ocrx_word' id='word_1_112' title='bbox 1492 1523 1518 1567; x_wconf 84' lang='grc' dir='ltr'><strong><em>ω</em></strong></span> 
     </span>
     <span class='ocr_line' id='line_1_13' title="bbox 165 1598 1480 1680; baseline 0.002 -19"><span class='ocrx_word' id='word_1_113' title='bbox 165 1618 292 1680; x_wconf 88' lang='lat' dir='ltr'><strong>quorum</strong></span> <span class='ocrx_word' id='word_1_114' title='bbox 323 1600 435 1663; x_wconf 89' lang='lat' dir='ltr'><strong>nullum</strong></span> <span class='ocrx_word' id='word_1_115' title='bbox 463 1599 587 1663; x_wconf 87' lang='lat' dir='ltr'><strong>verbum</strong></span> <span class='ocrx_word' id='word_1_116' title='bbox 615 1603 647 1662; x_wconf 95' lang='lat' dir='ltr'><strong>in</strong></span> <span class='ocrx_word' id='word_1_117' title='bbox 676 1600 793 1662; x_wconf 82' lang='lat' dir='ltr'><strong>finalem</strong></span> <span class='ocrx_word' id='word_1_118' title='bbox 827 1598 969 1680; x_wconf 74' lang='lat' dir='ltr'><strong>syllabam</strong></span> <span class='ocrx_word' id='word_1_119' title='bbox 991 1599 1120 1661; x_wconf 89' lang='lat' dir='ltr'><strong>admittit</strong></span> <span class='ocrx_word' id='word_1_120' title='bbox 1142 1609 1312 1672; x_wconf 87' lang='lat' dir='ltr'><strong>accentum,</strong></span> <span class='ocrx_word' id='word_1_121' title='bbox 1348 1610 1480 1665; x_wconf 80' lang='lat' dir='ltr'><strong>cessant</strong></span> 
     </span>
     <span class='ocr_line' id='line_1_14' title="bbox 164 1701 1478 1784; baseline 0.004 -22"><span class='ocrx_word' id='word_1_122' title='bbox 164 1701 351 1764; x_wconf 79' lang='lat' dir='ltr'><strong>differentiae</strong></span> <span class='ocrx_word' id='word_1_123' title='bbox 378 1722 452 1783; x_wconf 91' lang='lat' dir='ltr'><strong>quas</strong></span> <span class='ocrx_word' id='word_1_124' title='bbox 474 1704 551 1783; x_wconf 88' lang='lat' dir='ltr'><strong>apud</strong></span> <span class='ocrx_word' id='word_1_125' title='bbox 575 1703 579 1783; x_wconf 81' lang='lat' dir='ltr'><strong>l</strong></span> <span class='ocrx_word' id='word_1_126' title='bbox 605 1702 735 1764; x_wconf 89' lang='lat' dir='ltr'><strong>Graecos</strong></span> <span class='ocrx_word' id='word_1_127' title='bbox 759 1702 966 1764; x_wconf 84' lang='lat' dir='ltr'><strong>circumflexus</strong></span> <span class='ocrx_word' id='word_1_128' title='bbox 996 1705 1130 1779; x_wconf 81' lang='lat' dir='ltr'><strong>gravisve</strong></span> <span class='ocrx_word' id='word_1_129' title='bbox 1157 1703 1308 1772; x_wconf 85' lang='lat' dir='ltr'><strong>lecerunt,</strong></span> <span class='ocrx_word' id='word_1_130' title='bbox 1336 1723 1478 1784; x_wconf 89' lang='lat' dir='ltr'><strong>quorum</strong></span> 
     </span>
     <span class='ocr_line' id='line_1_15' title="bbox 165 1803 1477 1888; baseline 0.003 -25"><span class='ocrx_word' id='word_1_131' title='bbox 165 1803 290 1865; x_wconf 89' lang='lat' dir='ltr'><strong>alterum</strong></span> <span class='ocrx_word' id='word_1_132' title='bbox 314 1809 344 1868; x_wconf 93' lang='lat' dir='ltr'><strong>in</strong></span> <span class='ocrx_word' id='word_1_133' title='bbox 367 1804 466 1867; x_wconf 86' lang='lat' dir='ltr'><strong>verbis</strong></span> <span class='ocrx_word' id='word_1_134' title='bbox 488 1805 626 1876; x_wconf 90' lang='lat' dir='ltr'><strong>ultimae,</strong></span> <span class='ocrx_word' id='word_1_135' title='bbox 655 1806 784 1867; x_wconf 89' lang='lat' dir='ltr'><strong>alterum</strong></span> <span class='ocrx_word' id='word_1_136' title='bbox 806 1803 1005 1884; x_wconf 76' lang='lat' dir='ltr'><strong>paenultImae</strong></span> <span class='ocrx_word' id='word_1_137' title='bbox 1035 1804 1189 1866; x_wconf 89' lang='lat' dir='ltr'><strong>Graeciam</strong></span> <span class='ocrx_word' id='word_1_138' title='bbox 1216 1804 1349 1866; x_wconf 84' lang='lat' dir='ltr'><strong>diximus</strong></span> <span class='ocrx_word' id='word_1_139' title='bbox 1374 1806 1477 1888; x_wconf 86' lang='lat' dir='ltr'><strong>depu-</strong></span> 
     </span>
     <span class='ocr_line' id='line_1_16' title="bbox 164 1906 1477 1987; baseline 0.003 -22"><span class='ocrx_word' id='word_1_140' title='bbox 164 1913 254 1967; x_wconf 89' lang='lat' dir='ltr'><strong>tasse.</strong></span> <span class='ocrx_word' id='word_1_141' title='bbox 299 1914 394 1969; x_wconf 89' lang='lat' dir='ltr'><strong>restat</strong></span> <span class='ocrx_word' id='word_1_142' title='bbox 416 1909 508 1986; x_wconf 90' lang='lat' dir='ltr'><strong>igitur</strong></span> <span class='ocrx_word' id='word_1_143' title='bbox 530 1910 561 1969; x_wconf 93' lang='lat' dir='ltr'><strong>in</strong></span> <span class='ocrx_word' id='word_1_144' title='bbox 585 1907 631 1968; x_wconf 88' lang='lat' dir='ltr'><strong>his</strong></span> <span class='ocrx_word' id='word_1_145' title='bbox 656 1909 794 1969; x_wconf 87' lang='lat' dir='ltr'><strong>latinitati</strong></span> <span class='ocrx_word' id='word_1_146' title='bbox 817 1926 894 1968; x_wconf 91' lang='lat' dir='ltr'><strong>unus</strong></span> <span class='ocrx_word' id='word_1_147' title='bbox 916 1914 1070 1976; x_wconf 88' lang='lat' dir='ltr'><strong>accentus,</strong></span> <span class='ocrx_word' id='word_1_148' title='bbox 1093 1924 1213 1984; x_wconf 82' lang='lat' dir='ltr'><strong>gravem</strong></span> <span class='ocrx_word' id='word_1_149' title='bbox 1235 1906 1319 1975; x_wconf 87' lang='lat' dir='ltr'><strong>dico,</strong></span> <span class='ocrx_word' id='word_1_150' title='bbox 1343 1910 1402 1987; x_wconf 90' lang='lat' dir='ltr'><strong>qui</strong></span> <span class='ocrx_word' id='word_1_151' title='bbox 1424 1926 1477 1969; x_wconf 91' lang='lat' dir='ltr'><strong>so-</strong></span> 
     </span>
     <span class='ocr_line' id='line_1_17' title="bbox 167 2006 1514 2089; baseline 0.005 -22"><span class='ocrx_word' id='word_1_152' title='bbox 167 2006 213 2068; x_wconf 92' lang='lat' dir='ltr'><strong>lus</strong></span> <span class='ocrx_word' id='word_1_153' title='bbox 235 2008 366 2070; x_wconf 87' lang='lat' dir='ltr'><strong>humana</strong></span> <span class='ocrx_word' id='word_1_154' title='bbox 389 2008 479 2070; x_wconf 83' lang='lat' dir='ltr'><strong>verba</strong></span> <span class='ocrx_word' id='word_1_155' title='bbox 502 2012 626 2071; x_wconf 88' lang='lat' dir='ltr'><strong>sortitus</strong></span> <span class='ocrx_word' id='word_1_156' title='bbox 648 2019 708 2082; x_wconf 89' lang='lat' dir='ltr'><strong>est;</strong></span> <span class='ocrx_word' id='word_1_157' title='bbox 732 2009 785 2071; x_wconf 91' lang='lat' dir='ltr'><strong>sed</strong></span> <span class='ocrx_word' id='word_1_158' title='bbox 806 2010 862 2069; x_wconf 89' lang='lat' dir='ltr'><strong>hoc</strong></span> <span class='ocrx_word' id='word_1_159' title='bbox 885 2011 1040 2089; x_wconf 87' lang='lat' dir='ltr'><strong>proprium</strong></span> <span class='ocrx_word' id='word_1_160' title='bbox 1063 2010 1094 2069; x_wconf 90' lang='lat' dir='ltr'><strong>in</strong></span> <span class='ocrx_word' id='word_1_161' title='bbox 1117 2007 1216 2070; x_wconf 89' lang='lat' dir='ltr'><strong>verbis</strong></span> <span class='ocrx_word' id='word_1_162' title='bbox 1237 2007 1343 2070; x_wconf 89' lang='lat' dir='ltr'><strong>latinis</strong></span> <span class='ocrx_word' id='word_1_163' title='bbox 1367 2010 1475 2073; x_wconf 74' lang='lat' dir='ltr'><strong>habet</strong></span> <span class='ocrx_word' id='word_1_164' title='bbox 1489 2032 1514 2073; x_wconf 75' lang='lat' dir='ltr'><strong>ro</strong></span> 
     </span>
     <span class='ocr_line' id='line_1_18' title="bbox 168 2109 1478 2192; baseline 0.005 -23"><span class='ocrx_word' id='word_1_165' title='bbox 168 2109 246 2188; x_wconf 89' lang='lat' dir='ltr'><strong>qnod</strong></span> <span class='ocrx_word' id='word_1_166' title='bbox 270 2129 327 2171; x_wconf 92' lang='lat' dir='ltr'><strong>non</strong></span> <span class='ocrx_word' id='word_1_167' title='bbox 349 2129 476 2191; x_wconf 89' lang='lat' dir='ltr'><strong>semper,</strong></span> <span class='ocrx_word' id='word_1_168' title='bbox 500 2119 533 2172; x_wconf 93' lang='lat' dir='ltr'><strong>ut</strong></span> <span class='ocrx_word' id='word_1_169' title='bbox 554 2112 631 2191; x_wconf 91' lang='lat' dir='ltr'><strong>apud</strong></span> <span class='ocrx_word' id='word_1_170' title='bbox 655 2112 797 2182; x_wconf 88' lang='lat' dir='ltr'><strong>Graecos,</strong></span> <span class='ocrx_word' id='word_1_171' title='bbox 823 2111 873 2173; x_wconf 90' lang='lat' dir='ltr'><strong>ubi</strong></span> <span class='ocrx_word' id='word_1_172' title='bbox 897 2112 1006 2182; x_wconf 87' lang='lat' dir='ltr'><strong>luerit,</strong></span> <span class='ocrx_word' id='word_1_173' title='bbox 1034 2113 1066 2171; x_wconf 96' lang='lat' dir='ltr'><strong>in</strong></span> <span class='ocrx_word' id='word_1_174' title='bbox 1088 2110 1300 2190; x_wconf 86' lang='lat' dir='ltr'><strong>paenultimam</strong></span> <span class='ocrx_word' id='word_1_175' title='bbox 1321 2112 1478 2192; x_wconf 80' lang='lat' dir='ltr'><strong>syllabam</strong></span> 
     </span>
     <span class='ocr_line' id='line_1_19' title="bbox 165 2210 1477 2296; baseline 0.007 -27"><span class='ocrx_word' id='word_1_176' title='bbox 165 2210 261 2278; x_wconf 92' lang='lat' dir='ltr'><strong>cadit,</strong></span> <span class='ocrx_word' id='word_1_177' title='bbox 290 2212 341 2272; x_wconf 87' lang='lat' dir='ltr'><strong>sed</strong></span> <span class='ocrx_word' id='word_1_178' title='bbox 370 2230 459 2292; x_wconf 88' lang='lat' dir='ltr'><strong>saepe</strong></span> <span class='ocrx_word' id='word_1_179' title='bbox 488 2221 518 2273; x_wconf 91' lang='lat' dir='ltr'><strong>et</strong></span> <span class='ocrx_word' id='word_1_180' title='bbox 545 2233 561 2275; x_wconf 93' lang='lat' dir='ltr'><strong>a</strong></span> <span class='ocrx_word' id='word_1_181' title='bbox 587 2215 646 2275; x_wconf 81' lang='lat' dir='ltr'><strong>hue</strong></span> <span class='ocrx_word' id='word_1_182' title='bbox 676 2216 795 2275; x_wconf 88' lang='lat' dir='ltr'><strong>tertiam</strong></span> <span class='ocrx_word' id='word_1_183' title='bbox 823 2220 920 2283; x_wconf 91' lang='lat' dir='ltr'><strong>tenet,</strong></span> <span class='ocrx_word' id='word_1_184' title='bbox 943 2221 976 2273; x_wconf 89' lang='lat' dir='ltr'><strong>ut</strong></span> <span class='ocrx_word' id='word_1_185' title='bbox 999 2229 1107 2291; x_wconf 82' lang='lat' dir='ltr'><strong>aggero</strong></span> <span class='ocrx_word' id='word_1_186' title='bbox 1129 2213 1240 2274; x_wconf 90' lang='lat' dir='ltr'><strong>relero.</strong></span> <span class='ocrx_word' id='word_1_187' title='bbox 1283 2214 1367 2293; x_wconf 88' lang='lat' dir='ltr'><strong>quod</strong></span> <span class='ocrx_word' id='word_1_188' title='bbox 1390 2217 1477 2296; x_wconf 88' lang='lat' dir='ltr'><strong>apud</strong></span> 
     </span>
     <span class='ocr_line' id='line_1_20' title="bbox 168 2311 1476 2398; baseline 0.005 -26"><span class='ocrx_word' id='word_1_189' title='bbox 168 2311 298 2373; x_wconf 86' lang='lat' dir='ltr'><strong>Graecos</strong></span> <span class='ocrx_word' id='word_1_190' title='bbox 320 2331 378 2375; x_wconf 94' lang='lat' dir='ltr'><strong>nou</strong></span> <span class='ocrx_word' id='word_1_191' title='bbox 401 2322 499 2394; x_wconf 90' lang='lat' dir='ltr'><strong>potest</strong></span> <span class='ocrx_word' id='word_1_192' title='bbox 520 2317 656 2384; x_wconf 86' lang='lat' dir='ltr'><strong>evenire,</strong></span> <span class='ocrx_word' id='word_1_193' title='bbox 681 2315 758 2395; x_wconf 90' lang='lat' dir='ltr'><strong>apud</strong></span> <span class='ocrx_word' id='word_1_194' title='bbox 781 2333 855 2395; x_wconf 90' lang='lat' dir='ltr'><strong>quos</strong></span> <span class='ocrx_word' id='word_1_195' title='bbox 877 2317 908 2375; x_wconf 91' lang='lat' dir='ltr'><strong>in</strong></span> <span class='ocrx_word' id='word_1_196' title='bbox 931 2317 1082 2375; x_wconf 89' lang='lat' dir='ltr'><strong>communi</strong></span> <span class='ocrx_word' id='word_1_197' title='bbox 1104 2315 1205 2393; x_wconf 90' lang='lat' dir='ltr'><strong>lingua</strong></span> <span class='ocrx_word' id='word_1_198' title='bbox 1226 2315 1293 2376; x_wconf 85' lang='lat' dir='ltr'><strong>lieri</strong></span> <span class='ocrx_word' id='word_1_199' title='bbox 1316 2335 1381 2378; x_wconf 89' lang='lat' dir='ltr'><strong>non</strong></span> <span class='ocrx_word' id='word_1_200' title='bbox 1404 2327 1476 2398; x_wconf 87' lang='lat' dir='ltr'><strong>pot·</strong></span> 
     </span>
     <span class='ocr_line' id='line_1_21' title="bbox 167 2415 1475 2496; baseline 0.006 -24"><span class='ocrx_word' id='word_1_201' title='bbox 167 2421 226 2483; x_wconf 87' lang='lat' dir='ltr'><strong>cst,</strong></span> <span class='ocrx_word' id='word_1_202' title='bbox 256 2422 301 2485; x_wconf 93' lang='lat' dir='ltr'><strong>ut,</strong></span> <span class='ocrx_word' id='word_1_203' title='bbox 331 2433 398 2476; x_wconf 91' lang='lat' dir='ltr'><strong>cum</strong></span> <span class='ocrx_word' id='word_1_204' title='bbox 426 2416 523 2477; x_wconf 90' lang='lat' dir='ltr'><strong>llnalis</strong></span> <span class='ocrx_word' id='word_1_205' title='bbox 550 2415 662 2496; x_wconf 79' lang='lat' dir='ltr'><strong>syllaba</strong></span> <span class='ocrx_word' id='word_1_206' title='bbox 690 2416 777 2493; x_wconf 90' lang='lat' dir='ltr'><strong>longa</strong></span> <span class='ocrx_word' id='word_1_207' title='bbox 805 2424 865 2485; x_wconf 88' lang='lat' dir='ltr'><strong>est,</strong></span> <span class='ocrx_word' id='word_1_208' title='bbox 896 2421 1003 2486; x_wconf 88' lang='lat' dir='ltr'><strong>tertius</strong></span> <span class='ocrx_word' id='word_1_209' title='bbox 1025 2435 1041 2478; x_wconf 92' lang='lat' dir='ltr'><strong>a</strong></span> <span class='ocrx_word' id='word_1_210' title='bbox 1063 2418 1121 2477; x_wconf 87' lang='lat' dir='ltr'><strong>linc</strong></span> <span class='ocrx_word' id='word_1_211' title='bbox 1143 2415 1288 2477; x_wconf 88' lang='lat' dir='ltr'><strong>habeatur</strong></span> <span class='ocrx_word' id='word_1_212' title='bbox 1310 2427 1475 2481; x_wconf 86' lang='lat' dir='ltr'><strong>accentus.</strong></span> 
     </span>
     <span class='ocr_line' id='line_1_22' title="bbox 166 2518 1512 2598; baseline 0.006 -23"><span class='ocrx_word' id='word_1_213' title='bbox 166 2534 192 2575; x_wconf 93' lang='grc' dir='ltr'><strong><em>ω</em></strong></span> <span class='ocrx_word' id='word_1_214' title='bbox 215 2523 313 2577; x_wconf 89' lang='lat' dir='ltr'><strong>autem</strong></span> <span class='ocrx_word' id='word_1_215' title='bbox 336 2518 514 2580; x_wconf 89' lang='lat' dir='ltr'><strong>naturaliter</strong></span> <span class='ocrx_word' id='word_1_216' title='bbox 537 2518 657 2597; x_wconf 91' lang='lat' dir='ltr'><strong>longum</strong></span> <span class='ocrx_word' id='word_1_217' title='bbox 680 2526 736 2580; x_wconf 92' lang='lat' dir='ltr'><strong>est.</strong></span> <span class='ocrx_word' id='word_1_218' title='bbox 779 2536 850 2595; x_wconf 87' lang='lat' dir='ltr'><strong>ergo</strong></span> <span class='ocrx_word' id='word_1_219' title='bbox 873 2536 1033 2598; x_wconf 87' lang='lat' dir='ltr'><strong>numquam</strong></span> <span class='ocrx_word' id='word_1_220' title='bbox 1055 2526 1194 2579; x_wconf 87' lang='lat' dir='ltr'><strong>accentus</strong></span> <span class='ocrx_word' id='word_1_221' title='bbox 1216 2520 1247 2578; x_wconf 91' lang='lat' dir='ltr'><strong>in</strong></span> <span class='ocrx_word' id='word_1_222' title='bbox 1270 2519 1364 2581; x_wconf 90' lang='lat' dir='ltr'><strong>buius</strong></span> <span class='ocrx_word' id='word_1_223' title='bbox 1387 2522 1512 2583; x_wconf 71' lang='lat' dir='ltr'><strong>modico</strong></span> 
     </span>
     <span class='ocr_line' id='line_1_23' title="bbox 164 2617 1145 2699; baseline 0.004 -24"><span class='ocrx_word' id='word_1_224' title='bbox 164 2617 266 2678; x_wconf 75' lang='lat' dir='ltr'><strong>verbis</strong></span> <span class='ocrx_word' id='word_1_225' title='bbox 288 2619 365 2698; x_wconf 91' lang='lat' dir='ltr'><strong>apud</strong></span> <span class='ocrx_word' id='word_1_226' title='bbox 388 2620 455 2681; x_wconf 90' lang='lat' dir='ltr'><strong>illos</strong></span> <span class='ocrx_word' id='word_1_227' title='bbox 475 2622 506 2681; x_wconf 95' lang='lat' dir='ltr'><strong>in</strong></span> <span class='ocrx_word' id='word_1_228' title='bbox 530 2622 650 2681; x_wconf 88' lang='lat' dir='ltr'><strong>tertium</strong></span> <span class='ocrx_word' id='word_1_229' title='bbox 671 2619 797 2698; x_wconf 88' lang='lat' dir='ltr'><strong>gradum</strong></span> <span class='ocrx_word' id='word_1_230' title='bbox 819 2619 998 2699; x_wconf 88' lang='lat' dir='ltr'><strong>syllabamm</strong></span> <span class='ocrx_word' id='word_1_231' title='bbox 1021 2619 1145 2681; x_wconf 89' lang='lat' dir='ltr'><strong>recedit.</strong></span> 
     </span>
    </p>

    <p class='ocr_par' dir='ltr' id='par_1_4' title="bbox 15 2719 1508 3414">
     <span class='ocr_line' id='line_1_24' title="bbox 15 2719 1475 2803; baseline 0.008 -26"><span class='ocrx_word' id='word_1_232' title='bbox 15 2729 165 2780; x_wconf 79' lang='lat' dir='ltr'>190.146V.</span> <span class='ocrx_word' id='word_1_233' title='bbox 253 2719 376 2800; x_wconf 86' lang='lat' dir='ltr'><strong>Singula</strong></span> <span class='ocrx_word' id='word_1_234' title='bbox 400 2731 534 2803; x_wconf 88' lang='lat' dir='ltr'><strong>tempora</strong></span> <span class='ocrx_word' id='word_1_235' title='bbox 557 2741 732 2801; x_wconf 86' lang='lat' dir='ltr'><strong>graecorum</strong></span> <span class='ocrx_word' id='word_1_236' title='bbox 749 2721 908 2783; x_wconf 87' lang='lat' dir='ltr'><strong>verborum</strong></span> <span class='ocrx_word' id='word_1_237' title='bbox 931 2741 990 2783; x_wconf 94' lang='lat' dir='ltr'><strong>non</strong></span> <span class='ocrx_word' id='word_1_238' title='bbox 1012 2723 1206 2802; x_wconf 89' lang='lat' dir='ltr'><strong>simpliciter,</strong></span> <span class='ocrx_word' id='word_1_239' title='bbox 1230 2724 1308 2784; x_wconf 92' lang='lat' dir='ltr'><strong>sicut</strong></span> <span class='ocrx_word' id='word_1_240' title='bbox 1332 2722 1475 2788; x_wconf 87' lang='lat' dir='ltr'><strong>latinitas</strong></span> 
     </span>
     <span class='ocr_line' id='line_1_25' title="bbox 165 2823 1473 2909; baseline 0.006 -27"><span class='ocrx_word' id='word_1_241' title='bbox 165 2823 341 2903; x_wconf 91' lang='lat' dir='ltr'><strong>compendio</strong></span> <span class='ocrx_word' id='word_1_242' title='bbox 364 2827 472 2896; x_wconf 91' lang='lat' dir='ltr'><strong>utitur,</strong></span> <span class='ocrx_word' id='word_1_243' title='bbox 496 2826 700 2906; x_wconf 83' lang='lat' dir='ltr'><strong>proteruntur.</strong></span> <span class='ocrx_word' id='word_1_244' title='bbox 746 2833 776 2886; x_wconf 91' lang='lat' dir='ltr'><strong>et</strong></span> <span class='ocrx_word' id='word_1_245' title='bbox 799 2832 830 2884; x_wconf 94' lang='lat' dir='ltr'><strong>ut</strong></span> <span class='ocrx_word' id='word_1_246' title='bbox 852 2824 978 2909; x_wconf 89' lang='lat' dir='ltr'><strong>exempli</strong></span> <span class='ocrx_word' id='word_1_247' title='bbox 1002 2842 1090 2884; x_wconf 90' lang='lat' dir='ltr'><strong>causa</strong></span> <span class='ocrx_word' id='word_1_248' title='bbox 1112 2827 1201 2884; x_wconf 92' lang='lat' dir='ltr'><strong>unius</strong></span> <span class='ocrx_word' id='word_1_249' title='bbox 1223 2823 1308 2885; x_wconf 87' lang='lat' dir='ltr'><strong>verbi</strong></span> <span class='ocrx_word' id='word_1_250' title='bbox 1333 2826 1473 2890; x_wconf 87' lang='lat' dir='ltr'><strong>declina·</strong></span> 
     </span>
     <span class='ocr_line' id='line_1_26' title="bbox 166 2920 1473 3007; baseline 0.005 -23"><span class='ocrx_word' id='word_1_251' title='bbox 166 2926 208 2984; x_wconf 93' lang='lat' dir='ltr'><strong>tio</strong></span> <span class='ocrx_word' id='word_1_252' title='bbox 230 2933 364 2996; x_wconf 89' lang='lat' dir='ltr'><strong>notetur,</strong></span> <span class='ocrx_word' id='word_1_253' title='bbox 394 2923 508 2988; x_wconf 75' lang='grc' dir='ltr'><strong><em>τύπτω</em></strong></span> <span class='ocrx_word' id='word_1_254' title='bbox 536 2928 703 3007; x_wconf 86' lang='lat' dir='ltr'><strong>perlectum</strong></span> <span class='ocrx_word' id='word_1_255' title='bbox 732 2927 804 2987; x_wconf 88' lang='lat' dir='ltr'><strong>iacit</strong></span> <span class='ocrx_word' id='word_1_256' title='bbox 825 2920 968 3006; x_wconf 81' lang='grc' dir='ltr'><strong><em>τέτυφα,</em></strong></span> <span class='ocrx_word' id='word_1_257' title='bbox 995 2933 1025 2985; x_wconf 90' lang='lat' dir='ltr'><strong>et</strong></span> <span class='ocrx_word' id='word_1_258' title='bbox 1053 2928 1190 3005; x_wconf 92' lang='lat' dir='ltr'><strong>sequitur</strong></span> <span class='ocrx_word' id='word_1_259' title='bbox 1212 2927 1305 2987; x_wconf 88' lang='lat' dir='ltr'><strong>altera</strong></span> <span class='ocrx_word' id='word_1_260' title='bbox 1328 2928 1473 2991; x_wconf 86' lang='lat' dir='ltr'><strong>eiusdem</strong></span> 
     </span>
     <span class='ocr_line' id='line_1_27' title="bbox 166 3023 1508 3111; baseline 0.006 -24"><span class='ocrx_word' id='word_1_261' title='bbox 166 3030 309 3106; x_wconf 89' lang='lat' dir='ltr'><strong>temporis</strong></span> <span class='ocrx_word' id='word_1_262' title='bbox 331 3028 505 3099; x_wconf 87' lang='lat' dir='ltr'><strong>declinatio,</strong></span> <span class='ocrx_word' id='word_1_263' title='bbox 529 3029 607 3109; x_wconf 92' lang='lat' dir='ltr'><strong>quod</strong></span> <span class='ocrx_word' id='word_1_264' title='bbox 630 3029 761 3090; x_wconf 89' lang='lat' dir='ltr'><strong>medium</strong></span> <span class='ocrx_word' id='word_1_265' title='bbox 783 3030 948 3107; x_wconf 87' lang='lat' dir='ltr'><strong>perlectum</strong></span> <span class='ocrx_word' id='word_1_266' title='bbox 971 3035 1091 3097; x_wconf 82' lang='lat' dir='ltr'><strong>vocant,</strong></span> <span class='ocrx_word' id='word_1_267' title='bbox 1114 3023 1254 3088; x_wconf 71' lang='grc' dir='ltr'><strong><em>τέταται</em></strong></span> <span class='ocrx_word' id='word_1_268' title='bbox 1283 3030 1360 3090; x_wconf 85' lang='lat' dir='ltr'><strong>item</strong></span> <span class='ocrx_word' id='word_1_269' title='bbox 1384 3031 1508 3111; x_wconf 74' lang='lat' dir='ltr'><strong>ptus-o</strong></span> 
     </span>
     <span class='ocr_line' id='line_1_28' title="bbox 165 3123 1472 3214; baseline 0.004 -25"><span class='ocrx_word' id='word_1_270' title='bbox 165 3131 419 3209; x_wconf 90' lang='lat' dir='ltr'><strong>quamperlectum</strong></span> <span class='ocrx_word' id='word_1_271' title='bbox 444 3126 635 3208; x_wconf 80' lang='grc' dir='ltr'><strong><em>ἐτετύφειυ,</em></strong></span> <span class='ocrx_word' id='word_1_272' title='bbox 658 3131 789 3191; x_wconf 89' lang='lat' dir='ltr'><strong>medium</strong></span> <span class='ocrx_word' id='word_1_273' title='bbox 812 3130 1134 3210; x_wconf 80' lang='lat' dir='ltr'><strong>plusquamperfectum</strong></span> <span class='ocrx_word' id='word_1_274' title='bbox 1156 3123 1348 3192; x_wconf 74' lang='grc' dir='ltr'><strong><em>ἐτετύττεινε</em></strong></span> <span class='ocrx_word' id='word_1_275' title='bbox 1372 3125 1472 3214; x_wconf 77' lang='grc' dir='ltr'><strong><em>οιόρί·</em></strong></span> 
     </span>
     <span class='ocr_line' id='line_1_29' title="bbox 166 3225 1472 3311; baseline 0.005 -21"><span class='ocrx_word' id='word_1_276' title='bbox 166 3243 250 3290; x_wconf 89' lang='grc' dir='ltr'><strong><em>στου</em></strong></span> <span class='ocrx_word' id='word_1_277' title='bbox 271 3229 389 3310; x_wconf 77' lang='grc' dir='ltr'><strong><em>ἔτυιγα,</em></strong></span> <span class='ocrx_word' id='word_1_278' title='bbox 412 3227 517 3311; x_wconf 82' lang='grc' dir='ltr'>μέσου</span> <span class='ocrx_word' id='word_1_279' title='bbox 539 3225 700 3311; x_wconf 81' lang='grc' dir='ltr'><strong><em>ἀορίστου</em></strong></span> <span class='ocrx_word' id='word_1_280' title='bbox 721 3230 859 3293; x_wconf 77' lang='grc' dir='ltr'><strong><em>ἔτυαονε</em></strong></span> <span class='ocrx_word' id='word_1_281' title='bbox 883 3232 1016 3293; x_wconf 86' lang='lat' dir='ltr'><strong>sutorum</strong></span> <span class='ocrx_word' id='word_1_282' title='bbox 1039 3235 1168 3311; x_wconf 87' lang='lat' dir='ltr'><strong>primum</strong></span> <span class='ocrx_word' id='word_1_283' title='bbox 1191 3228 1396 3308; x_wconf 62' lang='lat' dir='ltr'><strong>faciterium,</strong></span> <span class='ocrx_word' id='word_1_284' title='bbox 1422 3236 1472 3297; x_wconf 86' lang='lat' dir='ltr'><strong>lu·</strong></span> 
     </span>
     <span class='ocr_line' id='line_1_30' title="bbox 164 3333 1301 3414; baseline 0.002 -23"><span class='ocrx_word' id='word_1_285' title='bbox 164 3339 265 3392; x_wconf 92' lang='lat' dir='ltr'><strong>turum</strong></span> <span class='ocrx_word' id='word_1_286' title='bbox 287 3333 451 3394; x_wconf 88' lang='lat' dir='ltr'><strong>secundum</strong></span> <span class='ocrx_word' id='word_1_287' title='bbox 474 3333 578 3394; x_wconf 82' lang='grc' dir='ltr'><strong><em>τυπιό.</em></strong></span> <span class='ocrx_word' id='word_1_288' title='bbox 623 3333 766 3396; x_wconf 89' lang='lat' dir='ltr'><strong>similiter</strong></span> <span class='ocrx_word' id='word_1_289' title='bbox 787 3335 818 3393; x_wconf 93' lang='lat' dir='ltr'><strong>in</strong></span> <span class='ocrx_word' id='word_1_290' title='bbox 842 3335 960 3413; x_wconf 84' lang='lat' dir='ltr'><strong>passivo</strong></span> <span class='ocrx_word' id='word_1_291' title='bbox 981 3335 1134 3394; x_wconf 85' lang='lat' dir='ltr'><strong>variantur</strong></span> <span class='ocrx_word' id='word_1_292' title='bbox 1158 3341 1301 3414; x_wconf 88' lang='lat' dir='ltr'><strong>tempora.</strong></span> 
     </span>
    </p>

    <p class='ocr_par' dir='ltr' id='par_1_5' title="bbox 60 3433 1469 3515">
     <span class='ocr_line' id='line_1_31' title="bbox 60 3433 1469 3515; baseline 0.009 -26"><span class='ocrx_word' id='word_1_293' title='bbox 60 3442 109 3490; x_wconf 80' lang='lat' dir='ltr'><strong>too</strong></span> <span class='ocrx_word' id='word_1_294' title='bbox 122 3439 152 3493; x_wconf 87' lang='lat' dir='ltr'><strong>V.</strong></span> <span class='ocrx_word' id='word_1_295' title='bbox 251 3433 293 3494; x_wconf 80' lang='lat' dir='ltr'><strong>lle</strong></span> <span class='ocrx_word' id='word_1_296' title='bbox 320 3443 455 3514; x_wconf 88' lang='lat' dir='ltr'><strong>tempore</strong></span> <span class='ocrx_word' id='word_1_297' title='bbox 481 3438 640 3515; x_wconf 89' lang='lat' dir='ltr'><strong>praesenti.</strong></span> <span class='ocrx_word' id='word_1_298' title='bbox 686 3436 867 3497; x_wconf 86' lang='lat' dir='ltr'><strong>Graecorum</strong></span> <span class='ocrx_word' id='word_1_299' title='bbox 896 3433 984 3495; x_wconf 84' lang='lat' dir='ltr'><strong>rerba</strong></span> <span class='ocrx_word' id='word_1_300' title='bbox 1014 3438 1112 3496; x_wconf 90' lang='lat' dir='ltr'><strong>omnia</strong></span> <span class='ocrx_word' id='word_1_301' title='bbox 1139 3454 1215 3514; x_wconf 93' lang='lat' dir='ltr'><strong>quae</strong></span> <span class='ocrx_word' id='word_1_302' title='bbox 1238 3439 1270 3497; x_wconf 92' lang='lat' dir='ltr'><strong>in</strong></span> <span class='ocrx_word' id='word_1_303' title='bbox 1292 3455 1320 3497; x_wconf 91' lang='grc' dir='ltr'><strong><em>ω</em></strong></span> <span class='ocrx_word' id='word_1_304' title='bbox 1343 3449 1469 3511; x_wconf 84' lang='lat' dir='ltr'><strong>exeunt,</strong></span> 
     </span>
    </p>

    <p class='ocr_par' dir='ltr' id='par_1_6' title="bbox 142 3537 1507 4536">
     <span class='ocr_line' id='line_1_32' title="bbox 164 3537 1507 3617; baseline 0.008 -23"><span class='ocrx_word' id='word_1_305' title='bbox 164 3554 219 3595; x_wconf 90' lang='lat' dir='ltr'><strong>scu</strong></span> <span class='ocrx_word' id='word_1_306' title='bbox 246 3539 456 3617; x_wconf 87' lang='lat' dir='ltr'><strong>perispomena</strong></span> <span class='ocrx_word' id='word_1_307' title='bbox 484 3557 536 3600; x_wconf 91' lang='lat' dir='ltr'><strong>seu</strong></span> <span class='ocrx_word' id='word_1_308' title='bbox 565 3537 707 3617; x_wconf 89' lang='lat' dir='ltr'><strong>harytona</strong></span> <span class='ocrx_word' id='word_1_309' title='bbox 730 3539 803 3605; x_wconf 92' lang='lat' dir='ltr'><strong>sint,</strong></span> <span class='ocrx_word' id='word_1_310' title='bbox 834 3539 865 3598; x_wconf 93' lang='lat' dir='ltr'><strong>in</strong></span> <span class='ocrx_word' id='word_1_311' title='bbox 894 3555 1079 3617; x_wconf 89' lang='lat' dir='ltr'><strong>quacumque</strong></span> <span class='ocrx_word' id='word_1_312' title='bbox 1103 3539 1309 3616; x_wconf 89' lang='lat' dir='ltr'><strong>coniugatione</strong></span> <span class='ocrx_word' id='word_1_313' title='bbox 1333 3542 1469 3604; x_wconf 87' lang='lat' dir='ltr'><strong>eundem</strong></span> <span class='ocrx_word' id='word_1_314' title='bbox 1482 3566 1507 3605; x_wconf 80' lang='lat' dir='ltr'><strong>so</strong></span> 
     </span>
     <span class='ocr_line' id='line_1_33' title="bbox 165 3639 1469 3721; baseline 0.005 -23"><span class='ocrx_word' id='word_1_315' title='bbox 165 3646 225 3699; x_wconf 91' lang='lat' dir='ltr'><strong>tam</strong></span> <span class='ocrx_word' id='word_1_316' title='bbox 253 3639 283 3699; x_wconf 93' lang='lat' dir='ltr'><strong>in</strong></span> <span class='ocrx_word' id='word_1_317' title='bbox 312 3640 407 3718; x_wconf 88' lang='lat' dir='ltr'><strong>prima</strong></span> <span class='ocrx_word' id='word_1_318' title='bbox 436 3659 523 3720; x_wconf 93' lang='lat' dir='ltr'><strong>quam</strong></span> <span class='ocrx_word' id='word_1_319' title='bbox 553 3642 583 3701; x_wconf 91' lang='lat' dir='ltr'><strong>in</strong></span> <span class='ocrx_word' id='word_1_320' title='bbox 611 3639 741 3701; x_wconf 88' lang='lat' dir='ltr'><strong>secunda</strong></span> <span class='ocrx_word' id='word_1_321' title='bbox 774 3657 901 3717; x_wconf 85' lang='lat' dir='ltr'><strong>persona</strong></span> <span class='ocrx_word' id='word_1_322' title='bbox 936 3647 1054 3701; x_wconf 89' lang='lat' dir='ltr'><strong>servant</strong></span> <span class='ocrx_word' id='word_1_323' title='bbox 1085 3658 1242 3702; x_wconf 90' lang='lat' dir='ltr'><strong>numerum</strong></span> <span class='ocrx_word' id='word_1_324' title='bbox 1269 3641 1469 3721; x_wconf 74' lang='lat' dir='ltr'><strong>syllabarum.</strong></span> 
     </span>
     <span class='ocr_line' id='line_1_34' title="bbox 164 3740 1468 3822; baseline 0.005 -22"><span class='ocrx_word' id='word_1_325' title='bbox 164 3742 264 3800; x_wconf 90' lang='lat' dir='ltr'><strong>omnia</strong></span> <span class='ocrx_word' id='word_1_326' title='bbox 291 3758 363 3801; x_wconf 80' lang='lat' dir='ltr'><strong>vero</strong></span> <span class='ocrx_word' id='word_1_327' title='bbox 392 3744 421 3802; x_wconf 95' lang='lat' dir='ltr'><strong>in</strong></span> <span class='ocrx_word' id='word_1_328' title='bbox 450 3762 509 3822; x_wconf 88' lang='grc' dir='ltr'><strong>μαι</strong></span> <span class='ocrx_word' id='word_1_329' title='bbox 537 3744 693 3803; x_wconf 90' lang='lat' dir='ltr'><strong>terminata</strong></span> <span class='ocrx_word' id='word_1_330' title='bbox 723 3742 803 3800; x_wconf 88' lang='lat' dir='ltr'><strong>varia</strong></span> <span class='ocrx_word' id='word_1_331' title='bbox 831 3740 1012 3820; x_wconf 86' lang='lat' dir='ltr'><strong>syllabarum</strong></span> <span class='ocrx_word' id='word_1_332' title='bbox 1046 3743 1252 3803; x_wconf 87' lang='lat' dir='ltr'><strong>vicissitudine</strong></span> <span class='ocrx_word' id='word_1_333' title='bbox 1285 3755 1468 3822; x_wconf 87' lang='lat' dir='ltr'><strong>pensantur.</strong></span> 
     </span>
     <span class='ocr_line' id='line_1_35' title="bbox 165 3842 1468 3924; baseline 0.009 -24"><span class='ocrx_word' id='word_1_334' title='bbox 165 3860 256 3920; x_wconf 91' lang='lat' dir='ltr'><strong>porro</strong></span> <span class='ocrx_word' id='word_1_335' title='bbox 284 3861 427 3921; x_wconf 88' lang='lat' dir='ltr'><strong>praesens</strong></span> <span class='ocrx_word' id='word_1_336' title='bbox 455 3863 541 3905; x_wconf 88' lang='lat' dir='ltr'><strong>omno</strong></span> <span class='ocrx_word' id='word_1_337' title='bbox 571 3852 686 3924; x_wconf 89' lang='lat' dir='ltr'><strong>tempus</strong></span> <span class='ocrx_word' id='word_1_338' title='bbox 708 3842 787 3922; x_wconf 94' lang='lat' dir='ltr'><strong>quod</strong></span> <span class='ocrx_word' id='word_1_339' title='bbox 811 3844 842 3903; x_wconf 93' lang='lat' dir='ltr'><strong>in</strong></span> <span class='ocrx_word' id='word_1_340' title='bbox 863 3863 922 3923; x_wconf 90' lang='grc' dir='ltr'><strong>μαι</strong></span> <span class='ocrx_word' id='word_1_341' title='bbox 944 3847 1125 3905; x_wconf 86' lang='lat' dir='ltr'><strong>terminatur</strong></span> <span class='ocrx_word' id='word_1_342' title='bbox 1147 3846 1226 3907; x_wconf 92' lang='lat' dir='ltr'><strong>omni</strong></span> <span class='ocrx_word' id='word_1_343' title='bbox 1249 3845 1338 3906; x_wconf 92' lang='lat' dir='ltr'><strong>modo</strong></span> <span class='ocrx_word' id='word_1_344' title='bbox 1360 3848 1395 3909; x_wconf 90' lang='lat' dir='ltr'><strong>in</strong></span> <span class='ocrx_word' id='word_1_345' title='bbox 1418 3868 1468 3911; x_wconf 91' lang='lat' dir='ltr'><strong>sc·</strong></span> 
     </span>
     <span class='ocr_line' id='line_1_36' title="bbox 165 3943 1467 4032; baseline 0.007 -31"><span class='ocrx_word' id='word_1_346' title='bbox 165 3943 260 4004; x_wconf 90' lang='lat' dir='ltr'><strong>cunda</strong></span> <span class='ocrx_word' id='word_1_347' title='bbox 289 3963 417 4024; x_wconf 91' lang='lat' dir='ltr'><strong>persona</strong></span> <span class='ocrx_word' id='word_1_348' title='bbox 451 3964 538 4006; x_wconf 90' lang='lat' dir='ltr'><strong>unam</strong></span> <span class='ocrx_word' id='word_1_349' title='bbox 566 3945 708 4025; x_wconf 87' lang='lat' dir='ltr'><strong>syllabam</strong></span> <span class='ocrx_word' id='word_1_350' title='bbox 734 3947 856 4016; x_wconf 91' lang='lat' dir='ltr'><strong>minuit,</strong></span> <span class='ocrx_word' id='word_1_351' title='bbox 881 3945 1045 4026; x_wconf 76' lang='grc' dir='ltr'><strong><em>φιλοῦμαι</em></strong></span> <span class='ocrx_word' id='word_1_352' title='bbox 1067 3946 1168 4028; x_wconf 77' lang='grc' dir='ltr'><strong><em>φιλῇ,</em></strong></span> <span class='ocrx_word' id='word_1_353' title='bbox 1196 3945 1340 4027; x_wconf 80' lang='grc' dir='ltr'><strong><em>τιμῶμαι</em></strong></span> <span class='ocrx_word' id='word_1_354' title='bbox 1367 3950 1467 4032; x_wconf 78' lang='grc' dir='ltr'><strong><em>τιμᾷ,</em></strong></span> 
     </span>
     <span class='ocr_line' id='line_1_37' title="bbox 165 4042 1506 4129; baseline 0.01 -25"><span class='ocrx_word' id='word_1_355' title='bbox 165 4045 398 4126; x_wconf 80' lang='grc' dir='ltr'><strong><em>στεφανοῦμαι</em></strong></span> <span class='ocrx_word' id='word_1_356' title='bbox 420 4053 594 4128; x_wconf 80' lang='grc' dir='ltr'><strong><em>στεφανοῖ,</em></strong></span> <span class='ocrx_word' id='word_1_357' title='bbox 618 4044 755 4128; x_wconf 79' lang='grc' dir='ltr'><strong><em>λέγομαι</em></strong></span> <span class='ocrx_word' id='word_1_358' title='bbox 778 4042 870 4127; x_wconf 78' lang='grc' dir='ltr'><strong><em>λέγῃ,</em></strong></span> <span class='ocrx_word' id='word_1_359' title='bbox 893 4044 1067 4128; x_wconf 78' lang='grc' dir='ltr'><strong><em>γράφομαι</em></strong></span> <span class='ocrx_word' id='word_1_360' title='bbox 1081 4042 1209 4129; x_wconf 77' lang='grc' dir='ltr'><strong><em>γράφῃ,</em></strong></span> <span class='ocrx_word' id='word_1_361' title='bbox 1232 4051 1348 4110; x_wconf 89' lang='lat' dir='ltr'><strong>cumin</strong></span> <span class='ocrx_word' id='word_1_362' title='bbox 1365 4055 1506 4117; x_wconf 66' lang='lat' dir='ltr'><strong>activos</strong></span> 
     </span>
     <span class='ocr_line' id='line_1_38' title="bbox 163 4146 1469 4232; baseline 0.009 -26"><span class='ocrx_word' id='word_1_363' title='bbox 163 4165 250 4226; x_wconf 89' lang='lat' dir='ltr'><strong>pares</strong></span> <span class='ocrx_word' id='word_1_364' title='bbox 278 4146 404 4226; x_wconf 84' lang='lat' dir='ltr'><strong>syllabas</strong></span> <span class='ocrx_word' id='word_1_365' title='bbox 432 4157 556 4228; x_wconf 89' lang='lat' dir='ltr'><strong>utraque</strong></span> <span class='ocrx_word' id='word_1_366' title='bbox 584 4167 711 4228; x_wconf 91' lang='lat' dir='ltr'><strong>persona</strong></span> <span class='ocrx_word' id='word_1_367' title='bbox 739 4152 910 4210; x_wconf 86' lang='lat' dir='ltr'><strong>servaverit.</strong></span> <span class='ocrx_word' id='word_1_368' title='bbox 956 4153 1025 4211; x_wconf 89' lang='lat' dir='ltr'><strong>item</strong></span> <span class='ocrx_word' id='word_1_369' title='bbox 1055 4149 1131 4228; x_wconf 90' lang='lat' dir='ltr'><strong>apud</strong></span> <span class='ocrx_word' id='word_1_370' title='bbox 1161 4149 1290 4210; x_wconf 88' lang='lat' dir='ltr'><strong>Graecos</strong></span> <span class='ocrx_word' id='word_1_371' title='bbox 1317 4170 1469 4232; x_wconf 84' lang='lat' dir='ltr'><strong>praesens</strong></span> 
     </span>
     <span class='ocr_line' id='line_1_39' title="bbox 163 4250 1468 4331; baseline 0.007 -23"><span class='ocrx_word' id='word_1_372' title='bbox 163 4256 280 4329; x_wconf 89' lang='lat' dir='ltr'><strong>tempus</strong></span> <span class='ocrx_word' id='word_1_373' title='bbox 307 4252 421 4330; x_wconf 87' lang='lat' dir='ltr'><strong>primae</strong></span> <span class='ocrx_word' id='word_1_374' title='bbox 450 4252 618 4330; x_wconf 89' lang='lat' dir='ltr'><strong>positionis,</strong></span> <span class='ocrx_word' id='word_1_375' title='bbox 648 4251 726 4330; x_wconf 94' lang='lat' dir='ltr'><strong>quod</strong></span> <span class='ocrx_word' id='word_1_376' title='bbox 755 4253 785 4311; x_wconf 95' lang='lat' dir='ltr'><strong>in</strong></span> <span class='ocrx_word' id='word_1_377' title='bbox 815 4271 841 4311; x_wconf 89' lang='grc' dir='ltr'><strong><em>ω</em></strong></span> <span class='ocrx_word' id='word_1_378' title='bbox 870 4254 944 4321; x_wconf 87' lang='lat' dir='ltr'><strong>exit,</strong></span> <span class='ocrx_word' id='word_1_379' title='bbox 973 4250 1047 4313; x_wconf 88' lang='lat' dir='ltr'><strong>alios</strong></span> <span class='ocrx_word' id='word_1_380' title='bbox 1074 4251 1177 4312; x_wconf 80' lang='lat' dir='ltr'><strong>rhodos</strong></span> <span class='ocrx_word' id='word_1_381' title='bbox 1204 4251 1241 4311; x_wconf 91' lang='lat' dir='ltr'><strong>de</strong></span> <span class='ocrx_word' id='word_1_382' title='bbox 1269 4270 1301 4312; x_wconf 90' lang='lat' dir='ltr'><strong>se</strong></span> <span class='ocrx_word' id='word_1_383' title='bbox 1323 4266 1468 4331; x_wconf 81' lang='lat' dir='ltr'><strong>generat.</strong></span> 
     </span>
     <span class='ocr_line' id='line_1_40' title="bbox 142 4352 1466 4433; baseline 0.009 -23"><span class='ocrx_word' id='word_1_384' title='bbox 142 4370 230 4412; x_wconf 85' lang='lat' dir='ltr'><strong>nam</strong></span> <span class='ocrx_word' id='word_1_385' title='bbox 258 4354 345 4413; x_wconf 84' lang='lat' dir='ltr'><strong>tertia</strong></span> <span class='ocrx_word' id='word_1_386' title='bbox 374 4372 501 4433; x_wconf 89' lang='lat' dir='ltr'><strong>persona</strong></span> <span class='ocrx_word' id='word_1_387' title='bbox 529 4356 594 4415; x_wconf 87' lang='lat' dir='ltr'><strong>eius</strong></span> <span class='ocrx_word' id='word_1_388' title='bbox 625 4353 759 4414; x_wconf 89' lang='lat' dir='ltr'><strong>adhibito</strong></span> <span class='ocrx_word' id='word_1_389' title='bbox 786 4352 845 4413; x_wconf 86' lang='lat' dir='ltr'><strong>sihi</strong></span> <span class='ocrx_word' id='word_1_390' title='bbox 873 4373 895 4414; x_wconf 89' lang='grc' dir='ltr'><strong><em>υ</em></strong></span> <span class='ocrx_word' id='word_1_391' title='bbox 920 4354 991 4415; x_wconf 87' lang='lat' dir='ltr'><strong>lacit</strong></span> <span class='ocrx_word' id='word_1_392' title='bbox 1013 4374 1049 4415; x_wconf 83' lang='lat' dir='ltr'><strong>cx</strong></span> <span class='ocrx_word' id='word_1_393' title='bbox 1072 4373 1102 4413; x_wconf 90' lang='lat' dir='ltr'><strong>se</strong></span> <span class='ocrx_word' id='word_1_394' title='bbox 1126 4354 1305 4414; x_wconf 82' lang='lat' dir='ltr'><strong>infinitivum</strong></span> <span class='ocrx_word' id='word_1_395' title='bbox 1327 4357 1466 4431; x_wconf 85' lang='lat' dir='ltr'><strong>modum,</strong></span> 
     </span>
     <span class='ocr_line' id='line_1_41' title="bbox 163 4455 1468 4536; baseline 0.009 -24"><span class='ocrx_word' id='word_1_396' title='bbox 163 4460 397 4532; x_wconf 66' lang='lat' dir='ltr'><strong>cunctatorem,</strong></span> <span class='ocrx_word' id='word_1_397' title='bbox 420 4455 498 4536; x_wconf 85' lang='grc' dir='ltr'><strong><em>τιμᾷ</em></strong></span> <span class='ocrx_word' id='word_1_398' title='bbox 520 4455 631 4535; x_wconf 82' lang='grc' dir='ltr'><strong><em>τιμᾷυ,</em></strong></span> <span class='ocrx_word' id='word_1_399' title='bbox 655 4460 778 4533; x_wconf 79' lang='grc' dir='ltr'><strong><em>χρυσοῖ</em></strong></span> <span class='ocrx_word' id='word_1_400' title='bbox 796 4455 962 4534; x_wconf 67' lang='lat' dir='ltr'><strong>ypodorio:</strong></span> <span class='ocrx_word' id='word_1_401' title='bbox 992 4459 1079 4517; x_wconf 91' lang='lat' dir='ltr'><strong>tertia</strong></span> <span class='ocrx_word' id='word_1_402' title='bbox 1103 4458 1183 4517; x_wconf 84' lang='lat' dir='ltr'><strong>eninr</strong></span> <span class='ocrx_word' id='word_1_403' title='bbox 1205 4456 1380 4534; x_wconf 90' lang='lat' dir='ltr'><strong>coniugatio</strong></span> <span class='ocrx_word' id='word_1_404' title='bbox 1403 4478 1468 4524; x_wconf 76' lang='lat' dir='ltr'><strong>aee·</strong></span> 
     </span>
    </p>
   </div>
   <div class='ocr_carea' id='block_1_4' title="bbox 167 4590 466 4599">
    <p class='ocr_par' dir='ltr' id='par_1_7' title="bbox 167 4590 466 4599">
     <span class='ocr_line' id='line_1_42' title="bbox 167 4590 466 4599; baseline 0.01 -3"><span class='ocrx_word' id='word_1_405' title='bbox 167 4590 352 4597; x_wconf 82' lang='lat'><strong>-——--..</strong></span> <span class='ocrx_word' id='word_1_406' title='bbox 405 4592 466 4599; x_wconf 71' lang='grc' dir='ltr'><strong>-ι</strong></span> 
     </span>
    </p>
   </div>
   <div class='ocr_carea' id='block_1_5' title="bbox 161 4657 1470 4935">
    <p class='ocr_par' dir='ltr' id='par_1_8' title="bbox 161 4657 1470 4935">
     <span class='ocr_line' id='line_1_43' title="bbox 245 4657 1470 4727; baseline 0.004 -19"><span class='ocrx_word' id='word_1_407' title='bbox 245 4658 502 4727; x_wconf 82' lang='lat' dir='ltr'><strong>²deprehendentur</strong></span> <span class='ocrx_word' id='word_1_408' title='bbox 521 4661 545 4710; x_wconf 87' lang='lat' dir='ltr'><em>B</em></span> <span class='ocrx_word' id='word_1_409' title='bbox 631 4657 698 4726; x_wconf 60' lang='lat' dir='ltr'><strong>Uo</strong></span> <span class='ocrx_word' id='word_1_410' title='bbox 717 4668 760 4708; x_wconf 89' lang='lat' dir='ltr'><strong>aut</strong></span> <span class='ocrx_word' id='word_1_411' title='bbox 778 4660 828 4711; x_wconf 90' lang='lat' dir='ltr'><strong>duo</strong></span> <span class='ocrx_word' id='word_1_412' title='bbox 847 4672 880 4711; x_wconf 84' lang='grc' dir='ltr'><strong>σσ</strong></span> <span class='ocrx_word' id='word_1_413' title='bbox 896 4659 921 4708; x_wconf 99' lang='grc' dir='ltr'><em>Ρ</em></span> <span class='ocrx_word' id='word_1_414' title='bbox 938 4658 1061 4723; x_wconf 62' lang='lat' dir='ltr'><strong>{paeone</strong></span> <span class='ocrx_word' id='word_1_415' title='bbox 1078 4659 1104 4709; x_wconf 92' lang='lat' dir='ltr'><em>B</em></span> <span class='ocrx_word' id='word_1_416' title='bbox 1185 4659 1315 4710; x_wconf 66' lang='lat' dir='ltr'><strong>Scotto</strong></span> <span class='ocrx_word' id='word_1_417' title='bbox 1334 4660 1361 4711; x_wconf 87' lang='lat' dir='ltr'><em>B</em></span> <span class='ocrx_word' id='word_1_418' title='bbox 1380 4667 1470 4719; x_wconf 65' lang='lat' dir='ltr'><strong>netu</strong></span> 
     </span>
     <span class='ocr_line' id='line_1_44' title="bbox 161 4723 1470 4803; baseline 0.006 -27"><span class='ocrx_word' id='word_1_419' title='bbox 161 4732 336 4791; x_wconf 79' lang='lat' dir='ltr'><strong>superscripto</strong></span> <span class='ocrx_word' id='word_1_420' title='bbox 351 4730 434 4780; x_wconf 90' lang='lat' dir='ltr'><strong>uendo</strong></span> <span class='ocrx_word' id='word_1_421' title='bbox 453 4723 621 4794; x_wconf 76' lang='lat' dir='ltr'><strong>dettop</strong></span> <span class='ocrx_word' id='word_1_422' title='bbox 694 4727 725 4779; x_wconf 83' lang='lat'><strong>12</strong></span> <span class='ocrx_word' id='word_1_423' title='bbox 742 4731 879 4796; x_wconf 83' lang='lat' dir='ltr'><strong>granisque</strong></span> <span class='ocrx_word' id='word_1_424' title='bbox 893 4729 919 4777; x_wconf 84' lang='lat' dir='ltr'><strong>n</strong></span> <span class='ocrx_word' id='word_1_425' title='bbox 988 4729 1022 4778; x_wconf 82' lang='lat'><strong>20</strong></span> <span class='ocrx_word' id='word_1_426' title='bbox 1040 4730 1115 4794; x_wconf 84' lang='lat' dir='ltr'><strong>longo</strong></span> <span class='ocrx_word' id='word_1_427' title='bbox 1134 4745 1203 4781; x_wconf 71' lang='lat' dir='ltr'><strong>corr.</strong></span> <span class='ocrx_word' id='word_1_428' title='bbox 1223 4731 1329 4794; x_wconf 83' lang='lat' dir='ltr'><strong>longum</strong></span> <span class='ocrx_word' id='word_1_429' title='bbox 1343 4733 1370 4783; x_wconf 87' lang='lat' dir='ltr'><em>B</em></span> <span class='ocrx_word' id='word_1_430' title='bbox 1386 4734 1470 4803; x_wconf 81' lang='lat' dir='ltr'><strong>longa</strong></span> 
     </span>
     <span class='ocr_line' id='line_1_45' title="bbox 162 4799 1468 4873; baseline 0.005 -26"><span class='ocrx_word' id='word_1_431' title='bbox 162 4799 185 4847; x_wconf 86' lang='lat' dir='ltr'><em>P</em></span> <span class='ocrx_word' id='word_1_432' title='bbox 254 4800 288 4850; x_wconf 79' lang='lat'><strong>34</strong></span> <span class='ocrx_word' id='word_1_433' title='bbox 312 4802 491 4864; x_wconf 66' lang='lat' dir='ltr'><strong>reponitur?</strong></span> <span class='ocrx_word' id='word_1_434' title='bbox 563 4799 596 4849; x_wconf 81' lang='lat' dir='ltr'><strong>:td</strong></span> <span class='ocrx_word' id='word_1_435' title='bbox 619 4813 764 4865; x_wconf 79' lang='lat' dir='ltr'><strong>personap</strong></span> <span class='ocrx_word' id='word_1_436' title='bbox 787 4814 911 4865; x_wconf 83' lang='lat' dir='ltr'><strong>personne</strong></span> <span class='ocrx_word' id='word_1_437' title='bbox 932 4799 955 4847; x_wconf 91' lang='grc' dir='ltr'><em>Ρ</em></span> <span class='ocrx_word' id='word_1_438' title='bbox 1037 4799 1096 4848; x_wconf 77' lang='lat' dir='ltr'><strong>item</strong></span> <span class='ocrx_word' id='word_1_439' title='bbox 1121 4814 1240 4864; x_wconf 82' lang='lat' dir='ltr'><strong>praeseus</strong></span> <span class='ocrx_word' id='word_1_440' title='bbox 1263 4809 1368 4868; x_wconf 76' lang='lat' dir='ltr'><strong>tenipus</strong></span> <span class='ocrx_word' id='word_1_441' title='bbox 1395 4806 1468 4873; x_wconf 81' lang='lat' dir='ltr'><strong>apud</strong></span> 
     </span>
     <span class='ocr_line' id='line_1_46' title="bbox 161 4868 886 4935; baseline 0.006 -20"><span class='ocrx_word' id='word_1_442' title='bbox 161 4883 251 4932; x_wconf 78' lang='lat' dir='ltr'><strong>grecos</strong></span> <span class='ocrx_word' id='word_1_443' title='bbox 270 4869 367 4934; x_wconf 74' lang='lat' dir='ltr'><strong>primm²</strong></span> <span class='ocrx_word' id='word_1_444' title='bbox 385 4871 408 4917; x_wconf 88' lang='grc' dir='ltr'><em>Ρ</em></span> <span class='ocrx_word' id='word_1_445' title='bbox 475 4868 510 4921; x_wconf 82' lang='grc'><strong>39</strong></span> <span class='ocrx_word' id='word_1_446' title='bbox 523 4871 627 4935; x_wconf 66' lang='grc' dir='ltr'><strong><em>χρυσοῖ</em></strong></span> <span class='ocrx_word' id='word_1_447' title='bbox 643 4869 720 4917; x_wconf 84' lang='lat' dir='ltr'><strong>Inrrua</strong></span> <span class='ocrx_word' id='word_1_448' title='bbox 739 4884 843 4934; x_wconf 77' lang='grc' dir='ltr'><strong><em>χρυσου</em></strong></span> <span class='ocrx_word' id='word_1_449' title='bbox 862 4871 886 4918; x_wconf 87' lang='grc' dir='ltr'><em>Ρ</em></span> 
     </span>
    </p>
   </div>
   <div class='ocr_carea' id='block_1_6' title="bbox 0 0 1678 5498">
    <p class='ocr_par' dir='ltr' id='par_1_9' title="bbox 0 0 1678 5498">
     <span class='ocr_line' id='line_1_47' title="bbox 0 0 1678 5498; baseline 0 1"><span class='ocrx_word' id='word_1_450' title='bbox 0 0 1678 5498; x_wconf 95' lang='lat' dir='ltr'><strong> </strong></span> 
     </span>
    </p>
   </div>
  </div>
 </body>
</html>
