3346 5498
673 364 906 428 CObllllENTVbl
1368 365 1426 430 121

1257 489 1277 528 p.
1292 477 1367 517 55-57
1381 474 1402 517 L

137 553 254 634 syllaba
275 555 355 614 arsin
377 553 481 625 babet,
506 553 634 615 secunda
656 552 767 633 syllaba
790 552 897 614 thesin.
943 553 1013 631 quid
1041 556 1065 614 si
1088 561 1227 632 quattuor
1249 556 1458 644 syllabarum·

136 658 252 719 luerit?
276 656 350 716 duae
374 664 460 717 erunt
480 659 511 716 in
535 658 592 715 arsi
616 664 644 716 et
666 656 741 716 duae
763 658 793 714 in
817 656 899 715 thesi.
932 657 1002 736 quid
1025 658 1050 716 si
1072 658 1156 717 octo?
1179 665 1316 737 quattuor
1338 659 1429 719 habet

137 762 217 821 arsis
240 767 270 820 et
292 766 429 837 quatmor
451 758 553 819 thesis.
599 758 668 836 quid
697 760 722 818 si
744 767 804 818 tres
827 766 907 828 suut,
937 759 965 818 id
994 767 1037 819 cst
1065 756 1136 839 quid
1159 761 1185 819 si
1207 762 1302 839 impar
1325 780 1427 822 uume-

137 864 211 922 rus?
238 863 263 921 si
291 863 387 941 impar
416 879 557 921 uumerus
585 861 687 929 fuerit,
718 862 856 937 quotiens
884 860 981 921 media
1008 860 1118 941 syllaba
1147 872 1298 922 accentum
1328 861 1426 933 babet,

109 966 217 1026 sarsis
239 963 360 1024 babebit
380 980 470 1024 uuum
494 972 609 1043 tempus
631 971 661 1024 et
682 963 775 1023 thesis
798 963 873 1032 duo;
898 965 1034 1039 quotiens
1056 964 1139 1042 prior
1160 962 1269 1042 syllaba
1292 964 1428 1025 babuerit

139 1073 294 1135 aceutum,
323 1067 398 1126 arsis
425 1063 547 1126 habebit
573 1065 631 1125 duo
660 1072 792 1144 tempora
820 1073 849 1125 et
876 1065 967 1125 thesis
996 1085 1095 1126 unum.
1139 1074 1173 1125 ut
1198 1075 1266 1145 puta
1290 1065 1428 1128 Camillus

139 1166 260 1247 quando
294 1166 433 1235 dicimus,
470 1185 539 1227 ecce
572 1167 668 1227 media
701 1166 811 1246 syllaba
845 1178 999 1227 accentum
1029 1167 1131 1227 babet:
1167 1168 1290 1227 dicimus
1316 1169 1346 1227 iu
1369 1169 1427 1227 arsi

138 1289 233 1331 unum
258 1276 287 1330 et
307 1273 339 1329 io
360 1269 437 1329 thesi
460 1268 527 1329 duo.
571 1267 713 1330 Romulus
735 1268 851 1348 mando
874 1269 1006 1338 dicimus,
1030 1272 1125 1348 prima
1148 1267 1255 1348 syllaba
1277 1268 1366 1329 babet
1381 1288 1428 1329 ae-

139 1380 275 1434 centum:
321 1371 446 1431 dicimus
474 1370 531 1430 duo
558 1372 590 1431 in
618 1372 691 1440 arsi,
722 1389 813 1431 unum
840 1372 871 1431 iu
900 1371 986 1432 thesi.
1031 1389 1102 1448 ergo
1129 1372 1160 1430 in
1187 1373 1265 1440 istis,
1295 1371 1345 1431 ubi
1369 1389 1428 1431 non

99 1497 127 1536 io
141 1483 213 1536 sunt
236 1473 372 1554 aequales
394 1471 537 1551 syllabae,
566 1472 683 1552 quando
712 1471 818 1533 debeat
840 1475 915 1533 arsis
944 1472 1002 1533 duo
1030 1472 1140 1534 babere
1164 1481 1312 1552 tempora,
1336 1492 1428 1533 rrnum

139 1577 248 1646 thesis,
272 1575 316 1636 rel
338 1575 456 1654 quaudo
478 1594 569 1635 unum
593 1577 665 1635 arsis
687 1584 716 1635 et
738 1574 797 1634 duo
819 1573 926 1644 tbcsis,
951 1593 985 1635 ex
1008 1582 1130 1636 accentu
1154 1575 1275 1653 colligis.
1315 1595 1382 1636 uam
1405 1578 1430 1636 si

140 1677 240 1739 media
263 1676 372 1757 syllaba
395 1686 547 1738 accentum
570 1676 717 1745 babuerit,
741 1676 861 1737 ultimae
883 1675 1010 1755 syllabae
1027 1680 1123 1755 iungis
1138 1676 1221 1756 plura
1238 1685 1381 1758 tempora,
1399 1686 1431 1738 ut

140 1781 216 1841 arsis
238 1779 345 1840 babeat
367 1797 472 1848 riuum,
497 1779 588 1839 thesis
611 1779 685 1849 due;
714 1781 740 1840 si
768 1781 850 1858 prior
877 1777 985 1857 syllaba
1015 1779 1151 1840 babuerit
1173 1790 1343 1853 accentum,
1370 1783 1428 1841 arsi

140 1884 241 1960 iungis
263 1881 349 1961 plura
372 1890 514 1961 tempora.

98 2005 126 2047 15
226 1984 374 2045 Numerus
396 1983 587 2062 syllabarum:
611 1991 643 2044 ut
665 1985 740 2045 scias
762 2001 839 2044 uuus
862 1986 987 2063 quisque
1009 2001 1062 2061 pes
1085 1991 1156 2063 quot
1171 1983 1279 2045 babeat
1294 1984 1428 2066 syllabas,

140 2087 214 2147 duas
236 2095 298 2147 tres
321 2092 459 2163 quattuor
482 2088 610 2166 quinque
633 2104 692 2145 sex.
736 2085 803 2165 plus
831 2103 889 2145 nou
913 2085 1020 2156 babes,
1050 2087 1107 2146 boc
1136 2095 1297 2167 estusque
1320 2089 1356 2149 ad
1379 2108 1430 2150 sex

140 2189 267 2271 syllabas
290 2187 452 2248 ascendunt
473 2188 575 2268 pedes.
600 2186 605 2270 Ι

225 2291 374 2370 Tempus:
396 2298 429 2350 ut
449 2293 538 2359 scias,
562 2308 640 2351 unus
662 2292 785 2370 quisque
808 2309 860 2370 pes
882 2297 954 2369 quot
975 2290 1082 2351 habeat
1104 2298 1247 2370 tempora.
1278 2299 1345 2371 puta
1361 2312 1430 2373 pyr·

140 2394 256 2455 richius
277 2392 336 2452 duo
364 2377 453 2453 babet
481 2402 623 2472 tempora.
668 2394 793 2453 diximus
821 2394 900 2453 enim
929 2392 1007 2469 quod
1036 2412 1093 2453 una
1121 2392 1229 2472 syllaba
1258 2394 1431 2455 naturaliter

97 2517 126 2557 ao
140 2497 240 2558 breris
262 2513 353 2556 uuum
378 2503 494 2575 tempus
515 2494 620 2564 babet,
643 2492 752 2575 syllaba
776 2513 846 2555 vero
868 2494 912 2554 vel
936 2494 1107 2555 naturaliter
1122 2495 1209 2573 longa
1227 2496 1270 2555 vel
1286 2499 1430 2575 positione

139 2599 230 2677 longa
253 2597 313 2658 duo
335 2595 425 2658 babet
447 2604 589 2678 tempora.
622 2615 692 2675 ergo
715 2597 894 2676 pyrrichius,
919 2599 1057 2675 quoniam
1081 2596 1182 2658 ambas
1205 2598 1309 2659 breves
1332 2598 1430 2670 babet,

139 2702 202 2762 duo
225 2699 315 2760 babet
336 2707 478 2779 tempora.
524 2699 668 2778 dactylus,
693 2700 832 2776 quoniam
855 2707 915 2759 tres
937 2699 1036 2769 babet,
1061 2719 1149 2760 uuam
1172 2700 1289 2778 longam
1314 2708 1343 2761 et
1358 2701 1431 2763 duas

137 2803 263 2872 breves,
288 2810 425 2880 quattuor
447 2801 536 2862 babet
558 2810 702 2881 tempora.

226 2905 314 2966 blodo
336 2903 531 2964 resolutiones
554 2903 644 2964 debes
660 2903 901 2964 animadvertere.
932 2903 1075 2964 resolutio
1098 2913 1149 2974 est,
1174 2906 1243 2984 quia
1259 2904 1329 2965 licet
1344 2905 1500 2976 nobisma,
1518 2918 1548 2964 13

95 3028 125 3070 25
139 3027 197 3088 pro
220 3007 336 3069 duabus
358 3005 453 3084 longis
476 3013 613 3085 quattuor
636 3005 742 3066 breves
764 3024 875 3085 ponere
899 3013 949 3067 aut
970 3026 1024 3086 pro
1047 3025 1105 3066 uua
1128 3005 1213 3084 longa
1237 3007 1310 3067 duas
1325 3007 1430 3069 breves

138 3129 263 3191 ponere.
310 3116 378 3188 puta
401 3108 549 3188 spondeus
573 3110 668 3169 estin
691 3109 813 3169 heroico
836 3118 945 3177 metro;
968 3128 1025 3188 pro
1047 3108 1179 3188 spondeo
1201 3108 1271 3168 lieet
1285 3109 1356 3169 mibi
1378 3130 1430 3189 po·

139 3231 216 3273 nere
238 3212 528 3292 proceleumaticum.
574 3213 682 3290 quare?
711 3209 850 3271 resolutio
875 3212 953 3270 enim
976 3211 1101 3271 duarum
1124 3209 1278 3287 longarum
1301 3211 1429 3287 singula·

139 3334 207 3376 rum
231 3314 302 3374 lacit
323 3314 611 3393 proceleumaticum.
657 3313 731 3373 baec
754 3315 832 3373 enim
857 3312 998 3372 resolutio
1022 3322 1078 3372 est:
1108 3321 1140 3372 ut
1169 3313 1193 3372 si
1216 3313 1362 3390 spondeus
1386 3322 1431 3372 est

140 3426 171 3477 et
198 3418 382 3495 superiorem
411 3416 535 3496 spondei
563 3414 702 3493 syllabam
738 3415 847 3484 solcas,
884 3422 912 3473 et
944 3415 1042 3474 fecisti
1069 3423 1276 3493 arrapaestum;
1306 3417 1376 3475 item
1406 3417 1430 3475 si

96 3539 125 3580 aa
140 3518 268 3598 spondei
291 3520 486 3597 posteriorem
509 3517 658 3598 syllabam,
673 3517 781 3592 solvas,
807 3525 836 3577 ct
858 3518 953 3576 iecisti
977 3516 1134 3595 dactylum.
1173 3533 1244 3593 ergo
1266 3516 1346 3577 solve
1368 3520 1429 3597 pri-

140 3640 239 3689 orem,
271 3628 300 3679 et
321 3619 418 3679 fecisti
446 3627 636 3699 anapaestum
667 3629 805 3681 manente
829 3617 938 3698 syllaba
966 3620 1146 3697 posteriore;
1176 3617 1256 3679 solve
1283 3622 1428 3698 posterio-

140 3742 221 3791 rem,
246 3730 275 3782 et
297 3722 393 3782 fecisti
416 3721 560 3801 dactylum
584 3729 722 3782 manente
749 3722 859 3802 syllaba
882 3723 997 3800 priore;
1027 3718 1106 3781 solve
1129 3721 1245 3790 ambas,
1276 3729 1305 3780 et
1333 3722 1427 3782 iecisti

139 3822 431 3904 proceleumaticum.
491 3831 521 3883 ul
556 3834 628 3904 puta
661 3824 810 3884 videamus
845 3822 992 3902 exempla:
1027 3822 1079 3883 ubi
1111 3821 1233 3882 solvitur
1270 3825 1427 3901 posterior,

140 3933 260 3987 ‘arma
283 3928 476 4002 virumque
498 3932 617 3996 eano,’
642 3946 722 3987 arma
745 3927 772 3984 vi
796 3925 927 4006 dactylus
951 3934 994 3985 est
1016 3943 1071 4004 pro
1094 3923 1241 4003 spondeo:
1268 3923 1317 3984 ubi
1341 3926 1429 3986 solvi-

98 4038 190 4093 mtur
212 4028 310 4106 prior,
335 4027 552 4088 ‘fluviorum
574 4048 638 4088 rex
662 4027 873 4094 Eridanus?
898 4028 967 4087 lluvi
990 4028 1065 4087 duae
1088 4026 1194 4086 breves
1216 4035 1286 4086 sunt
1301 4046 1355 4105 pro
1371 4047 1428 4087 mm

137 4130 245 4207 longa:
276 4127 328 4188 ubi
356 4127 506 4190 solmutur
533 4131 651 4198 ambae,
675 4131 787 4191 iaciunt
809 4137 947 4206 quattuor
970 4128 1090 4196 breves,
1115 4128 1244 4205 ‘genua
1273 4128 1427 4197 labant';

137 4249 237 4311 genua
259 4229 287 4290 la
309 4238 447 4310 quattuor
469 4231 574 4292 breves
597 4239 679 4301 suut,
703 4232 888 4310 accipiuntur
910 4249 965 4309 pro
988 4230 1101 4291 duabus
1123 4229 1228 4307 longis.
1261 4247 1333 4307 crgo
1356 4232 1429 4291 baec

210 4452 227 4503 3
244 4452 270 4502 id
289 4461 328 4502 est
346 4454 418 4517 quasi
437 4454 509 4518 inpar
525 4454 546 4502 C
612 4455 630 4502 4
645 4454 666 4503 si
685 4455 767 4518 impar
786 4468 906 4502 uumerus
918 4454 1060 4515 posteriore
1074 4453 1127 4500 loco
1145 4467 1190 4502 orn.
1205 4451 1239 4511 A,
1254 4451 1314 4500 add.
1329 4450 1359 4501 α*

137 4524 157 4575 8
175 4533 200 4572 et
218 4523 285 4572 thesi
304 4523 388 4572 ABG
455 4525 538 4589 prima
559 4522 657 4586 syllaba
676 4525 700 4572 L
718 4525 787 4588 prior
805 4524 901 4587 syllaba
919 4523 979 4572 Cro
998 4523 1067 4586 prior
1085 4522 1180 4586 syllaba
1199 4521 1257 4571 AB
1329 4521 1359 4571 13
1378 4521 1428 4569 arsi

138 4595 228 4659 iungis
244 4593 270 4642 B
287 4594 337 4642 ersi
356 4594 437 4659 iungit
455 4593 500 4642 Ae
519 4593 570 4642 arsi
589 4594 712 4660 irrugasG
782 4595 814 4644 ld
833 4601 950 4656 quattuor
966 4607 1011 4640 sex
1031 4601 1054 4640 et
1072 4591 1121 4642 hoc
1137 4602 1175 4640 est
1194 4592 1325 4655 (quattuor
1340 4601 1363 4638 ct
1380 4590 1428 4638 boo

139 4674 180 4713 est
199 4663 221 4714 C
238 4672 356 4727 quattuor
372 4679 417 4712 sex
435 4674 459 4712 et
475 4663 523 4712 boc
536 4660 573 4723 L)
592 4662 650 4727 plus
669 4677 718 4711 non
735 4662 814 4711 babes
833 4679 913 4726 usque
928 4661 1015 4711 ΑΒΘ
1022 4662 1043 4709 L
1115 4663 1146 4711 17
1166 4662 1304 4710 ascendunt
1319 4663 1341 4709 L
1358 4676 1428 4708 arce·

139 4734 205 4783 dunt
224 4732 306 4783 ABc
363 4731 397 4781 29
417 4749 473 4782 ecee
493 4733 575 4783 iecisti
593 4744 747 4798 anapaeston
765 4749 875 4782 —ecce
896 4733 976 4782 iecisti
995 4732 1121 4795 dactylum
1143 4731 1323 4780 lilaea-mannus
1336 4732 1426 4781 Pbilol.

138 4801 500 4866 v.x{1(a.1857)p.591
567 4803 746 4867 anapestonA
813 4802 846 4860 35
865 4799 1010 4867 fluviorum]
1032 4801 1237 4865 Verp.peerp.l
1257 4800 1307 4850 482
1361 4798 1427 4849 beri-

140 4874 225 4924 danus
242 4873 295 4925 BG
310 4873 455 4923 beredanus
473 4889 540 4925 corr.
560 4872 697 4941 heridanus
716 4873 740 4921 Α
811 4872 845 4924 36
864 4871 959 4939 genua]
983 4874 1061 4935 Verp.
1078 4873 1143 4920 Aen.
1164 4868 1278 4919 1111905
