3346 5498
187 326 228 388 86
755 325 905 386 l‘tllll’llll

186 523 262 600 post
276 513 362 576 huuc
378 511 545 597 adscripta
559 521 636 576 sunt
651 510 829 595 significari
844 507 944 575 volui.
975 510 1010 573 in
1033 509 1146 574 eodem
1169 510 1279 575 codiee
1302 513 1328 576 si
1346 515 1476 601 quando

186 625 281 681 vetus
310 614 472 700 scriptura
499 635 564 677 non
590 611 785 699 adparebat,
815 611 869 677 vel
897 611 1027 699 punctis
1055 613 1169 698 positis
1197 610 1323 678 litteras
1354 614 1477 682 deletos

185 716 330 782 indicavi
345 714 399 781 rel
415 736 549 801 eaquae
565 711 641 780 olim
662 715 785 801 scripta
799 736 871 778 esse
886 713 1086 778 ridebantur
1101 735 1174 777 cum
1190 715 1284 798 signo
1299 717 1477 803 interroga·

187 818 285 884 tionis
309 816 453 884 exhibui.
483 817 639 881 maiorem
654 838 765 880 curam
782 817 852 880 iure
867 813 1078 902 postulabant
1105 838 1143 879 ea
1166 839 1249 902 quae
1271 841 1313 882 ex
1335 819 1477 907 antiquis

187 919 402 1006 scriptoribus
424 919 526 984 citata
552 917 607 983 vel
629 941 671 982 ex
692 919 836 1002 priorum
863 917 1149 1002 grammaticorum
1178 915 1328 983 doctrina
1349 920 1479 1006 prolata

187 1032 274 1086 sunt.
311 1021 345 1085 in
368 1019 418 1083 his
441 1020 553 1104 igitur,
577 1030 611 1083 et
633 1018 739 1105 siquid
761 1028 930 1105 praeterea
950 1019 1037 1084 hane*
1058 1013 1259 1104 diligentiam
1282 1022 1478 1107 requirebat,

190 1125 304 1190 curavi
325 1132 362 1185 ut
382 1119 462 1185 nihil
485 1121 570 1208 quod
592 1119 741 1186 inlibris
764 1143 861 1185 mann
884 1121 1015 1207 scriptis
1038 1131 1125 1187 esset
1147 1121 1360 1188 omitteretur.

271 1226 408 1289 Praeter
434 1223 493 1286 hos
522 1223 623 1288 libros
650 1222 756 1287 tribus
785 1244 864 1286 usus
888 1245 960 1286 sum
982 1222 1072 1303 aliis,
1097 1223 1271 1308 inquibus
1294 1224 1480 1311 fragmenta

187 1327 241 1394 vel
264 1337 419 1411 excerpta
440 1324 588 1411 Pompeii
609 1327 732 1409 scripta
754 1335 839 1390 sunt.
875 1325 1007 1388 namin
1029 1325 1136 1410 prima
1157 1323 1235 1390 libri
1256 1338 1349 1412 parte
1371 1329 1481 1396 adfuit

188 1430 294 1496 codex
314 1427 518 1493 Lavantinus
541 1427 614 1512 (L),
642 1425 768 1512 dequo
792 1426 915 1490 dietum
938 1435 988 1491 est
1009 1425 1074 1490 vol.
1098 1425 1147 1489 IV
1169 1428 1272 1512 praef.
1296 1451 1328 1515 p.
1351 1429 1479 1495 XLIX.

188 1533 224 1596 in
244 1532 306 1596 hoo
328 1551 406 1616 pars
433 1527 509 1593 libri
536 1527 612 1592 inde
640 1528 682 1593 ab
710 1528 804 1593 initio
826 1550 931 1614 usque
953 1526 996 1591 ad
1018 1526 1090 1591 eam
1112 1537 1238 1614 partem
1260 1552 1344 1615 quae
1367 1543 1418 1596 est
1440 1533 1481 1598 de

188 1633 290 1697 verbo
313 1632 436 1716 scripta
458 1639 509 1694 est
531 1639 649 1694 octavo
670 1628 818 1710 saeculo,
841 1628 900 1692 f.1
925 1635 1030 1693 Partes
1051 1637 1193 1696 orationis
1215 1635 1341 1697 donatas
1362 1639 1480 1713 quidem

191 1774 225 1783 —
253 1733 276 1797 f.
300 1733 342 1796 20
370 1738 491 1812 deponit
517 1742 614 1796 aulem
641 1737 719 1795 illud
743 1736 823 1810 qicod
849 1737 878 1794 iu
907 1736 963 1794 dus
989 1738 1060 1795 exit.
1106 1719 1163 1796 sed
1191 1733 1270 1796 haec
1298 1735 1409 1799 omnia
1436 1737 1481 1800 ita

189 1845 316 1899 mutata
344 1846 376 1900 et
403 1834 436 1897 iu
465 1842 629 1919 postrema
657 1833 797 1897 maxime
825 1846 918 1919 parte
946 1833 979 1895 in
1002 1834 1218 1919 conpendium
1241 1834 1373 1900 redacta
1394 1849 1479 1920 sunt,

189 1949 226 2002 ut
248 1960 313 2001 non
336 1948 402 2002 tarn
425 1957 483 2023 pro
505 1936 632 2019 integro
656 1933 804 2021 exemplo
826 1933 903 1999 libri
919 1935 1107 2022 Pompeiani
1122 1957 1220 2022 quam
1241 1958 1301 2021 pro
1316 1941 1480 2026 excerptis

189 2036 341 2104 habenda
363 2038 438 2101 sint.
470 2035 573 2102 codex
596 2047 703 2101 autern
726 2060 790 2123 quo
813 2039 841 2100 is
864 2038 919 2122 qui
940 2037 1021 2101 haec
1044 2038 1199 2122 excerpta
1215 2039 1386 2125 conposuit
1402 2064 1479 2106 usus

189 2151 240 2205 est
261 2149 297 2203 ut
319 2139 361 2203 ad
377 2138 676 2231 Wolfenbuttclani
690 2137 811 2201 codicis
835 2139 1031 2224 scripturam
1054 2140 1201 2225 proxime
1224 2139 1411 2222 accedebat,
1435 2143 1481 2208 ita

190 2254 223 2307 ct
244 2243 306 2307 hoc
328 2251 360 2305 et
392 2240 525 2327 reliquis
553 2240 703 2305 omnibus
727 2238 852 2325 plenior
874 2250 953 2304 erat.
998 2263 1075 2304 nam
1096 2262 1159 2304 non
1183 2239 1286 2306 solum
1307 2243 1341 2306 in
1363 2243 1481 2328 prinei-

193 2345 247 2430 pio
270 2342 495 2430 praefationis,
518 2364 600 2428 quae
623 2364 665 2405 ex
686 2341 747 2404 hoc
769 2341 880 2406 codice
903 2341 992 2406 edita
1014 2352 1064 2407 est
1086 2340 1170 2408 anal.
1187 2364 1321 2428 gramm.
1337 2343 1479 2410 Vindob.

191 2469 224 2532 p.
239 2445 312 2526 510,
335 2443 530 2530 reliquorum
545 2442 702 2507 librorum
719 2443 884 2508 defectum
898 2444 1103 2530 reparavit*)
1111 2495 1121 2527 ,
1140 2444 1199 2508 sed
1218 2445 1316 2509 etiarn
1331 2444 1365 2507 in
1380 2446 1483 2525 prima

191 2557 285 2634 parte
313 2544 405 2627 libri,
434 2568 516 2632 quae
543 2546 728 2610 accuratius
758 2567 854 2630 quarn
877 2543 1002 2630 reliqua
1023 2546 1146 2631 scripta
1168 2556 1234 2626 est,
1257 2545 1482 2632 supplementa

192 2649 352 2736 quaedam
368 2647 548 2733 scripturae
563 2644 688 2710 lacunis
704 2658 875 2732 corruptae
891 2647 1051 2733 praebuit.
1082 2647 1115 2710 in
1131 2656 1275 2711 extrema
1296 2646 1374 2712 libri
1388 2660 1481 2734 parte

192 2751 338 2816 devitiis
361 2760 394 2814 et
408 2750 587 2814 virtutibus
611 2748 768 2813 orationis
789 2770 847 2835 pro
864 2746 975 2812 codice
990 2747 1293 2815 Wolfenbuttelano
1316 2772 1393 2814 usus
1410 2773 1481 2814 sum

191 2851 394 2916 Berolinensi
417 2850 494 2916 olim
518 2851 715 2914 Santoniano
739 2860 772 2914 et
793 2849 939 2913 Parisino
963 2848 1056 2930 7530,
1080 2849 1261 2936 dequibus
1285 2851 1482 2916 dictumest

192 2954 256 3017 vol.
280 2954 327 3017 lv
350 2952 454 3039 praef.
478 2976 510 3039 p.
533 2951 674 3015 XXXII
696 2961 728 3015 ot
750 2951 842 3015 XLI.
866 2951 900 3013 in
922 2949 1120 3015 Santeuiano
1144 2951 1255 3016 codice
1279 2951 1329 3039 (S)
1353 2963 1483 3038 praeter

193 3055 259 3119 alia
280 3054 440 3141 quaedam
464 3077 506 3118 ex
528 3054 692 3140 prioribus
715 3052 791 3117 libri
814 3051 963 3139 partibus
987 3063 1141 3140 excerpta
1162 3052 1242 3118 haec
1264 3076 1340 3139 pars
1363 3052 1483 3138 legitur

193 3182 224 3244 p.
245 3158 303 3220 171
328 3161 364 3219 de
386 3161 572 3219 barbarismo
593 3164 680 3220 iusta
695 3162 875 3235 pompeium.
900 3157 1115 3218 barbarismus
1135 3168 1180 3220 cst
1200 3156 1366 3242 -11216
1388 3177 1408 3218 a
1429 3178 1482 3220 re-

193 3265 245 3324 bus
265 3264 390 3339 poribus
416 3264 551 3337 explicit.
595 3259 664 3323 cius
694 3259 888 3343 scripturam
915 3257 1019 3322 debeo
1040 3256 1257 3322 Lindemanni
1285 3257 1420 3322 editioni
1442 3280 1483 3322 ex

194 3362 256 3426 hoc
277 3361 389 3424 codice
413 3382 599 3446 expressae.
629 3358 688 3424 sed
703 3359 857 3446 quoniam
871 3367 964 3423 orant
985 3359 1025 3425 de
1048 3359 1165 3444 quibus
1188 3360 1383 3443 dubitarem,
1406 3383 1483 3423 num

194 3473 281 3527 recto
303 3485 323 3525 a
344 3462 569 3527 Lindernanno
592 3461 696 3526 relata
718 3472 834 3533 essent,
859 3483 931 3524 eum
954 3483 1071 3546 operae
1093 3463 1232 3546 pretium
1256 3481 1321 3524 non
1342 3483 1415 3525 esse
1437 3461 1483 3525 iu·

195 3565 337 3628 dicarem
360 3562 506 3627 codicem
529 3564 646 3628 iterum
669 3563 829 3644 conferre,
852 3563 1014 3646 integram
1036 3565 1214 3648 scripturae
1229 3562 1484 3648 discrepantiam

195 3664 341 3728 indicare
364 3664 470 3747 nolui,
495 3664 551 3729 sed
574 3664 608 3726 in
630 3665 691 3727 hac
712 3675 806 3750 parte
829 3664 1125 3748 Sangermanensos
1153 3662 1253 3729 libros
1280 3664 1483 3750 potissimum

196 3903 321 3949 manuus,
341 3903 402 3937 cum
420 3903 483 3937 raro
501 3887 616 3952 reliquis
634 3887 714 3938 libris
732 3888 894 3952 firmaretur,
914 3891 1027 3939 correxi.
1066 3890 1242 3938 accusativus
1266 3904 1347 3939 casus
1371 3904 1420 3954 pro
1438 3890 1483 3939 ab·

195 3973 281 4023 111111
301 3988 361 4020 eum
379 3972 470 4022 verbis
485 3972 560 4036 scapi
576 3971 621 4022 vel
639 3975 676 4022 uti
693 3973 721 4021 in
739 3989 793 4023 uno
812 3979 839 4023 ct
858 3974 945 4023 altero
964 3974 1058 4023 codice
1077 3975 1188 4038 saepius
1207 3975 1370 4024 coniunctus
1388 3976 1485 4039 paucis

196 4057 264 4106 locis
289 4072 348 4104 curn
372 4055 451 4104 fidem
475 4057 585 4120 habuit,
604 4061 634 4106 ut
652 4057 828 4122 recipiendus
847 4074 907 4107 esse
927 4058 1078 4118 videretur,
1097 4064 1128 4106 111
1146 4075 1171 4123 p.
1189 4060 1222 4108 88
1242 4060 1383 4123 [1191111111
1400 4061 1485 4112 vicem.

196 4141 245 4192 sed
263 4157 296 4191 ne
316 4143 343 4190 in
362 4140 414 4190 lroe
433 4142 541 4206 quidem
560 4158 661 4207 genere
680 4156 747 4209 opus
767 4154 829 4192 esse'
846 4143 976 4206 iudicavi,
990 4143 1054 4207 quid
1068 4145 1164 4206 quovis
1183 4143 1243 4193 loco
1262 4143 1366 4193 librarii
1384 4160 1484 4209 pecca-

196 4228 287 4277 verint
304 4225 437 4279 indicare.

281 4308 308 4375 *)
327 4312 369 4359 Ex
387 4311 560 4376 praelatione
578 4313 715 4376 Pompeii,
740 4313 767 4362 in
787 4319 841 4376 qua
859 4314 937 4376 plura
957 4328 1038 4375 quum
1057 4315 1085 4362 in
1104 4313 1218 4378 reliquis
1236 4314 1361 4378 partibus
1379 4314 1487 4364 librarii

198 4400 387 4458 mutaverunt,
404 4393 500 4461 'petita
518 4411 578 4446 csso
598 4397 725 4462 videntur
743 4400 827 4448 etiam
844 4397 927 4460 hacc,
947 4413 1017 4461 quae
1038 4414 1071 4447 ex
1091 4398 1185 4448 codem
1203 4399 1360 4448 Lavautino
1378 4400 1486 4461 codice,

198 4482 246 4534 sed
270 4497 304 4531 ex
326 4481 383 4530 alio
406 4482 601 4530 commentario
627 4484 657 4531 in
675 4484 811 4532 Donatum
834 4481 907 4531 edita
931 4490 994 4532 sunt
1017 4484 1091 4536 anal.
1114 4499 1225 4547 gramm.
1244 4483 1362 4532 Vindob.
1381 4500 1409 4548 p.
1427 4486 1487 4546 514,

198 4570 245 4619 sed
267 4569 293 4616 in
314 4565 412 4616 artibus
433 4566 569 4615 irrisoribus
590 4570 664 4631 quasi
685 4570 777 4617 dor-ere
799 4571 884 4617 voleus
906 4571 1048 4632 irucrroput
1068 4571 1193 4629 Donatus,
1218 4574 1287 4618 cuius
1311 4571 1487 4618 auctoritatem

199 4653 311 4702 ostendit
328 4652 463 4715 Pompeius
481 4652 602 4700 dicendo:
628 4652 696 4700 ‘ulii'
715 4654 796 4718 inquit
814 4653 984 4715 ‘scripserunt
1002 4660 1094 4714 ariera,
1117 4654 1236 4703 sedilios
1255 4669 1305 4702 aaa
1322 4660 1396 4715 preter
1413 4656 1487 4703 intel·

199 4740 296 4800 lepore,
320 4736 370 4785 nisi
390 4752 406 4784 a
424 4737 525 4785 Donato
548 4740 698 4800 srempserr'ut
720 4740 883 4801 principium,
907 4744 990 4787 otest
1010 4738 1106 4788 Probas
1128 4745 1153 4786 et
1172 4737 1269 4786 Caesar
1286 4745 1312 4786 et
1329 4740 1387 4800 alii,
1406 4741 1455 4789 red
1471 4756 1487 4787 a

201 4821 302 4870 Donato
320 4827 479 4885 szcnrpserunt
494 4822 667 4886 principium'.
