3346 5498
316 383 358 450 28
875 384 1047 467 uuonan

343 494 510 548 praesenti.

218 592 387 652 sss‚snem
413 574 554 656 syllabam
582 575 660 635 iacit.
687 607 722 618 -
748 574 768 634 S
795 572 926 636 littera
954 574 1141 635 cuiusdam
1169 591 1256 634 suae
1284 572 1500 650 potestatis:
1535 572 1603 650 quia

316 677 465 757 superllua
492 677 640 738 invenitur
667 674 817 736 interdum
844 685 874 737 et
899 678 962 756 ipsa
991 675 1128 753 liquescit
1154 677 1185 734 in
1213 683 1324 744 metro,
1361 671 1374 754 ll
1403 674 1472 753 quia
1500 672 1605 734 sibilus

288 781 410 858 tmagis
425 787 469 840 est
483 796 571 856 quam
587 796 760 839 consonans.
780 811 816 822 -
840 777 887 838 lix
910 777 989 839 illis
1010 778 1024 837 i
1043 776 1187 839 littera:
1211 777 1287 837 banc
1309 775 1399 836 babet
1416 782 1602 854 potestatem,

317 883 579 961 quotienscumque
602 881 766 958 anteposita
789 880 879 940 inerit
900 879 1044 957 liquidae,
1067 881 1110 940 sic
1126 887 1156 940 et
1171 897 1236 939 eant
1252 896 1439 939 communem
1461 876 1604 957 syllabam

262 985 400 1053 ,atacis
424 990 457 1043 ut
477 982 591 1044 Africa:
619 984 828 1043 acommunis
857 979 966 1061 syllaba
990 989 1041 1042 est.
1070 1015 1104 1026 -
1128 980 1154 1041 Κ
1177 988 1212 1042 et
1232 1000 1265 1056 q:
1289 979 1366 1060 apud
1391 987 1507 1040 veteres
1530 979 1630 1039 bacca

317 1093 382 1146 erat
407 1083 633 1163 orthographia,
667 1090 714 1150 ut,
751 1084 887 1161 quotiens
915 1102 931 1143 a
958 1090 1148 1162 sequeretur,
1178 1083 1198 1144 i
1226 1089 1304 1143 esset
1330 1083 1511 1162 praeposita,
1543 1082 1547 1158 Ι
1573 1087 1606 1140 ut

317 1187 407 1265 kaput
434 1184 597 1255 Kalendae;
626 1187 761 1265 quotiens
789 1203 823 1253 u,
847 1204 874 1265 q.
897 1184 950 1245 sed
980 1203 1051 1246 usus
1078 1193 1179 1246 noster
1201 1185 1324 1245 mutavit
1344 1192 1552 1264 praeceptum,
1577 1190 1606 1243 ct

289 1301 419 1350 scarum
442 1289 537 1349 vicem
559 1304 576 1347 c
597 1285 694 1347 littera
716 1286 827 1366 implet.
858 1321 893 1331 -
925 1286 1177 1348 scribendum.
1202 1286 1235 1346 b:
1259 1288 1397 1366 quotiens
1417 1288 1497 1347 iuvat
1520 1303 1604 1345 voca-

317 1390 390 1462 lem,
420 1407 585 1451 consonans
613 1395 672 1456 est;
701 1389 838 1468 quotiens
865 1407 926 1449 non
952 1390 1046 1459 iuvat,
1075 1396 1144 1455 nota
1175 1388 1382 1468 adspirationis
1410 1395 1462 1449 est.
1494 1386 1540 1468 [x:
1564 1389 1604 1446 ita

291 1492 440 1561 tdicitur,
465 1491 534 1570 quia
556 1492 709 1568 genetivus
729 1491 761 1550 in
783 1492 808 1550 is
831 1492 933 1559 mittit,
962 1492 1011 1569 pix
1034 1492 1122 1570 picis,
1151 1509 1204 1551 rex
1231 1492 1319 1569 regis.
1356 1524 1390 1536 -
1426 1488 1643 1567 Liquidae1⁰

319 1600 512 1672 quattuor,
542 1593 552 1653 l
580 1610 608 1652 m
638 1610 656 1651 n
685 1600 720 1652 et
746 1611 775 1652 r:
806 1592 883 1671 apud
905 1592 1025 1653 Latinos
1047 1591 1127 1652 solae
1149 1611 1204 1672 pro
1219 1594 1307 1653 metri
1329 1610 1415 1652 causa
1439 1591 1605 1670 liquescunt

274 1695 327 1758 tol
350 1703 380 1756 et
400 1716 432 1764 r,
455 1703 597 1774 pereunt:
627 1693 704 1782 apud
728 1695 857 1755 Graecos
884 1700 962 1754 totae
990 1702 1129 1771 quattuor
1151 1692 1343 1774 liquescunt]
1369 1729 1403 1738 -
1429 1693 1452 1754 Y
1474 1700 1509 1753 et
1529 1711 1560 1752 z:
1586 1711 1606 1752 z

316 1797 391 1877 apud
415 1815 469 1858 nos
492 1803 521 1857 et
544 1797 631 1873 louga
654 1804 684 1857 et
705 1795 804 1856 brevis
826 1804 885 1865 est,
909 1795 986 1875 apud
1002 1796 1131 1856 Graecos
1147 1796 1266 1875 duplex,
1289 1796 1319 1856 id
1341 1803 1387 1856 est
1408 1794 1504 1872 longa,
1528 1793 1604 1873 apud

316 1918 370 1960 nos
395 1900 435 1960 ita
463 1905 522 1967 est,
551 1898 679 1972 duplex,
709 1905 744 1959 nt
765 1899 943 1958 ‘Mezenti
965 1897 1069 1959 ducis
1098 1899 1282 1965 exuvias';
1306 1896 1445 1977 simplex,
1468 1904 1500 1957 ut
1523 1902 1604 1957 ‘ne-

273 2001 681 2078 tsmorosaZacyntos'.
702 2034 736 2043 —
756 1999 828 2059 Vna
852 2001 1099 2078 aspirationis
1120 2008 1221 2068 nota,
1245 1997 1278 2065 b:
1304 1997 1643 2077 duplexx;duae15

316 2119 590 2182 supervacuae,
618 2100 637 2160 k
661 2110 690 2162 et
711 2121 743 2177 q,
772 2103 840 2182 quia
868 2102 973 2164 harum
1001 2101 1100 2163 locum
1128 2099 1282 2180 cimplet,
1312 2099 1401 2160 duae
1430 2119 1604 2180 graecae,

316 2211 387 2282 yet
407 2223 431 2264 z.
465 2238 499 2247 -
530 2202 640 2263 Omnes
668 2202 785 2263 litterae
812 2205 931 2281 generis
958 2213 1028 2265 sunt
1057 2204 1154 2264 neutri
1183 2210 1212 2263 ct
1240 2221 1358 2281 semper
1386 2200 1605 2262 indeclinabilia

272 2322 304 2372 14
316 2314 385 2366 sunt
412 2303 588 2386 [numquam
611 2303 828 2385 declinantur],
852 2313 885 2366 ut
907 2307 947 2365 ait
969 2306 1073 2367 Cicero
1097 2309 1102 2379 Ι
1128 2305 1158 2364 in
1181 2303 1386 2365 siciliensibus
1413 2319 1432 2355 a
1456 2303 1604 2372 accidunt,

316 2426 439 2477 nomen,
463 2425 522 2485 quo
545 2415 680 2476 vocatum
704 2408 812 2484 ligura,
837 2424 893 2484 qua
921 2414 1055 2476 notatur,
1078 2406 1135 2467 hoc
1158 2414 1201 2467 est
1222 2408 1320 2484 imago
1342 2407 1447 2485 ipsius,
1472 2422 1528 2481 qua
1551 2407 1605 2466 bn·

316 2511 411 2588 gitur;
438 2516 583 2589 potestas,
613 2526 670 2586 qua
698 2493 788 2578 valet,
817 2516 850 2569 ut
875 2510 1017 2579 sciamus,
1047 2516 1146 2570 utrum
1175 2507 1282 2569 vocalis
1304 2510 1342 2568 sit
1363 2525 1400 2569 an
1422 2506 1604 2569 semivocalis
1618 2519 1644 2559 20

316 2629 354 2672 an
376 2617 464 2672 muta.

842 2695 891 2756 DE
913 2695 1077 2771 SYLLABA

272 2825 304 2874 18
401 2812 618 2893 Syllabadicta
640 2822 685 2875 est
706 2806 772 2875 ἀπὸ
794 2815 856 2876 τοῦ
879 2813 1078 2895 συλλαβεῖν,
1103 2833 1138 2876 eo
1161 2815 1238 2895 quod
1261 2814 1364 2894 plures
1386 2813 1501 2875 litterae
1524 2833 1604 2875 com-

315 2916 482 2995 prehensae
509 2933 581 2984 una,
611 2933 628 2976 a
655 2914 791 2995 pluribus
819 2915 924 2976 litteris
950 2915 1037 2977 dicta.
1081 2934 1134 2977 cur
1164 2934 1221 2977 una
1244 2914 1384 2997 syllabam
1407 2916 1477 2976 lacit
1499 2915 1606 2978 vocalis

314 3013 516 3078 litterai‘hoc
543 3017 665 3078 solvitur
693 3035 748 3096 per
776 3018 991 3087 catantilrasin,
1019 3017 1076 3079 boe
1105 3026 1149 3079 est
1175 3036 1229 3096 per
1257 3018 1512 3087 contrarietatem,
1537 3019 1644 3095 quinas

316 3126 396 3181 tanta
418 3120 461 3180 vis
483 3126 529 3179 est
550 3118 673 3189 vocalis,
696 3126 729 3179 ut
751 3117 848 3180 locum
864 3119 994 3200 syllabae
1009 3120 1140 3199 impleat.
1166 3155 1201 3163 —
1232 3120 1442 3195 Tempornm
1465 3137 1607 3195 capax:

316 3223 383 3300 quia
406 3222 502 3282 omnis
523 3219 633 3302 syllaba
656 3229 790 3300 tempora
813 3222 904 3301 capit:
929 3241 997 3283 nam
1013 3221 1098 3301 longa
1117 3230 1250 3301 tempora
1266 3221 1325 3282 dno
1342 3219 1483 3302 [syllaba]
1506 3214 1604 3291 habet,

316 3323 414 3384 brevis
436 3340 536 3383 unum.
582 3330 643 3383 tres
670 3331 740 3384 sunt
767 3324 882 3402 species
909 3323 1102 3405 syllabarum:
1135 3334 1186 3386 aut
1212 3324 1317 3385 breves
1339 3334 1408 3384 sunt
1430 3331 1480 3384 aut
1501 3323 1607 3402 longae

316 3437 366 3485 aut
388 3443 569 3487 communes.
615 3423 701 3504 longa
732 3424 843 3506 syllaba
871 3427 1017 3505 positione
1045 3435 1111 3488 octo
1135 3426 1231 3488 modis
1253 3427 1297 3487 tit:
1326 3428 1351 3486 si
1373 3424 1480 3486 vocalis
1501 3425 1608 3486 desinit

316 3527 347 3585 in
375 3525 449 3587 duas
478 3534 689 3596 consonantes,
718 3534 751 3587 ut
777 3531 850 3587 ‘ast
878 3532 976 3605 ego’;
1007 3543 1026 3580 a
1049 3527 1155 3589 vocalis
1179 3530 1184 3606 i
1209 3528 1316 3589 desinit
1337 3530 1367 3588 in
1390 3545 1479 3588 unam
1501 3538 1646 3589 conso-³0

386 3678 447 3729 Cod.
466 3678 545 3728 Bern-
566 3677 733 3732 1V7*-8*.
790 3677 894 3746 lenae]
917 3680 971 3729 siue
989 3695 1056 3730 corn
1076 3697 1122 3730 sue
1192 3677 1297 3746 2quia]
1317 3697 1367 3744 qua
1437 3679 1483 3730 31
1498 3680 1605 3730 litteram

385 3749 402 3797 5
424 3749 565 3797 communis
590 3747 690 3814 syllaba
710 3756 817 3798 estune
842 3750 1009 3814 duplex'.x.
1031 3751 1088 3799 ideo
1115 3750 1210 3817 duplex
1227 3751 1320 3800 dieitur
1340 3752 1399 3814 quie
1417 3762 1475 3816 post
1493 3749 1606 3800 trocalem

317 3816 401 3882 posita
420 3832 465 3883 pro
485 3817 584 3867 duabus
602 3818 799 3869 consonantibus
816 3818 885 3868 ualet
898 3829 922 3867 et
939 3821 1065 3884 positione
1082 3837 1138 3870 eam
1155 3822 1256 3886 longam
1277 3821 1337 3870 lacit
1349 3820 1389 3884 (ut
1400 3821 1460 3871 add.
1477 3822 1512 3870 al.
1526 3822 1607 3884 rann.)

253 3925 258 3934 .
318 3894 357 3935 eet
373 3902 423 3939 .x.
444 3889 468 3935 in
488 3888 588 3952 graecis
610 3887 719 3954 simplex
741 3898 788 3938 est.
807 3886 890 3937 littera
907 3905 1002 3938 xerses.
1025 3891 1145 3941 xentlms.
1163 3891 1179 3938 k
1197 3901 1221 3938 et
1239 3903 1301 3954 aput
1319 3903 1416 3941 {ueteres
1485 3892 1502 3942 6
1521 3890 1607 3941 ortho-

318 3958 398 4020 grnlla
467 3959 575 4024 tcaput
592 3959 711 4008 calendae
781 3958 998 4024 9adspirati0nis
1016 3976 1047 4008 ex
1062 3963 1097 4010 ita
1168 3958 1200 4011 10
1218 3960 1243 4009 in
1263 3959 1303 4009 bis
1375 3962 1407 4011 l‘i
1426 3969 1607 4026 uputgreecos

386 4042 403 4089 y
423 4037 447 4076 et
467 4043 480 4075 z
502 4037 564 4092 aput
582 4043 628 4078 noe
647 4038 671 4077 et
692 4027 768 4092 longa
789 4036 813 4075 et
832 4029 918 4077 uerbis
937 4037 975 4077 est
990 4040 1051 4093 aput
1124 4030 1154 4080 13
1175 4040 1236 4094 aput
1256 4044 1301 4078 nos
1321 4030 1354 4079 ita
1372 4040 1410 4080 est
1428 4032 1537 4081 mezenti

318 4094 352 4146 16
373 4111 545 4162 superuacuae
571 4105 627 4146 cet
645 4099 705 4160 quie
726 4112 797 4146 arum
870 4097 902 4147 18
921 4098 1077 4150 declinantes
1101 4103 1137 4148 ait
1157 4101 1239 4149 cicero
1259 4099 1263 4162 Ι
1286 4100 1311 4147 in
1337 4096 1503 4165 sieelyensius
1526 4103 1605 4162 (com,

318 4169 415 4216 recenti
431 4182 503 4216 manu
521 4165 620 4230 sibus)
639 4183 664 4230 q.
685 4167 825 4216 adaliarum
842 4169 878 4216 eri
894 4165 900 4232 Ι
916 4204 1001 4221 ......
1022 4168 1103 4219 littam
1122 4170 1306 4234 ossetimegrae
1325 4177 1385 4223 etz
1406 4170 1411 4235 Ι
1433 4207 1520 4224 ......
1542 4173 1606 4220 acei-

319 4235 382 4285 dnnt
396 4277 520 4289 ........
538 4237 650 4298 Ιηοηιεη
687 4251 718 4285 ua
788 4237 821 4288 19
834 4252 899 4299 quae
914 4237 1042 4303 lingitur.
1088 4240 1121 4291 '23
1141 4240 1470 4289 dictecanororcranansrs
1539 4243 1606 4291 '24³

321 4305 461 4370 pluralibus
480 4305 569 4355 litteris
640 4255 684 4359 2111
691 4303 740 4372 est]
762 4317 785 4355 et
856 4307 977 4373 impleant
995 4311 1055 4372 quia
1125 4308 1271 4359 ‘athabeos
1291 4312 1490 4373 praeuisunum

318 4374 353 4428 30
371 4384 398 4426 ut
415 4390 488 4425 aseco
508 4376 604 4425 uocalis
674 4377 698 4424 in
718 4391 794 4426 unam
812 4387 966 4429 consonante

388 4515 440 4565 iix
462 4513 496 4562 ite
518 4509 619 4579 dieitur]
641 4514 675 4577 cs.
695 4516 803 4575 Pompei.
821 4530 849 4578 p.
870 4515 904 4565 28
927 4515 966 4564 ed.
987 4515 1063 4565 Lind.
1154 4518 1186 4566 14
1208 4514 1328 4581 blezenti]
1354 4518 1432 4582 Verp.
1453 4517 1517 4568 Aera.
1536 4518 1606 4568 xit

391 4581 532 4650 nemorosa]
557 4586 636 4649 Very.
657 4584 721 4633 Aen.
741 4584 842 4635 111270
913 4585 946 4635 23
965 4586 1080 4648 sortasse
1096 4586 1283 4650 conprehensae
1303 4588 1361 4636 siut.
1382 4602 1469 4636 cumn
1488 4588 1606 4654 pluribus

319 4656 409 4704 litteris
427 4656 493 4704 dicta
511 4655 553 4718 sit,
574 4669 618 4702 cur
705 4653 739 4704 30
759 4664 785 4703 ut
802 4667 841 4705 ast
859 4671 906 4720 ego
926 4655 1066 4708 Putsebius.
1087 4672 1121 4707 err
1140 4665 1196 4708 oete
1214 4658 1292 4706 modis
1310 4657 1464 4722 syllabarum
1483 4662 1607 4721 positione

319 4729 455 4788 longanima,
470 4739 532 4790 quos
547 4725 631 4788 posuit
646 4726 829 4790 prnrmnnticue,
845 4726 995 4776 exciderunt
1011 4727 1068 4784 duo,
1084 4730 1159 4785 alter,
1175 4742 1228 4775 cnut
1245 4727 1339 4777 neentis
1358 4729 1484 4790 excipitur
1501 4728 1598 4778 duabus

319 4795 524 4856 moneantur,
541 4796 606 4845 alter
623 4809 676 4844 enm
694 4797 820 4859 excipitur
839 4796 935 4858 duplici
953 4797 1037 4847 littera
1055 4812 1085 4863 x,
1107 4797 1144 4846 nd
1160 4814 1229 4867 quern
1246 4798 1340 4848 niodum
1358 4798 1414 4847 axis
1429 4802 1551 4864 perteret:
1570 4801 1605 4866 ef·

322 4865 399 4918 Diem
416 4879 444 4928 p.
461 4864 512 4917 423
528 4866 559 4919 P.
580 4867 662 4936 ithaoe
677 4867 783 4917 lacunas
799 4864 909 4918 indicavi
