3346 5498
221 399 263 476 32
779 400 954 473 durnourt

246 514 419 574 presa-sar.

221 604 300 662 enim
322 619 395 662 sono
417 597 576 660 dicendum
599 605 658 666 est;
684 597 892 659 circumflexus
914 598 963 677 qui
986 599 1119 678 tractim,
1145 609 1178 660 ut
1199 598 1310 675 Roma3
1338 602 1437 679 gravis
1459 601 1510 682 qui

120 722 323 783 att,apressa
347 720 418 762 racc
439 700 529 763 habet
550 708 712 762 accentum.
743 735 781 742 -
811 699 1091 761 circumflexus
1118 709 1263 763 acutus:
1300 702 1378 764 hanc
1399 703 1511 764 habent

147 803 150 811 “
221 804 470 872 observationem,
505 803 536 862 in
563 803 679 880 graecis
711 800 881 861 nominibus
914 799 1060 881 [syllabis]
1095 811 1234 864 accentus
1267 811 1312 864 est
1344 807 1373 864 in
1408 804 1509 867 ultima

220 905 384 986 penultima
407 913 437 966 et
458 902 701 984 antepenultima;
724 904 754 964 in
776 901 873 964 latinis
894 901 994 964 ultima
1010 902 1121 984 syllaba
1141 907 1145 983 l
1164 913 1318 966 accentum
1334 925 1394 966 non
1410 906 1509 968 babet.

220 1026 330 1069 sanea
357 1008 430 1077 iiue,
464 1006 520 1066 hoc
548 1013 593 1065 est
620 1003 658 1064 ab
683 1003 799 1075 ultima,
834 1004 1014 1083 conputandi
1046 1015 1116 1066 sunt
1147 1016 1294 1068 accontus.
1341 1010 1396 1069 tria
1422 1008 1537 1069 habeto

194 1098 198 1104 ’
221 1115 416 1188 cognomenta
439 1115 590 1169 accentus:
614 1114 665 1166 aut
687 1107 750 1166 toni
773 1113 841 1166 sunt
863 1116 913 1167 aut
935 1115 1054 1168 tenores
1077 1115 1128 1168 aut
1142 1117 1291 1176 accentus,
1315 1113 1378 1172 toni
1394 1129 1409 1170 a
1425 1130 1510 1182 sono,

192 1220 362 1272 caecemus
377 1209 414 1271 ab
429 1209 571 1279 acuendo,
588 1218 707 1269 tenores
730 1206 767 1268 ab
788 1209 962 1270 intentione.
988 1244 1027 1254 -
1050 1208 1127 1270 Non
1146 1205 1158 1292 ll
1179 1210 1329 1272 tenebit
1351 1213 1426 1272 nisi
1447 1231 1511 1292 pc·

219 1313 417 1374 nultimum
447 1310 580 1371 locum:
623 1308 700 1389 apud
728 1308 848 1370 Latinos
874 1309 954 1379 loca,
991 1328 1067 1388 quae
1096 1312 1304 1373 circumflexus
1332 1322 1382 1373 ant
1409 1323 1511 1375 acutus

193 1414 382 1484 tdimiserit,
412 1414 507 1492 gravis
528 1411 670 1492 possidet.
707 1411 815 1472 —Et
850 1411 920 1471 hoc
945 1411 1005 1471 illi
1032 1430 1103 1473 non
1132 1421 1187 1474 est
1215 1433 1405 1475 commune
1433 1435 1509 1477 cum

220 1519 373 1578 ceteris:
397 1518 465 1595 quia
487 1514 620 1576 nonsibi
643 1513 770 1574 vindicat
791 1512 899 1583 locum,
923 1513 975 1574 sed
998 1513 1149 1575 dimissum
1166 1514 1202 1575 ab
1225 1515 1289 1576 aliis
1311 1516 1452 1594 possidet.
1473 1553 1507 1560 -
1526 1539 1549 1575 m

191 1619 315 1696 alirgo
352 1615 620 1696 monosyllaba:
658 1616 688 1675 in
716 1614 852 1675 omnibns
887 1613 1098 1695 monosyllabis
1127 1616 1309 1688 nominibus,
1347 1619 1408 1678 sivc
1436 1637 1511 1697 quae

221 1720 325 1780 breves
347 1720 460 1780 inerint
480 1726 600 1787 natura,
628 1718 688 1777 sive
711 1735 786 1795 quac
808 1717 957 1795 positione
979 1716 1085 1795 longae
1107 1718 1200 1779 iactae
1223 1719 1347 1791 luerint,
1376 1738 1436 1779 nnn
1460 1719 1510 1780 ha·

220 1821 292 1881 bent
314 1823 370 1880 nisi
392 1830 511 1882 acutum
534 1827 697 1881 accentum.
723 1820 747 1879 si
770 1835 841 1879 vero
862 1820 927 1897 ipsa
950 1818 1152 1899 monosyllaba
1167 1828 1271 1881 natura
1287 1820 1374 1899 longa
1390 1822 1511 1892 luerint,

178 1936 206 1982 tt
220 1942 282 1983 uon
303 1925 460 2002 positione,
485 1941 544 1982 non
567 1919 678 1981 habent
693 1921 750 1980 nisi
765 1919 988 1980 circumflexum
1005 1928 1168 1982 accentum.
1188 1957 1225 1966 —
1248 1921 1287 1982 in
1311 1923 1512 2004 disyllabis

221 2044 312 2105 quae
334 2026 514 2104 priorem:
548 2025 579 2082 in
603 2021 740 2082 omuibus
769 2021 918 2100 disyllabis
942 2020 1108 2102 [omnibusz
1139 2031 1276 2101 quattuor
1297 2025 1390 2104 pedes
1413 2035 1482 2086 sunt
1505 2023 1551 2106 lta

220 2126 364 2205 disyllabi,
388 2129 438 2206 qui
454 2127 506 2185 toti
522 2124 605 2185 nothi
628 2123 709 2203 sunt]
734 2125 765 2183 iu
786 2123 964 2203 penultima,
987 2127 1047 2184 sive
1069 2124 1156 2203 longa
1179 2128 1217 2185 sit
1238 2127 1299 2186 sive
1316 2125 1427 2197 brevis,
1450 2147 1511 2188 non

221 2227 331 2289 habent
358 2229 413 2287 nisi
441 2234 559 2288 acutum
587 2234 751 2287 accentum.
803 2224 884 2286 solus
917 2225 1077 2287 trochaeus
1106 2227 1329 2288 circumflexum
1356 2236 1510 2290 accentum

221 2328 310 2389 habet
331 2332 362 2389 iu
385 2327 560 2409 penultima,
584 2331 610 2388 si
632 2336 736 2388 natura
758 2325 845 2405 longa
868 2326 965 2388 luerit.
1011 2330 1060 2406 qui
1084 2329 1107 2388 si
1131 2331 1277 2407 positione
1299 2329 1438 2391 habuerit
1459 2351 1512 2412 pe·

177 2431 376 2493 tsnultimam
398 2431 532 2509 longam,
558 2438 586 2491 et
608 2432 671 2509 ipse
694 2435 789 2489 mutat
810 2438 964 2490 accentum
988 2438 1017 2488 et
1032 2437 1151 2490 acutum
1174 2432 1300 2510 recipit.¹
1316 2467 1354 2476 -
1370 2431 1510 2514 Trisyl·

222 2533 318 2594 labis
342 2540 377 2593 ct
398 2533 590 2612 deinceps:
627 2549 732 2591 omnes
753 2530 845 2609 pedes
867 2529 1009 2610 trisyllabi
1031 2556 1050 2590 a
1073 2533 1134 2592 sive
1157 2533 1186 2591 in
1208 2531 1370 2612 penultima
1392 2542 1510 2595 acutum
1525 2558 1550 2596 ao

183 2693 188 2704 ,
221 2643 374 2696 accentum
403 2634 501 2695 habet.
546 2633 626 2694 solus
648 2619 892 2712 amphibrachus,
923 2635 947 2693 si
974 2632 1167 2711 penultimam
1191 2643 1295 2695 natura
1319 2635 1436 2714 longam
1460 2636 1511 2697 ha·

221 2737 335 2805 buerit,
364 2736 588 2798 circumflexum
615 2737 731 2814 accipit.
782 2735 846 2814 qui,
874 2737 898 2794 si
926 2733 1090 2813 penultima
1118 2737 1267 2814 positione
1295 2737 1385 2798 inerit
1413 2737 1510 2817 longa.

222 2847 315 2901 mutat
342 2847 496 2899 accentum
526 2844 555 2897 et
582 2844 701 2898 acutum
728 2837 843 2915 recipit.
887 2838 918 2895 in
946 2834 1062 2897 dactulo
1088 2838 1119 2896 iu
1146 2837 1378 2916 antepenultima
1407 2849 1512 2900 acutus

176 2957 205 3005 at
222 2939 393 3021 ponendus,
422 2942 484 3000 sire
506 2947 611 2999 natura
633 2940 671 2998 sit
692 2940 753 2998 sive
774 2940 920 3016 positione
942 2937 1038 3016 longa.
1068 2973 1108 2982 —
1135 2938 1298 2999 Perosus
1327 2950 1356 3000 et
1378 2940 1512 3002 Cethe·

221 3063 287 3122 gns
310 3041 538 3121 amphibrachus
559 3060 612 3121 pes
635 3048 694 3100 est:
717 3038 878 3119 penultima
901 3041 1007 3118 ipsiuS,
1031 3042 1056 3098 si
1079 3048 1181 3101 natura
1204 3039 1291 3119 longa
1307 3044 1360 3111 sit,
1384 3045 1550 3108 circum-as

223 3148 330 3206 lienum
352 3146 468 3223 recipit.
515 3162 589 3223 quae
613 3144 637 3203 si
660 3144 806 3221 positione
828 3141 916 3220 longa
938 3143 1003 3212 liat,
1032 3151 1125 3202 mutat
1146 3150 1300 3203 accentum
1324 3152 1354 3204 ct
1375 3146 1404 3205 in
1428 3153 1510 3205 ante·

221 3247 381 3328 penultima
410 3253 527 3306 acutum
555 3247 670 3324 recipit.
715 3244 877 3305 notandum
905 3243 984 3303 bunc
1006 3242 1100 3304 solum
1126 3240 1131 3324 Ι
1156 3243 1262 3321 pedem
1285 3245 1509 3308 circumflexum

222 3352 371 3429 accipere,
396 3351 419 3409 si
442 3347 604 3428 penultima
627 3354 730 3408 natura
754 3346 840 3424 longa
862 3347 961 3407 luerit.

305 3451 390 3513 Ratio
412 3458 598 3511 accentuum.
643 3447 836 3527 Tribrachys,
864 3457 896 3508 ut
918 3446 1047 3516 macula,
1076 3449 1106 3507 in
1135 3447 1365 3530 antepenultima
1390 3458 1508 3512 acutum

223 3553 319 3614 habet.
351 3550 521 3627 molossus,
551 3560 584 3613 ut
611 3559 747 3619 naturae,
774 3555 835 3610 sive
861 3559 971 3611 notura
997 3553 1054 3623 fiat
1087 3551 1148 3609 sive
1183 3552 1345 3628 positione,
1374 3553 1405 3612 in
1434 3571 1508 3632 pen·
1524 3580 1549 3620 so

222 3655 325 3716 ultima
353 3661 471 3713 acutum
500 3653 600 3713 habet.
643 3659 833 3730 anapaestus,
861 3660 895 3711 ut
916 3652 1021 3722 Erato,
1045 3653 1148 3731 quovis
1171 3651 1259 3713 modo
1281 3655 1311 3713 in
1334 3654 1507 3733 antepenul-

223 3758 292 3816 tima
315 3763 432 3815 acutum
454 3753 552 3814 habet.
587 3752 832 3832 palimbacchius,
856 3755 905 3833 qui
926 3761 956 3812 et
970 3753 1187 3822 antibacchius,
1211 3762 1244 3815 ut
1264 3762 1382 3825 natura,
1406 3760 1511 3833 quovis

221 3857 310 3918 modo
332 3860 362 3918 in
384 3855 546 3937 penultima
568 3867 688 3917 acutum
710 3855 807 3916 babet.
843 3854 1081 3934 amphibrachys,
1105 3865 1137 3916 ut
1152 3858 1261 3927 carina,
1284 3859 1315 3918 in
1330 3854 1509 3939 penultillma

291 4080 353 4130 God.
373 4080 453 4131 Beni.
472 4081 496 4128 V
514 4077 614 4130 t-5⁸.
685 4076 796 4126 tithoni
866 4076 937 4125 thoni
1008 4077 1079 4126 iub
1101 4076 1233 4127 hacuendc
1303 4080 1334 4129 ub
1356 4081 1511 4131 institutione

289 4151 423 4202 Sloncum
438 4160 499 4214 aput
568 4159 611 4198 eut
628 4157 699 4197 actus
769 4146 801 4196 13
818 4147 839 4195 si
859 4160 919 4195 nero
938 4147 964 4194 in
983 4147 1040 4211 ipsa
1108 4146 1184 4196 luerit
1255 4149 1287 4200 16
1306 4149 1436 4216 disyllabi]
1458 4152 1511 4217 syr.

221 4222 272 4272 laui
344 4221 377 4272 18
399 4230 488 4270 natura
507 4218 600 4286 longus
670 4215 704 4267 20
724 4216 834 4282 denceps
852 4231 940 4266 omues
1012 4215 1043 4266 21
1069 4216 1237 4268 amilbrachus
1255 4220 1277 4268 si
1300 4221 1441 4285 penultima

221 4293 255 4344 ‘2⁰2
271 4308 345 4355 quem
364 4292 386 4340 si
404 4290 570 4356 penultimam
590 4288 742 4353 positionem
813 4286 845 4337 23
864 4281 954 4350 mutat]
975 4296 1028 4336 runt
1097 4288 1131 4336 rt
1149 4299 1253 4352 cetegns
1273 4290 1441 4339 amilbrachus

221 4363 254 4413 25
273 4364 350 4429 longa
367 4360 410 4427 ait]
431 4361 506 4425 longa
522 4358 602 4420 (corr.
622 4356 708 4424 ·gae).
723 4359 745 4406 si
814 4356 848 4407 '26
866 4359 890 4405 in
909 4358 1105 4423 antepenultima
1175 4360 1207 4408 ²7
1227 4368 1311 4408 notum
1328 4360 1389 4410 dum
1445 4362 1510 4427 pede

221 4431 255 4485 20
273 4435 398 4495 tribracys
467 4431 502 4480 30
519 4432 573 4480 sive
590 4439 680 4478 natura
695 4427 797 4480 itatem.
853 4428 879 4476 iu
896 4427 1119 4493 antepenultimam
1191 4429 1223 4479 32
1242 4430 1405 4480 antibacchus
1422 4441 1510 4481 nature

289 4502 366 4557 33in
383 4499 548 4567 penultimam
618 4497 785 4564 amllbrechys
856 4499 881 4547 in
898 4499 1061 4563 penultimam

291 4695 323 4744 15
341 4704 400 4744 suut
419 4690 552 4754 dissyllabi
567 4689 709 4738 Patrobios.
725 4688 838 4747 sortasse
856 4703 944 4736 omues
957 4696 1075 4751 quattuor
1092 4687 1171 4753 pedes
1188 4687 1316 4753 disyllabi,
1330 4691 1372 4753 qui
1392 4691 1437 4739 toti
1457 4691 1509 4741 noti

223 4775 291 4827 scrut,
305 4767 331 4814 in
343 4763 483 4830 penultima
501 4768 547 4810 etc.
619 4756 653 4810 20
668 4758 785 4821 sortasse
803 4772 890 4807 omnes
910 4759 987 4822 pedes
1008 4759 1134 4822 trisyllabi
1153 4757 1192 4806 vel
1213 4760 1236 4806 in
1257 4761 1457 4824 antepenultima
1470 4761 1509 4810 vel

222 4837 247 4890 in
267 4835 406 4900 penultima
424 4841 525 4882 scutum
538 4840 668 4880 accentum
691 4828 784 4878 hebent
863 4827 895 4879 32
921 4825 980 4879 aitte
1006 4827 1204 4893 palimbacchius
1231 4827 1340 4892 definitio
1364 4831 1459 4897 dactyli
1486 4838 1511 4882 et

223 4904 320 4958 bacchii
335 4905 463 4956 eccidisse
475 4902 573 4953 videtur
