3346 5498
756 400 827 463 ARS
1313 406 1324 416 ‘
1388 395 1433 464 49

1238 521 1260 562 p.
1274 509 1331 552 roos.
1344 510 1369 550 oo
1383 508 1406 550 n.

639 587 686 647 DE
707 587 929 649 Pnonotttnu

225 704 432 777 Quaerendum
456 715 553 767 utrum
576 724 741 784 pronomen
763 725 801 766 an
816 707 992 785 pronomine
1008 683 1131 769 dicatur}
1148 708 1241 784 magis
1255 726 1431 786 pronomen,

148 810 216 867 deut
236 816 422 887 procurator.
449 844 486 851 -
509 808 590 868 Inter
611 826 720 868 nomen
744 815 773 867 et
792 825 958 887 pronomen
977 809 982 885 l
1002 809 1058 869 hoc
1073 810 1214 878 interest,
1238 811 1307 887 quia
1323 827 1431 869 nomen

147 908 257 988 plenam
287 909 484 971 elocutionem
514 909 616 979 hahet,
646 928 812 990 pronomen
840 908 1043 990 semiplenam.
1080 911 1153 970 haec
1181 912 1259 970 enim
1288 908 1432 989 particula

128 1020 261 1091 spropter
289 1011 440 1073 fastidium
470 1013 588 1072 inventa
617 1019 676 1081 est,
706 1030 744 1072 ne
772 1011 817 1072 bis
839 1031 948 1072 nomen
971 1021 1132 1091 repetatur.
1170 1013 1250 1073 lnter
1272 1030 1380 1072 nomen
1404 1021 1433 1071 et

146 1132 305 1192 pronomen
335 1114 392 1174 hoc
421 1116 558 1174 interest:
589 1115 709 1173 nomina
731 1115 957 1192 cooperationes
979 1113 1103 1186 habent,
1132 1116 1308 1194 pronomina
1330 1132 1433 1194 perso-

146 1233 203 1276 nas.
241 1234 312 1276 nam
335 1233 433 1293 neque
456 1216 574 1276 nomina
598 1233 741 1293 personas
762 1224 886 1294 possunt
908 1216 1018 1299 habere
1041 1235 1138 1296 neque
1160 1219 1336 1295 pronomina
1352 1234 1432 1276 com-

146 1319 318 1396 parationes.
345 1351 380 1360 -
406 1316 504 1386 Quae
531 1335 597 1397 pro
628 1319 775 1377 nomine
803 1319 922 1396 posita
951 1317 1166 1378 tantundem
1195 1336 1285 1398 pene
1313 1318 1551 1395 signi-sanan

146 1421 247 1480 licat:
274 1438 335 1480 non
359 1428 402 1479 est
424 1421 503 1480 enirn
527 1425 654 1489 tantum,
679 1437 746 1479 cum
770 1419 837 1479 dico
860 1420 962 1489 Gaius,
986 1438 1074 1500 quam
1096 1419 1213 1498 quando
1236 1418 1303 1480 dico
1325 1438 1380 1498 ego
1403 1429 1433 1479 tu

120 1520 198 1582 nille.
237 1521 403 1598 ‘Vergilius
426 1523 544 1601 scripsit
566 1520 715 1590 bucolica,
746 1522 808 1600 ipse
831 1529 860 1581 et
881 1523 1048 1599 georgica'q
1074 1521 1138 1600 ipse
1161 1522 1259 1581 minus
1280 1521 1365 1601 plena
1389 1531 1434 1582 est

148 1625 249 1692 oratio;
275 1642 343 1683 nam
367 1623 569 1700 quaerendum
592 1623 666 1682 milti
689 1631 734 1682 est
755 1642 878 1692 nomen,
909 1625 974 1700 quis
997 1624 1035 1683 sit
1060 1624 1133 1702 ipse.
1156 1658 1198 1670 -
1216 1622 1480 1683 Personam-<u

148 1743 208 1802 que
229 1724 421 1786 interdum
451 1726 604 1804 recipit:
629 1722 814 1804 aliquotiens.
854 1743 921 1784 nam
945 1733 1014 1785 tunc
1037 1727 1157 1804 accipit,
1182 1725 1301 1805 qnando
1321 1725 1434 1785 linitum

148 1835 199 1895 est;
222 1826 342 1907 quando
365 1827 511 1887 inlinitum
535 1834 592 1895 est,
617 1835 697 1887 caret
716 1822 722 1908 1
740 1844 876 1906 persona.
900 1862 941 1870 —
965 1825 1100 1887 Finita:
1124 1832 1230 1887 cuncta
1252 1824 1385 1887 absoluta
1408 1833 1480 1885 etat

148 1930 287 2008 perlecta,
311 1930 442 1989 maxime
464 1931 494 1988 in
516 1929 611 2008 prima
633 1937 663 1988 et
684 1928 814 1989 secunda
837 1946 981 2008 persona;
1005 1929 1091 1988 tertia
1113 1929 1197 2007 quasi
1217 1930 1345 1997 incerta,
1369 1929 1435 2007 quia

124 2039 238 2109 upotest
261 2050 328 2091 esse
352 2039 381 2090 et
404 2028 542 2089 absentis.
570 2027 691 2108 [primm
715 2031 810 2109 prima
834 2038 865 2090 et
884 2028 1013 2090 secunda
1036 2049 1163 2110 persona
1185 2048 1303 2109 semper
1318 2032 1436 2108 generis

150 2141 211 2192 sunt
231 2134 339 2192 omnis.
379 2139 406 2190 et
436 2130 520 2192 multi
542 2131 645 2193 volunt
667 2134 783 2193 tertiam
805 2150 964 2212 personam
987 2131 1098 2192 linitam
1122 2150 1182 2192 non
1207 2151 1286 2201 esse,
1315 2132 1384 2208 quia
1407 2140 1437 2190 et

152 2231 182 2292 de
196 2232 318 2293 absente
334 2232 459 2293 dicimus
481 2231 555 2313 ille]
578 2268 620 2278 —
636 2234 721 2294 Cuias
744 2241 774 2294 et
795 2236 913 2294 cuiatis:
937 2234 994 2294 duo
1017 2235 1072 2294 ista
1094 2253 1186 2295 unum
1201 2235 1378 2312 significant.
1394 2243 1481 2290 -30

154 2333 270 2396 linitum
294 2353 309 2394 a
333 2335 428 2414 prima
444 2353 570 2415 persona
588 2338 749 2397 vocativum
766 2335 946 2414 singularem
963 2335 1141 2406 nonhabet,
1165 2338 1196 2396 in
1212 2334 1318 2416 plurali
1334 2333 1433 2403 habet,
1447 2344 1480 2392 nt

155 2438 211 2512 qnia
233 2436 307 2498 alius
328 2455 430 2497 secum
452 2437 585 2498 includit.
603 2473 643 2483 -
660 2438 738 2498 lnter
760 2439 841 2498 finita
865 2446 895 2499 et
909 2439 1022 2499 infinita
1037 2436 1094 2500 hoc
1108 2440 1247 2498 interest:
1270 2439 1351 2498 linita
1367 2444 1438 2499 sunt

131 2553 219 2617 aquae
239 2537 351 2598 habent
373 2548 485 2599 certam
506 2558 679 2619 personam,
703 2541 816 2600 infinita
838 2559 914 2621 quae
936 2542 1043 2620 cuique
1066 2541 1186 2618 aequari
1207 2547 1339 2619 possunt.
1384 2538 1437 2600 sed

159 2638 219 2700 laec
239 2640 317 2721 apud
340 2641 471 2701 Graecos
493 2643 611 2701 nomina
634 2649 703 2702 sunt
725 2644 935 2720 interrogativa
961 2642 1007 2702 vel
1029 2643 1238 2721 comparativa.
1261 2677 1302 2686 —
1324 2641 1437 2703 Prono·
1450 2651 1483 2700 ‘23

160 2759 229 2817 nen,
253 2744 403 2821 quianon
426 2743 559 2821 iungitur
586 2743 683 2804 olficio
711 2745 767 2803 nisi
794 2745 959 2823 praemisso
982 2747 1112 2806 nomine.
1144 2744 1212 2805 ideo
1235 2744 1308 2804 haec
1330 2763 1437 2823 parsa

161 2841 275 2906 latrone
295 2843 299 2926 Ι
318 2843 502 2904 succedanea
524 2843 644 2915 die-itur,
668 2847 736 2924 quia
758 2865 818 2906 non
834 2827 933 2925 potest
946 2848 977 2906 in
994 2846 1096 2907 eadem
1111 2845 1260 2907 locutione
1277 2863 1357 2915 esse,
1381 2844 1438 2905 hoc

162 2953 197 3004 tat
214 2947 278 3022 quia
300 2945 346 3006 bis
369 2964 477 3006 nomen
501 2948 595 3025 repeti
617 2966 676 3007 non
701 2957 808 3027 potest.
848 2947 921 3008 ordo
944 2955 1043 3010 tamen
1064 2949 1113 3009 hic
1137 2948 1349 3011 custodiendus
1365 2944 1436 3027 estll

137 3053 190 3105 sn
206 3065 309 3108 numen
332 3050 362 3108 in
384 3046 575 3127 praecedenti
597 3050 636 3108 sit
657 3047 736 3119 loeo,
760 3068 927 3129 pronomen
948 3053 979 3111 in
1001 3050 1143 3111 subiecto.
1182 3050 1250 3110 ideo
1271 3068 1438 3128 pronomen

164 3151 307 3210 vocativum
335 3168 434 3210 casum
463 3169 522 3210 non
551 3149 654 3218 habet,
684 3169 732 3210 res
760 3169 835 3229 quae
858 3172 967 3213 nomen
990 3160 1173 3231 praesentat,
1202 3153 1269 3231 quia
1298 3171 1346 3211 res
1368 3150 1437 3211 snb-

165 3249 224 3311 iecta
243 3253 405 3312 vocativum
429 3250 538 3311 habere
561 3270 621 3312 non
644 3259 749 3331 potest.
767 3288 806 3297 —
830 3254 926 3324 Quae
949 3256 1137 3334 recipiunt
1158 3271 1354 3332 personas:
1378 3251 1483 3311 Pii-27

165 3353 219 3412 nius
237 3354 422 3434 artigraphus
445 3353 577 3416 dicentes
598 3356 826 3434 pronominibus
850 3356 939 3416 linitis
961 3355 1096 3415 accidere
1118 3374 1260 3434 personas
1275 3356 1438 3435 reprehen-

166 3449 205 3510 dit.
237 3462 305 3516 tunc
328 3458 407 3516 enim
431 3455 508 3516 bene
530 3455 687 3527 diceretur,
711 3459 736 3517 si
758 3457 835 3518 aliud
852 3468 929 3518 esset
942 3476 1108 3537 pronomen
1122 3459 1254 3526 finitum,
1277 3455 1354 3517 aliud
1371 3476 1438 3537 per-

139 3570 232 3614 asona.
277 3576 339 3618 non
369 3559 448 3617 enim
477 3577 534 3619 una
562 3577 611 3618 res
638 3568 736 3638 potest
764 3579 828 3620 esse
855 3579 929 3640 quae
952 3559 1059 3620 accidit
1082 3567 1111 3618 et
1132 3561 1177 3619 cui
1207 3558 1323 3619 accidit.
1367 3577 1439 3637 ergo

167 3655 253 3718 melius
275 3661 315 3719 ita
331 3659 490 3720 dicendum
506 3669 564 3728 est,
588 3662 641 3729 ait,
667 3661 769 3721 eadem
787 3682 850 3722 esse
865 3665 945 3722 linita
961 3663 1153 3741 paronomina,
1177 3678 1252 3738 quae
1267 3670 1336 3722 sunt
1351 3663 1439 3722 etiam

167 3773 300 3834 personae.
324 3798 366 3806 —
389 3764 431 3821 Vt
453 3780 519 3839 ego
543 3772 577 3822 tu
600 3761 680 3822 ille:
704 3766 766 3843 ipsa
788 3772 858 3823 sunt
877 3760 882 3845 Ι
902 3766 981 3824 linita
1004 3773 1034 3824 et
1055 3781 1131 3840 quae
1147 3781 1183 3823 ex
1198 3763 1244 3823 his
1259 3763 1439 3832 derivantur,

176 3894 362 3907 k--n
385 3902 403 3906 „-
416 3902 422 3905 .
436 3901 446 3906 -

221 3952 277 4001 eod.
294 3952 374 4002 Bem,
395 3952 454 4000 Vlll
472 3949 561 4002 l-ii.
635 3951 699 4000 lna
719 3964 866 4002 nnonornns
883 3951 929 4000 doc
952 3953 1007 4000 loco
1030 3952 1144 4001 omissum
1165 3959 1225 4013 post
1251 3950 1267 4000 3
1289 3960 1438 4016 prucnmtor

168 4020 318 4081 ἀἱματη
387 4019 470 4070 dhon
487 4018 536 4068 hoc
553 4021 658 4068 interest
727 4022 901 4086 oreppetatnr
972 4020 1004 4071 10
1022 4022 1123 4070 scribsit
1143 4020 1256 4070 uocolicu
1328 4020 1440 4083 liquid

170 4085 195 4135 111
253 4091 283 4141 15
302 4100 376 4156 putes
448 4088 480 4140 10
499 4091 568 4138 omni
648 4092 681 4141 21
699 4099 761 4154 aput
830 4092 863 4139 22
882 4105 932 4139 non
951 4107 998 4139 orn.
1071 4093 1208 4139 aharrone
1226 4090 1343 4139 succedat
1363 4091 1387 4138 in
1411 4106 1440 4136 en

223 4159 254 4211 20
269 4171 342 4226 potes
359 4169 384 4209 et
401 4161 427 4208 iu
497 4160 531 4209 24
546 4168 620 4225 potes
689 4160 722 4209 25
738 4161 764 4208 in
783 4160 909 4210 subiectus
979 4161 1013 4211 20
1028 4168 1162 4224 praesenta
1179 4176 1248 4212 corr.
1266 4162 1300 4209 al.
1318 4176 1383 4213 man,
1403 4169 1441 4208 -ut

224 4231 254 4278 21
270 4229 372 4298 plenius
390 4228 529 4295 artigrulus
599 4230 632 4279 28
650 4230 753 4278 infinitis
823 4229 1002 4295 repraehendit
1072 4229 1106 4280 20
1124 4231 1187 4278 aliut
1205 4239 1272 4280 esset
1289 4245 1381 4278 nomen

169 4295 218 4347 aliut
280 4300 313 4351 31
332 4299 498 4366 praenomina

173 4401 301 4411 -.--..--
307 4405 396 4412 ——-
401 4406 450 4412 --

161 4521 166 4533 ,
223 4471 253 4521 15
269 4474 350 4537 prima
369 4499 400 4507 -
422 4471 453 4522 10
467 4472 549 4520 omnis
572 4471 609 4519 ud
630 4487 661 4519 eu
678 4487 743 4536 pune
762 4474 877 4534 proxime
895 4472 1044 4521 antecedunt
1062 4471 1215 4534 explicando
1237 4472 1369 4532 adscripta
1386 4482 1440 4516 erse

167 4539 276 4601 maur,
298 4550 325 4591 nt
347 4543 428 4606 prima
449 4543 568 4590 lermnntis
587 4545 641 4590 luco
659 4545 788 4605 repetitum
806 4545 838 4591 sit
907 4542 942 4592 20
961 4557 1026 4603 quiae
1046 4542 1196 4604 cuicumque
1215 4555 1337 4605 personae
1356 4537 1436 4602 aptari

165 4621 256 4671 munt
272 4613 377 4663 Servius
389 4614 413 4660 in
431 4612 496 4664 Doo.
511 4626 539 4673 p.
560 4611 620 4671 410,
641 4612 672 4661 10
690 4611 764 4677 Serp.
779 4616 883 4674 erepton.
902 4627 928 4674 p.
946 4611 1006 4675 500,
1027 4613 1058 4661 17
1128 4612 1161 4660 22
1179 4612 1239 4674 qnia
1257 4625 1305 4658 non
1326 4607 1439 4671 iungitur

165 4678 283 4732 ternum
336 4681 371 4730 23
387 4681 544 4730 succedanea
562 4681 706 4732 Bondamets
719 4699 772 4731 nar.
790 4685 845 4735 leet.
863 4699 890 4747 p.
909 4682 958 4733 115
1014 4682 1128 4743 sortasse
1147 4682 1206 4742 quin
1224 4681 1263 4729 bis
1281 4691 1369 4726 nomen
1390 4688 1438 4722 non

164 4762 233 4813 poten
248 4754 274 4801 in
345 4753 380 4800 25
398 4754 424 4799 in
437 4752 557 4800 subiectis
577 4751 707 4802 Putaelrins
777 4752 811 4800 20
825 4753 939 4814 fortusse
953 4751 1097 4799 vocativum
1116 4765 1202 4799 cusum
1216 4747 1361 4801 nonhabet,
1380 4745 1439 4805 quin

163 4834 197 4870 res
212 4823 333 4883 subiecta,
352 4835 417 4885 quae
435 4834 525 4870 nomen
543 4831 697 4886 praesentat,
717 4823 858 4872 vocativum
878 4822 970 4871 haltere
996 4836 1044 4870 non
1064 4827 1146 4886 potest
1214 4820 1247 4867 27
1271 4811 1378 4880 Plinius]
1403 4813 1439 4873 cs.

161 4889 261 4956 Pauper.
278 4910 307 4958 p.
322 4889 375 4941 237
391 4892 432 4942 eet.
450 4892 528 4940 Lena.

204 4980 527 5027 ammunitionem.
1216 4968 1238 5031 4
