3346 5498
269 365 333 429 290
839 364 990 425 rennuit

297 474 456 529 ww

270 555 392 616 latinum
416 562 475 624 est,
500 573 537 613 an
561 555 639 613 uon?
674 554 729 612 ista
758 553 872 630 singula
902 552 991 612 latina
1014 559 1091 612 sunt.
1137 568 1229 628 quare
1260 569 1330 630 ergo
1353 554 1455 629 vitiosa
1476 554 1565 614 sunt?

269 654 410 734 quoniam
428 673 499 737 ¹non
527 657 689 734 respiciunt
717 653 912 714 elocutionem
941 654 1160 732 interrogantis.
1210 656 1236 713 si
1264 671 1335 732 ergo
1363 655 1464 715 vitiosa
1494 663 1566 716 sunt

268 756 344 832 ideo,
370 759 510 838 quoniam
534 775 594 816 oon
616 757 779 836 respiciunt
801 755 999 816 elocutionem
1022 758 1240 834 interrogantis,
1269 759 1326 816 iam
1349 757 1496 834 iungenda
1519 765 1566 818 est

268 861 322 920 ista
345 879 395 920 res
418 870 447 919 et
469 859 518 919 illa
540 877 599 927 res,
623 867 657 919 ut
678 860 781 918 vitium
804 858 948 920 ostendat.
988 860 1014 918 si
1035 859 1168 936 iungitur
1189 857 1238 918 illa
1261 877 1330 937 pars
1353 867 1383 918 et
1403 860 1460 919 ista
1482 876 1563 938 pars,

268 963 332 1021 sine
355 960 447 1023 dubio
470 962 675 1021 iniunctione
699 969 743 1019 est
764 962 875 1030 vitium,
899 978 958 1020 non
981 961 1011 1019 in
1034 958 1170 1038 singulis.
1198 959 1279 1036 quid,
1296 960 1414 1040 quando
1436 961 1595 1021 dicimus⁶

268 1062 411 1140 quadriga
439 1081 529 1142 scopa
556 1061 653 1122 scala?
694 1061 787 1131 dicit,
808 1064 995 1141 apertissime
1023 1063 1077 1122 ista
1107 1064 1175 1122 vitia
1205 1061 1381 1123 barbarismi
1409 1071 1491 1132 sunt,
1529 1082 1565 1124 ea

267 1165 392 1235 ratione,
417 1166 556 1243 quoniam
573 1164 714 1242 quadriga
731 1165 851 1224 omuino
867 1182 928 1223 non
942 1164 1060 1232 dicitur,
1079 1164 1130 1223 sed
1147 1162 1326 1241 quadrigae;
1349 1163 1426 1224 scala
1441 1166 1564 1237 omuino

268 1284 328 1327 uon
351 1266 468 1336 dicitur,
492 1267 543 1326 sed
567 1266 679 1333 scalae3
702 1284 791 1344 scopa
814 1268 935 1326 omnino
958 1284 1017 1325 non
1041 1266 1162 1335 dicitur,
1186 1265 1238 1348 sed
1261 1284 1378 1345 scopae.
1424 1284 1496 1344 ergo
1518 1266 1566 1326 di-

268 1369 363 1428 ximus
385 1371 522 1446 superius
546 1370 614 1447 quia
637 1367 714 1446 quod
738 1384 793 1445 per
815 1375 949 1427 naturam
974 1386 1033 1428 nou
1055 1368 1163 1428 dicitur
1179 1366 1378 1429 barbarismus
1400 1375 1458 1436 est;
1482 1369 1567 1447 quod

268 1477 366 1530 autem
390 1488 445 1549 per
467 1479 604 1530 naturam
627 1469 750 1537 dieitur,
781 1468 834 1528 sed
859 1470 890 1528 in
914 1467 1080 1529 elocutione
1108 1488 1168 1530 non
1190 1479 1262 1538 stat,
1291 1468 1483 1530 soloecismus
1507 1479 1565 1533 est.
1582 1480 1610 1518 1⁰

268 1588 340 1648 ergo
363 1590 430 1631 cum
453 1590 508 1650 per
531 1579 664 1634 naturam
687 1589 775 1631 nemo
801 1570 880 1631 dicat
906 1570 1031 1641 scalam,
1060 1590 1147 1632 nemo
1176 1570 1254 1632 dicat
1281 1570 1468 1652 quadrigam,
1498 1574 1567 1632 sine

267 1673 358 1733 dubio
382 1671 560 1733 barbarismi
582 1680 659 1733 sum.

150 1793 207 1845 446,
222 1793 254 1839 aa
352 1776 431 1854 Ergo
455 1795 514 1854 quo
537 1774 626 1835 modo
648 1777 721 1834 saum
748 1774 934 1836 soloecismi?
969 1783 1019 1835 aut
1046 1795 1101 1855 per
1128 1784 1227 1856 partes
1256 1776 1396 1836 orationis
1429 1787 1480 1837 aut
1508 1795 1569 1857 per

266 1878 430 1938 accidentia
452 1879 579 1956 partium
604 1878 753 1937 orationis.
793 1884 865 1955 quot
887 1877 982 1937 modis
1004 1879 1078 1938 liunt
1099 1878 1286 1938 soloecismi?
1316 1863 1450 1937 duobusss
1475 1881 1567 1957 quasi

268 1978 271 2060 l
303 1979 450 2058 generalis
479 1986 523 2039 est
549 1981 603 2039 ista
634 1979 745 2039 divisio.
797 1980 892 2058 prima
920 1978 1023 2039 divisio
1050 1979 1294 2041 soloecismorum
1329 1981 1369 2039 ita
1397 1998 1429 2039 se
1459 1977 1566 2050 babet,
1584 1992 1609 2029 1⁵

266 2082 342 2141 fiunt
362 2064 529 2142 soloecismi
552 2100 605 2160 per
628 2091 728 2159 partes
750 2083 894 2140 orationis
916 2090 966 2141 aut
987 2100 1041 2160 per
1064 2082 1227 2143 accidentia
1255 2083 1383 2160 partium
1406 2082 1565 2142 orationis.
1625 2114 1628 2121 ·

265 2201 320 2262 per
341 2193 442 2264 partes
466 2184 607 2243 orationis
629 2184 703 2243 liunt
725 2182 841 2243 duobus
863 2182 968 2251 modis,
992 2186 1017 2243 si
1039 2193 1089 2245 aut
1111 2173 1201 2246 allera
1230 2203 1286 2263 pro
1308 2184 1400 2243 altera
1422 2191 1567 2262 ponatur,

266 2293 316 2345 aut
343 2286 405 2365 ipsa
436 2305 491 2365 pro
519 2304 551 2345 se
579 2285 657 2346 malo
684 2285 790 2345 ordine
818 2294 953 2364 ponatur.
1005 2285 1097 2347 altera
1126 2305 1180 2366 pro
1209 2284 1300 2346 altera
1335 2287 1470 2365 ponitur,
1503 2302 1567 2362 quo

264 2386 353 2447 modo
375 2390 400 2447 si
423 2388 504 2448 dicas
528 2394 763 2467 ‘torvumque
792 2395 951 2466 repente
979 2386 1129 2448 olamat’
1153 2406 1208 2468 pro
1231 2406 1267 2446 eo
1290 2387 1368 2464 quod
1392 2397 1438 2448 est
1459 2395 1565 2449 torve:

265 2506 336 2548 ecce
359 2496 474 2550 torvum
498 2509 607 2550 nomeu
631 2496 685 2559 est,
710 2497 793 2550 torve
815 2489 986 2549 adverbium
1003 2498 1060 2559 est;
1085 2493 1159 2550 situ
1181 2508 1274 2568 ponas
1296 2507 1406 2550 nomen
1428 2507 1487 2568 pro
1507 2489 1564 2550 ad·
1580 2501 1607 2541 ἲν

264 2590 375 2660 verbio,
400 2591 522 2653 alteram
544 2612 600 2672 pro
622 2592 715 2652 altera
738 2593 871 2671 posuisti.
917 2589 974 2651 boo
996 2594 1097 2652 vitium
1122 2599 1181 2662 est,
1212 2600 1241 2651 et
1269 2591 1356 2651 modo
1378 2591 1435 2651 hoc
1458 2593 1565 2653 vitium

265 2700 476 2754 converterunt
498 2694 535 2754 ad
557 2695 681 2772 figuras,
705 2693 863 2753 honestum
885 2692 1031 2772 loquitur,
1061 2694 1182 2754 doctum
1205 2693 1290 2763 dicit,
1314 2692 1414 2753 nobile
1437 2694 1564 2761 allatum

264 2797 329 2855 sine
352 2795 442 2856 dubio
471 2795 666 2856 soloecismus
696 2804 748 2856 est.
795 2795 852 2855 boc
879 2795 1052 2856 conceditur
1080 2798 1175 2875 poetis
1202 2804 1326 2875 propter
1352 2794 1564 2873 levigationem

264 2917 411 2959 versuum.
459 2907 591 2958 ceterum
614 2901 654 2959 ita
677 2898 801 2958 dicimus
824 2896 1022 2958 elocutionem
1045 2898 1157 2959 debere
1178 2900 1307 2977 propriis
1329 2895 1463 2976 partibus
1487 2914 1562 2958 con·

263 3009 355 3071 stare,
393 2999 517 3079 pulchre
546 3000 632 3070 dicit,
662 3020 721 3061 non
756 2999 930 3078 pulchrum,
963 2999 1050 3062 docte
1082 2999 1227 3079 loquitur,
1269 3018 1328 3060 non
1361 2999 1481 3060 doctum
1517 3000 1563 3060 lo·
1579 3016 1607 3055 as

263 3104 380 3180 quitur,
416 3101 540 3163 honeste
577 3103 740 3170 tabulatur,
781 3120 841 3161 uon
870 3100 1026 3162 honesturn
1063 3101 1219 3162 tabulatur.
1266 3119 1337 3179 ergo
1374 3104 1398 3161 si
1435 3099 1565 3163 alteram

196 3210 199 3215 '
263 3213 375 3282 partem
399 3207 543 3264 orationis
566 3225 620 3285 pro
643 3204 734 3265 altera
757 3223 859 3282 ponas,
884 3203 1091 3265 soloecismum
1114 3205 1186 3264 iacis
1207 3222 1263 3282 per
1277 3211 1391 3288 partem
1407 3205 1562 3266 metionis.

262 3308 333 3367 item
356 3309 380 3366 si
403 3309 499 3386 ipsam
524 3306 650 3367 volueris
672 3324 784 3385 ponere
806 3325 862 3385 pro
885 3308 965 3385 ipsa,
989 3307 1040 3367 sed
1064 3325 1124 3366 non
1147 3314 1228 3366 recto
1251 3305 1365 3375 ordine,
1388 3313 1458 3385 puta
1480 3307 1564 3384 ‘quo

263 3407 373 3469 vadisl’
403 3411 481 3468 intus
503 3427 557 3487 pro
580 3411 672 3477 intro;
696 3407 759 3469 ‘ubi
783 3410 855 3468 estl'
877 3409 956 3468 intro
972 3427 1026 3487 pro
1042 3411 1135 3469 intus:
1159 3416 1285 3486 utraque
1300 3426 1370 3487 pars
1385 3406 1563 3470 adverbium

262 3518 322 3578 est;
339 3511 364 3570 si
380 3511 460 3570 dicas
475 3518 525 3571 aut
540 3513 619 3570 intus
633 3530 689 3593 pro
703 3512 784 3570 intro
800 3518 850 3570 aut
866 3512 944 3570 intro
960 3529 1015 3589 pro
1030 3512 1119 3580 intus,
1133 3529 1202 3570 eece
1217 3512 1280 3589 ipsa
1297 3509 1417 3589 quidem
1433 3518 1565 3590 estpars
1579 3534 1606 3574 ao

263 3613 414 3680 orationis
438 3612 491 3671 sed
513 3631 572 3672 non
596 3631 650 3672 suo
666 3611 732 3672 loco
747 3614 851 3689 posita,
867 3632 926 3673 non
942 3612 1157 3673 rationabiliter
1175 3613 1262 3672 dicta.
1294 3630 1366 3691 ergo
1382 3630 1452 3672 ecce
1468 3631 1564 3693 quem

257 3705 267 3789 'l
293 3712 329 3774 ad
352 3714 472 3774 modum
495 3716 569 3774 liunt
591 3713 707 3773 duobus
730 3714 825 3773 modis
847 3733 901 3792 per
924 3723 1024 3794 partes
1053 3716 1208 3784 orationis,
1237 3717 1262 3773 si
1290 3714 1413 3775 alteram
1440 3723 1564 3793 partem

268 3817 411 3876 orationis
438 3835 494 3895 pro
520 3818 611 3877 altera
640 3833 747 3894 ponas.
779 3818 848 3875 item
878 3818 902 3875 si
929 3819 991 3896 ipsa
1020 3836 1076 3896 pro
1103 3837 1135 3877 se
1162 3834 1222 3876 non
1250 3835 1305 3876 suo
1332 3815 1398 3876 loco
1419 3825 1564 3895 ponatur,

261 3935 358 3995 neque
380 3927 412 3977 ut
434 3900 581 3978 convenit.

142 4041 248 4101 atquo
346 4018 423 4089 Quid
446 4037 501 4097 per
524 4018 685 4079 accidentia
715 4021 843 4097 partium
871 4021 1014 4081 orationis
1037 4038 1125 4100 quem
1149 4020 1185 4080 ad
1210 4022 1328 4081 modum
1357 4022 1433 4083 liunt
1458 4022 1604 4088 soloe-as

263 4122 365 4179 cismi‘t
405 4120 476 4180 dicit
498 4131 541 4181 tot
563 4120 673 4190 modis,
702 4129 772 4200 quot
801 4131 871 4181 sunt
893 4124 953 4201 ipsa
977 4121 1148 4183 accidentia.
1195 4131 1267 4202 (quot
1294 4132 1363 4183 sunt
1392 4123 1564 4187 accidentia

261 4223 407 4283 nominis?
443 4241 503 4282 sex.
549 4231 621 4302 quot
647 4233 716 4283 seint
743 4223 906 4283 accidentia
933 4226 1135 4303 pronominis?
1177 4231 1247 4304 quot
1279 4225 1418 4285 accidunt
1445 4225 1564 4290 verbo?

262 4333 333 4403 quot
356 4324 492 4384 accidunt
523 4324 681 4384 adverbio?
715 4343 785 4403 ergo
816 4332 889 4402 quot
915 4335 984 4385 sunt
1010 4326 1187 4395 accidentia,
1219 4313 1353 4387 tot'suut
1376 4329 1465 4389 etiam
1487 4330 1564 4391 vitia

261 4445 315 4504 per
337 4427 502 4487 accidentia
525 4429 652 4505 partium
677 4429 829 4487 orationis.
876 4447 930 4506 per
952 4428 1122 4516 qualitatem
1146 4431 1288 4489 nominis:
1312 4428 1438 4508 qualitas
1462 4435 1563 4492 nomi·

331 4631 362 4680 17
382 4633 403 4680 si
420 4632 498 4681 altera
519 4649 565 4697 pro
584 4631 663 4679 altere
682 4647 763 4696 ponas
782 4642 825 4680 urit
844 4634 900 4697 ipsa
919 4647 964 4696 per
982 4649 1010 4681 se
1029 4634 1095 4681 arrato
1115 4634 1202 4683 ordine
1222 4643 1331 4698 ponatur
1348 4635 1389 4686 P:
1408 4650 1455 4701 pro
1475 4635 1558 4686 altera

260 4715 306 4750 om.
325 4700 401 4751 BOS
473 4704 505 4753 lu
522 4699 682 4765 torvumque]
715 4703 794 4765 Verp.
815 4705 881 4751 Aea.
903 4702 948 4751 Vll
966 4701 1018 4753 399
1088 4704 1184 4754 3llaut
1205 4705 1273 4753 intus
1292 4713 1335 4753 aru
1354 4704 1415 4770 (pro
1435 4704 1469 4767 C)
1488 4707 1558 4756 iutro

260 4787 318 4820 ecce
337 4771 413 4821 Bou
463 4774 496 4821 32
514 4773 613 4822 duobus
634 4773 715 4820 nrodis
734 4783 776 4820 arrt
792 4789 837 4836 per
856 4781 940 4838 partes
957 4775 1078 4821 orationis
1094 4775 1115 4822 si
1134 4774 1236 4822 alteram
1257 4784 1354 4838 partem
1371 4775 1495 4824 orationis
1508 4791 1557 4841 pao

261 4840 338 4890 ultera
358 4858 437 4906 ponas
456 4852 496 4889 aut
518 4844 576 4892 item
595 4842 675 4902 (idem
695 4842 731 4899 lv)
751 4858 795 4907 per·
814 4843 960 4890 accedentia
980 4845 1089 4906 partium
1109 4845 1231 4891 orationis
1249 4847 1270 4893 si
1290 4846 1345 4911 ipsa
1364 4844 1439 4894 BCS
