3346 5498
686 371 922 435 COblllEN'l'Vbl
1393 369 1452 434 131

1296 507 1301 518 .
1315 480 1392 521 ιιι-ιε
1405 479 1428 520 ι,

162 575 233 636 ergo
260 558 411 618 distinctio
439 559 603 637 corrumpit
628 559 700 618 istas
722 557 851 635 regulas.
895 559 965 618 item
988 557 1128 619 discretio
1149 566 1249 637 potest
1271 492 1370 638 [banse
1393 557 1454 617 dis·
1523 624 1528 634 y

161 659 315 740 cretionis]
345 677 539 738 corrumpere
566 660 637 719 istas
666 659 798 738 regulas,
827 667 859 720 ut
885 661 963 739 pone
992 670 1021 720 et
1047 664 1134 739 pone.
1181 662 1204 719 si
1234 659 1344 720 dixeris
1366 660 1453 739 pond,
1523 723 1526 726 ,

159 764 217 823 evit
250 762 446 841 praepositio;
484 762 509 820 si
541 760 652 820 dixeris
686 767 780 841 pone,
815 763 872 822 evit
906 761 1026 822 verbum
1054 763 1221 842 imperativi
1249 760 1339 821 modi.
1384 779 1455 822 eccc

156 872 283 944 propter
309 863 519 924 discretionem
548 872 745 943 corrumpunt
766 864 894 942 regulas.
939 881 1030 941 quare
1053 866 1265 942 corrumpunt?
1288 865 1356 940 qnia
1378 863 1453 923 diri-

130 980 227 1026 amus
249 963 359 1026 nullam
382 972 497 1044 partem
514 983 577 1024 csse
594 967 749 1035 orationis,
773 985 849 1044 quae
872 968 902 1026 in
926 966 1028 1025 ultima
1050 973 1135 1046 parte
1157 965 1265 1025 babeat
1287 973 1453 1035 accentum,

158 1076 189 1127 et
212 1069 379 1127 invenimus
401 1065 490 1136 duas,
513 1068 591 1147 pond
615 1075 644 1127 et
664 1071 753 1147 pdne,
777 1073 847 1145 ergd
870 1075 900 1127 et
922 1067 1003 1144 ergo.
1048 1066 1100 1127 sed
1124 1085 1183 1126 uon
1206 1067 1381 1128 naturaliter
1402 1067 1454 1127 ba·

158 1170 211 1231 bct
243 1168 293 1228 illa
326 1168 428 1228 rrldma
461 1166 571 1247 syllaba
604 1178 775 1237 accentum,
804 1169 855 1230 sed
884 1177 1006 1248 propter
1034 1168 1254 1229 discretionem.
1299 1187 1366 1229 nam
1395 1185 1455 1246 quo

70 1335 74 1338 ,
158 1271 248 1332 modo
271 1278 369 1350 potest
390 1270 456 1330 fieri
477 1278 509 1330 ut
529 1271 585 1329 ista
609 1269 710 1331 ultima
734 1269 846 1350 syllaba
869 1270 975 1331 babeat
997 1279 1168 1338 accentum,
1198 1289 1264 1330 cnm
1293 1269 1456 1330 dixerimus

158 1375 189 1435 in
214 1372 317 1432 ultima
339 1369 449 1450 syllaba
465 1390 628 1449 numquam
643 1374 771 1433 inveniri
792 1391 879 1452 posse
902 1373 1077 1432 accentum?
1100 1391 1169 1433 narn
1191 1371 1309 1452 quando
1332 1371 1457 1432 dicimus

119 1493 146 1530 ro
158 1475 238 1554 pone
263 1472 411 1555 [ultimam
435 1473 547 1534 babere
569 1473 753 1554 accentum]‚
778 1492 837 1534 non
860 1474 927 1534 iden
951 1473 1094 1543 dicimus,
1119 1476 1187 1551 qnia
1211 1476 1254 1535 sic
1276 1473 1367 1534 debet
1387 1474 1455 1542 dici,

156 1576 212 1636 scd
236 1586 269 1637 ut
290 1578 329 1636 sit
351 1577 502 1637 discretio.
547 1578 618 1635 item
641 1575 760 1652 qnando
784 1576 910 1636 dicimus
934 1580 1020 1653 ergo,
1049 1594 1109 1636 non
1132 1576 1200 1636 iden
1223 1577 1364 1644 dicimus,
1387 1577 1456 1653 quia

157 1680 202 1739 sic
225 1676 314 1737 debet
336 1678 410 1746 dici,
433 1677 485 1736 sed
510 1679 600 1737 nisit
623 1676 772 1738 discretio.
809 1681 880 1738 item
904 1677 1023 1756 quando
1046 1677 1172 1737 dicimus
1195 1682 1282 1756 ergo,
1306 1696 1365 1737 uon
1388 1676 1457 1737 ideo

159 1780 300 1848 dicimus,
318 1781 386 1859 quia
408 1780 451 1839 sic
474 1777 562 1839 debet
582 1779 656 1848 dici,
679 1775 740 1839 sed'
755 1788 787 1838 ιιι
808 1781 847 1839 sit
868 1779 1009 1840 diseretio
1031 1792 1155 1858 propter
1178 1780 1249 1856 crgo
1272 1781 1455 1839 coniunctio·

158 1900 229 1942 nem
252 1879 437 1941 rationalem.
483 1880 551 1941 ideo
573 1882 604 1941 in
627 1879 729 1940 ultima
753 1880 862 1960 syllaba
886 1883 1078 1943 inveniuntur
1101 1890 1249 1941 accentus.
1289 1899 1360 1958 ergo
1382 1882 1456 1941 istac

119 1992 230 2045 rasunt
257 1982 333 2043 duae
361 1991 462 2062 partes
489 1989 616 2051 tantum,
650 2000 725 2060 quae
755 2002 845 2044 causa
874 1982 1062 2043 discretionis
1088 1993 1285 2062 corrumpunt
1311 1981 1455 2061 regulam.

158 2086 361 2166 pronuntiatio
390 2085 562 2164 frequentor
590 2086 769 2163 corrumpit,
798 2094 831 2144 ut
858 2093 926 2164 puta
950 2089 954 2166 Ι
979 2085 1093 2146 clectus.
1139 2103 1214 2163 quac
1236 2084 1348 2165 syllaba
1369 2083 1558 2156 babctaantt

158 2188 335 2252 accentum?
369 2185 440 2255 doc,
469 2189 609 2263 qnoniam
636 2188 719 2265 prior
746 2185 858 2265 syllaba
886 2206 1005 2266 semper
1031 2185 1121 2246 babet
1143 2196 1308 2247 accentum.
1354 2186 1456 2247 ultima

159 2292 240 2351 enim
263 2305 425 2364 numquam
447 2288 537 2348 babet
558 2296 607 2349 aut
629 2290 658 2347 in
683 2306 768 2349 versu
793 2291 894 2348 autin
917 2308 1015 2368 prosa.
1045 2288 1121 2349 addc
1143 2288 1186 2348 illi
1208 2290 1456 2358 coniunctionem,

159 2400 190 2452 et
211 2391 293 2452 vides
321 2391 460 2468 quoniam
489 2391 571 2469 prior
599 2389 709 2469 syllaba
732 2391 838 2469 perdet
860 2399 1030 2460 accentum,
1059 2400 1129 2470 puta
1153 2390 1333 2469 ‘doctusque
1355 2389 1457 2451 Palae·

119 2499 259 2555 ecmon'.
305 2497 362 2553 iam
390 2494 494 2571 incipit
521 2512 580 2552 nuri
608 2494 638 2552 in
666 2492 722 2552 doc
753 2511 816 2552 esse
844 2502 999 2562 accentus,
1029 2493 1081 2553 sed
1108 2495 1139 2552 in
1167 2500 1228 2562 tus;
1258 2511 1328 2552 cccc
1356 2491 1457 2553 ultima

159 2594 274 2675 syllaba
302 2592 424 2654 babebit
452 2602 616 2654 accentum.
662 2602 691 2654 et
713 2613 788 2674 quac
810 2603 881 2655 suut
902 2604 1002 2674 partes
1024 2612 1100 2672 quac
1122 2594 1240 2655 additae
1263 2604 1459 2673 currumpunt

159 2696 298 2776 regulas?
322 2715 380 2756 non
404 2697 609 2756 enimomnes
632 2706 842 2776 corrumpunt,
866 2697 918 2757 sed
941 2705 1010 2758 sunt
1030 2705 1131 2775 partes
1154 2716 1229 2776 quae
1251 2697 1368 2757 additae
1391 2715 1457 2757 cor-

160 2800 314 2877 rumpunt.
361 2806 390 2857 et
417 2805 488 2858 suut
513 2800 601 2859 istae:
637 2817 690 2867 ne,
720 2799 838 2878 quando
866 2807 911 2859 cst
932 2801 1116 2868 coniunctio,
1146 2818 1215 2858 ecce
1237 2797 1329 2858 babes
1352 2816 1457 2867 unam:

160 2920 210 2970 vc,
244 2918 314 2959 ecce
348 2898 441 2959 babes
469 2899 555 2968 duas;
584 2919 658 2979 que,
690 2919 759 2961 ecce
788 2900 881 2961 babes
909 2909 985 2964 tres:
1014 2919 1062 2970 ce,
1092 2919 1162 2960 ecce
1191 2900 1284 2960 habes
1307 2908 1457 2977 quattuor.

120 3005 234 3063 mistae
257 3009 328 3061 sunt
349 3019 424 3080 quae
447 3012 641 3080 corrumpunt
664 3001 781 3078 regulas
803 3011 988 3063 accentuum.
1020 3011 1089 3082 puta
1113 3003 1238 3080 primus,
1264 3002 1340 3062 adde
1355 3019 1459 3063 omnes

160 3108 232 3166 istas
259 3113 374 3184 partes:
404 3104 570 3181 primdsne,
601 3122 671 3163 ecce
700 3123 760 3163 non
788 3103 909 3164 babebit
936 3106 994 3163 iam
1023 3112 1178 3163 accentum
1208 3106 1269 3181 pri.
1298 3103 1351 3164 sed
1379 3123 1455 3171 mus,

159 3225 231 3266 ecce
260 3206 440 3282 corrumpit;
470 3215 499 3265 et
526 3208 551 3264 si
578 3205 660 3265 dicas
686 3206 850 3284 primusve,
881 3225 950 3264 ecce
974 3208 1153 3284 corrurnpit;
1185 3207 1373 3285 primusque,
1397 3205 1457 3284 pri·

161 3308 282 3375 musce,
307 3325 377 3366 ecce
400 3308 573 3387 corrumpit.
605 3307 657 3366 sed
681 3308 756 3367 lurte
779 3308 861 3367 dicas
882 3307 957 3366 milri
978 3305 1046 3366 ‘sed
1069 3308 1178 3385 positio
1201 3309 1373 3386 corrumpit,
1397 3325 1457 3367 nou

160 3427 301 3469 accessus
316 3409 438 3467 istarum
454 3411 611 3487 partinm'.
644 3410 731 3469 etiam
754 3410 779 3467 si
800 3409 908 3488 positio
932 3427 991 3469 non
1014 3407 1185 3476 accederet,
1209 3416 1307 3469 tamen
1324 3426 1459 3469 currum·

121 3536 148 3587 ao
162 3519 288 3592 peretur
311 3519 459 3571 accentus
503 3517 572 3589 puta
595 3511 690 3579 Musa,
714 3530 764 3570 mu
785 3509 875 3570 babet
897 3519 1065 3577 accentuum
1095 3509 1169 3569 adde
1192 3508 1234 3569 illi
1255 3511 1326 3570 istas
1347 3516 1458 3588 partes,

160 3623 192 3674 et
206 3615 423 3693 corrumpitur,
446 3613 568 3673 Musaue
589 3611 706 3672 Musdve
728 3613 869 3689 Musaque
889 3614 1022 3673 blusdce:
1047 3630 1116 3672 ecce
1136 3611 1186 3671 illa
1202 3630 1278 3691 quac
1300 3621 1346 3672 cst
1359 3611 1459 3672 brevis

162 3715 265 3776 ultima
295 3716 358 3793 ipsa
387 3712 476 3773 babet
498 3721 662 3775 accentum.
707 3720 736 3773 et
758 3713 885 3774 dirimas
907 3715 991 3793 quia,
1016 3712 1134 3792 quando
1157 3713 1338 3792 paenultima
1362 3708 1460 3774 brevis

160 3818 266 3885 inerit,
292 3826 362 3875 tunc
386 3819 470 3878 tertia
494 3834 510 3874 a
533 3817 591 3876 fine
614 3814 734 3875 habebit
756 3823 924 3883 accentum:
954 3822 1105 3875 ettamen
1128 3834 1198 3876 ecce
1221 3825 1391 3894 corruptam
1414 3817 1459 3875 in·

161 3919 305 3977 venimus.
352 3936 422 3977 ecce
451 3917 546 3985 vides,
575 3919 606 3976 in
635 3926 777 3996 quantum
808 3917 923 3977 valeant
949 3918 1022 3977 istae
1044 3915 1229 3997 parlticulae,
1261 3919 1291 3976 iu
1316 3927 1459 3993 quantum

118 4022 278 4100 capessint
298 4026 344 4089 ut,
369 4021 457 4080 etiam
480 4019 624 4080 brevissi
648 4020 700 4087 sit,
729 4017 760 4077 id
791 4026 835 4078 est
861 4018 971 4097 syllaba
995 4036 1070 4095 quae
1100 4019 1272 4080 naturaliter
1295 4018 1394 4079 breuis
1417 4026 1461 4079 est

160 4130 287 4208 cogatur
310 4120 422 4181 babere
445 4130 614 4189 accentum,
639 4139 698 4180 non
722 4120 910 4189 naturaliter,
934 4121 986 4181 sed
1009 4140 1097 4181 cansa
1120 4123 1252 4181 istarum.
1298 4141 1367 4182 nam
1390 4140 1459 4181 ecce

160 4225 260 4292 Musa,
285 4222 334 4283 illa
357 4222 465 4302 syllaba
490 4241 564 4301 quue
580 4225 662 4301 prior
678 4232 723 4282 cst
742 4223 804 4302 ipsa
823 4222 912 4282 babet
926 4231 1092 4283 accentum.
1122 4226 1147 4282 si
1163 4222 1252 4283 addas
1268 4242 1326 4302 que
1349 4233 1400 4283 aut
1414 4241 1458 4290 ve,

159 4327 185 4385 si
208 4325 293 4385 dicas
307 4324 449 4401 Musaque
470 4325 605 4390 illusore,
630 4324 734 4385 ubiubi
756 4326 927 4401 contigerit,
951 4326 1013 4402 ipsa
1037 4329 1139 4384 ultima
1162 4325 1251 4385 babet
1273 4333 1435 4385 accentum.

235 4531 247 4581 i
275 4530 342 4579 idem
364 4529 484 4579 discretio
502 4529 555 4578 BG
576 4530 642 4579 idem
660 4529 774 4578 diseritio
789 4545 805 4576 a
825 4529 892 4578 idem
910 4528 1041 4577 distinctio
1061 4528 1085 4576 A
1172 4527 1189 4579 9
1208 4529 1322 4579 inuenire
1340 4527 1392 4576 Ac

163 4601 267 4663 quando
286 4601 402 4649 dicemus
417 4601 441 4647 A
514 4599 545 4648 10
564 4614 614 4647 non
634 4601 691 4649 ideo
711 4600 824 4648 dicemus
840 4598 864 4646 A
937 4599 967 4648 ll
987 4598 1087 4660 quaudo
1107 4599 1220 4648 dicemus
1239 4615 1301 4664 ergo
1318 4612 1367 4647 non
1386 4597 1458 4659 (ideo

164 4669 228 4719 add.
248 4667 295 4733 ὤ)
309 4670 424 4719 dicemus
444 4669 468 4718 A
540 4669 571 4719 13
591 4670 792 4718 coniunctionem
811 4669 886 4719 nna
905 4669 1057 4717 iunctionem
1079 4669 1102 4716 A
1157 4663 1365 4732 irrationalem]
1387 4681 1460 4715 suam

165 4739 250 4789 ABG
330 4740 494 4788 inueniuntur
513 4739 718 4788 ABinuenitur
736 4740 780 4789 Co
871 4739 1135 4788 lidochoAC
1220 4739 1253 4785 32
1272 4737 1384 4785 diximus
1401 4737 1460 4800 quia

166 4811 269 4873 quando
286 4810 361 4860 noa
380 4810 492 4858 diximus
514 4810 564 4858 iam
582 4811 683 4872 qnando
702 4810 726 4857 A
780 4809 814 4860 35
831 4809 917 4858 breuis
935 4811 958 4857 εἰ
975 4809 1008 4857 εἰι
1027 4809 1053 4857 id
1068 4818 1106 4856 est
1120 4805 1210 4857 nna*
1230 4807 1321 4856 bren..
1342 4807 1422 4856 idest
1437 4807 1461 4855 A

219 4878 253 4929 36
271 4891 378 4945 cogatur
391 4878 575 4929 Lindemnnauc
587 4881 688 4944 cogitur
702 4878 753 4927 AB
769 4880 910 4945 cogetur-C
959 4878 1049 4929 33nbi
1066 4878 1179 4926 etubiC
1229 4876 1459 4927 ultimaom.ABc‘

1215 4962 1258 5024 9*
