<?xml version="1.0" encoding="UTF-8"?>
<!DOCTYPE html PUBLIC "-//W3C//DTD XHTML 1.0 Transitional//EN"
    "http://www.w3.org/TR/xhtml1/DTD/xhtml1-transitional.dtd">
<html xmlns="http://www.w3.org/1999/xhtml" xml:lang="en" lang="en">
 <head>
  <title>
</title>
<meta http-equiv="Content-Type" content="text/html;charset=utf-8" />
  <meta name='ocr-system' content='tesseract 3.04.00' />
  <meta name='ocr-capabilities' content='ocr_page ocr_carea ocr_par ocr_line ocrx_word'/>
</head>
<body>
  <div class='ocr_page' id='page_1' title='image "./grammaticilatin03keilgoog_0105.png"; bbox 0 0 3346 5498; ppageno 0'>
   <div class='ocr_carea' id='block_1_1' title="bbox 176 353 893 429">
    <p class='ocr_par' dir='ltr' id='par_1_1' title="bbox 176 353 893 429">
     <span class='ocr_line' id='line_1_1' title="bbox 176 353 893 429; baseline -0.001 -2"><span class='ocrx_word' id='word_1_1' title='bbox 176 364 217 427; x_wconf 76' lang='lat' dir='ltr'>ar</span> <span class='ocrx_word' id='word_1_2' title='bbox 742 353 893 429; x_wconf 79' lang='lat' dir='ltr'>rourru</span> 
     </span>
    </p>
   </div>
   <div class='ocr_carea' id='block_1_2' title="bbox 172 549 1471 4915">
    <p class='ocr_par' dir='ltr' id='par_1_2' title="bbox 172 549 1471 4915">
     <span class='ocr_line' id='line_1_2' title="bbox 176 549 1466 636; baseline 0 -23"><span class='ocrx_word' id='word_1_3' title='bbox 176 573 208 636; x_wconf 87' lang='lat' dir='ltr'>p.</span> <span class='ocrx_word' id='word_1_4' title='bbox 231 549 294 614; x_wconf 90' lang='grc'>430</span> <span class='ocrx_word' id='word_1_5' title='bbox 322 555 387 614; x_wconf 83' lang='lat' dir='ltr'>uide</span> <span class='ocrx_word' id='word_1_6' title='bbox 413 557 487 629; x_wconf 81' lang='lat' dir='ltr'>quid</span> <span class='ocrx_word' id='word_1_7' title='bbox 515 559 545 614; x_wconf 88' lang='lat' dir='ltr'>in</span> <span class='ocrx_word' id='word_1_8' title='bbox 569 557 722 632; x_wconf 87' lang='lat' dir='ltr'>principio</span> <span class='ocrx_word' id='word_1_9' title='bbox 750 562 871 616; x_wconf 82' lang='lat' dir='ltr'>tractet.</span> <span class='ocrx_word' id='word_1_10' title='bbox 915 559 1058 615; x_wconf 85' lang='lat' dir='ltr'>ceterum</span> <span class='ocrx_word' id='word_1_11' title='bbox 1080 572 1153 613; x_wconf 90' lang='lat' dir='ltr'>eum</span> <span class='ocrx_word' id='word_1_12' title='bbox 1176 550 1284 616; x_wconf 85' lang='lat' dir='ltr'>Servii</span> <span class='ocrx_word' id='word_1_13' title='bbox 1305 572 1466 616; x_wconf 87' lang='lat' dir='ltr'>commen·</span> 
     </span>
     <span class='ocr_line' id='line_1_3' title="bbox 175 651 1466 740; baseline -0.001 -24"><span class='ocrx_word' id='word_1_14' title='bbox 175 651 295 716; x_wconf 90' lang='lat' dir='ltr'>tarium</span> <span class='ocrx_word' id='word_1_15' title='bbox 323 674 342 716; x_wconf 89' lang='lat' dir='ltr'>a</span> <span class='ocrx_word' id='word_1_16' title='bbox 368 651 523 739; x_wconf 91' lang='lat' dir='ltr'>Pompeio</span> <span class='ocrx_word' id='word_1_17' title='bbox 552 664 744 740; x_wconf 89' lang='lat' dir='ltr'>usurpatum</span> <span class='ocrx_word' id='word_1_18' title='bbox 772 675 844 717; x_wconf 91' lang='lat' dir='ltr'>esse</span> <span class='ocrx_word' id='word_1_19' title='bbox 872 652 963 735; x_wconf 90' lang='lat' dir='ltr'>dico,</span> <span class='ocrx_word' id='word_1_20' title='bbox 991 675 1057 717; x_wconf 87' lang='lat' dir='ltr'>non</span> <span class='ocrx_word' id='word_1_21' title='bbox 1084 651 1145 716; x_wconf 91' lang='lat' dir='ltr'>hoc</span> <span class='ocrx_word' id='word_1_22' title='bbox 1167 652 1254 733; x_wconf 89' lang='lat' dir='ltr'>dieo,</span> <span class='ocrx_word' id='word_1_23' title='bbox 1282 652 1341 717; x_wconf 85' lang='lat' dir='ltr'>hos</span> <span class='ocrx_word' id='word_1_24' title='bbox 1363 651 1466 717; x_wconf 88' lang='lat' dir='ltr'>libros</span> 
     </span>
     <span class='ocr_line' id='line_1_4' title="bbox 177 752 1466 841; baseline 0 -25"><span class='ocrx_word' id='word_1_25' title='bbox 177 755 230 839; x_wconf 90' lang='lat' dir='ltr'>qui</span> <span class='ocrx_word' id='word_1_26' title='bbox 258 777 343 818; x_wconf 88' lang='lat' dir='ltr'>nunc</span> <span class='ocrx_word' id='word_1_27' title='bbox 372 752 490 819; x_wconf 85' lang='lat' dir='ltr'>Servii</span> <span class='ocrx_word' id='word_1_28' title='bbox 508 754 561 820; x_wconf 85' lang='lat' dir='ltr'>vel</span> <span class='ocrx_word' id='word_1_29' title='bbox 590 756 696 840; x_wconf 83' lang='lat' dir='ltr'><strong>Sergii</strong></span> <span class='ocrx_word' id='word_1_30' title='bbox 723 756 852 820; x_wconf 90' lang='lat' dir='ltr'>nomine</span> <span class='ocrx_word' id='word_1_31' title='bbox 880 755 1030 841; x_wconf 87' lang='lat' dir='ltr'>inseripti</span> <span class='ocrx_word' id='word_1_32' title='bbox 1057 754 1207 819; x_wconf 80' lang='lat' dir='ltr'>ferrmtur</span> <span class='ocrx_word' id='word_1_33' title='bbox 1235 755 1276 821; x_wconf 92' lang='lat' dir='ltr'>ab</span> <span class='ocrx_word' id='word_1_34' title='bbox 1305 774 1341 818; x_wconf 87' lang='lat' dir='ltr'>eo</span> <span class='ocrx_word' id='word_1_35' title='bbox 1364 752 1466 820; x_wconf 88' lang='lat' dir='ltr'>lectos</span> 
     </span>
     <span class='ocr_line' id='line_1_5' title="bbox 175 854 1467 944; baseline -0.001 -26"><span class='ocrx_word' id='word_1_36' title='bbox 175 877 264 937; x_wconf 87' lang='lat' dir='ltr'>esse,</span> <span class='ocrx_word' id='word_1_37' title='bbox 294 854 531 942; x_wconf 88' lang='lat' dir='ltr'>sedquoniam</span> <span class='ocrx_word' id='word_1_38' title='bbox 558 858 618 923; x_wconf 91' lang='lat' dir='ltr'>hos</span> <span class='ocrx_word' id='word_1_39' title='bbox 647 858 736 944; x_wconf 91' lang='lat' dir='ltr'>ipsos</span> <span class='ocrx_word' id='word_1_40' title='bbox 770 880 811 921; x_wconf 86' lang='lat' dir='ltr'>ex</span> <span class='ocrx_word' id='word_1_41' title='bbox 844 857 994 922; x_wconf 85' lang='lat' dir='ltr'>uberiore</span> <span class='ocrx_word' id='word_1_42' title='bbox 1028 855 1260 921; x_wconf 89' lang='lat' dir='ltr'>commentario</span> <span class='ocrx_word' id='word_1_43' title='bbox 1294 864 1467 942; x_wconf 83' lang='lat' dir='ltr'>excerptos</span> 
     </span>
     <span class='ocr_line' id='line_1_6' title="bbox 176 956 1468 1044; baseline -0.001 -23"><span class='ocrx_word' id='word_1_44' title='bbox 176 979 247 1021; x_wconf 86' lang='lat' dir='ltr'>esse</span> <span class='ocrx_word' id='word_1_45' title='bbox 270 956 423 1044; x_wconf 81' lang='lat' dir='ltr'><strong>adparet,</strong></span> <span class='ocrx_word' id='word_1_46' title='bbox 446 958 591 1044; x_wconf 79' lang='lat' dir='ltr'>pleniore</span> <span class='ocrx_word' id='word_1_47' title='bbox 615 970 647 1025; x_wconf 89' lang='lat' dir='ltr'>et</span> <span class='ocrx_word' id='word_1_48' title='bbox 669 959 822 1024; x_wconf 86' lang='lat' dir='ltr'>uberiore</span> <span class='ocrx_word' id='word_1_49' title='bbox 837 957 945 1024; x_wconf 89' lang='lat' dir='ltr'>Servii</span> <span class='ocrx_word' id='word_1_50' title='bbox 967 957 1051 1023; x_wconf 92' lang='lat' dir='ltr'>libro</span> <span class='ocrx_word' id='word_1_51' title='bbox 1066 956 1257 1044; x_wconf 88' lang='lat' dir='ltr'>Pompeium</span> <span class='ocrx_word' id='word_1_52' title='bbox 1279 978 1374 1020; x_wconf 89' lang='lat' dir='ltr'>usum</span> <span class='ocrx_word' id='word_1_53' title='bbox 1396 977 1468 1020; x_wconf 90' lang='lat' dir='ltr'>esse</span> 
     </span>
     <span class='ocr_line' id='line_1_7' title="bbox 175 1046 1467 1147; baseline -0.002 -25"><span class='ocrx_word' id='word_1_54' title='bbox 175 1058 377 1145; x_wconf 87' lang='lat' dir='ltr'>putabimus.</span> <span class='ocrx_word' id='word_1_55' title='bbox 412 1046 462 1125; x_wconf 34' lang='lat' dir='ltr'>‘de</span> <span class='ocrx_word' id='word_1_56' title='bbox 490 1083 651 1125; x_wconf 87' lang='lat' dir='ltr'>consensu</span> <span class='ocrx_word' id='word_1_57' title='bbox 683 1071 791 1125; x_wconf 89' lang='lat' dir='ltr'>autem</span> <span class='ocrx_word' id='word_1_58' title='bbox 823 1061 992 1147; x_wconf 90' lang='lat' dir='ltr'>utriusque</span> <span class='ocrx_word' id='word_1_59' title='bbox 1021 1059 1226 1143; x_wconf 82' lang='lat' dir='ltr'>grammatici</span> <span class='ocrx_word' id='word_1_60' title='bbox 1254 1079 1318 1144; x_wconf 92' lang='lat' dir='ltr'>quo</span> <span class='ocrx_word' id='word_1_61' title='bbox 1345 1057 1467 1123; x_wconf 87' lang='lat' dir='ltr'>certius</span> 
     </span>
     <span class='ocr_line' id='line_1_8' title="bbox 176 1158 1467 1247; baseline 0 -24"><span class='ocrx_word' id='word_1_62' title='bbox 176 1171 356 1242; x_wconf 88' lang='lat' dir='ltr'>constaret,</span> <span class='ocrx_word' id='word_1_63' title='bbox 379 1163 573 1247; x_wconf 80' lang='lat' dir='ltr'>praesertim</span> <span class='ocrx_word' id='word_1_64' title='bbox 588 1185 661 1227; x_wconf 90' lang='lat' dir='ltr'>cum</span> <span class='ocrx_word' id='word_1_65' title='bbox 677 1161 784 1228; x_wconf 80' lang='lat' dir='ltr'>Servii</span> <span class='ocrx_word' id='word_1_66' title='bbox 806 1161 1030 1229; x_wconf 82' lang='lat' dir='ltr'>adnotationes</span> <span class='ocrx_word' id='word_1_67' title='bbox 1046 1183 1133 1225; x_wconf 91' lang='lat' dir='ltr'>nune</span> <span class='ocrx_word' id='word_1_68' title='bbox 1154 1158 1364 1246; x_wconf 83' lang='lat' dir='ltr'>conpluribus</span> <span class='ocrx_word' id='word_1_69' title='bbox 1387 1158 1467 1223; x_wconf 89' lang='lat' dir='ltr'>locis</span> 
     </span>
     <span class='ocr_line' id='line_1_9' title="bbox 176 1261 1466 1348; baseline -0.002 -22"><span class='ocrx_word' id='word_1_70' title='bbox 176 1262 345 1347; x_wconf 83' lang='lat' dir='ltr'>dispersae</span> <span class='ocrx_word' id='word_1_71' title='bbox 372 1262 550 1348; x_wconf 76' lang='lat' dir='ltr'>legantur,</span> <span class='ocrx_word' id='word_1_72' title='bbox 567 1263 675 1328; x_wconf 88' lang='lat' dir='ltr'>Servii</span> <span class='ocrx_word' id='word_1_73' title='bbox 702 1261 808 1345; x_wconf 87' lang='lat' dir='ltr'>locos,</span> <span class='ocrx_word' id='word_1_74' title='bbox 837 1264 895 1329; x_wconf 92' lang='lat' dir='ltr'>ubi</span> <span class='ocrx_word' id='word_1_75' title='bbox 918 1264 1050 1328; x_wconf 87' lang='lat' dir='ltr'>eaedem</span> <span class='ocrx_word' id='word_1_76' title='bbox 1073 1285 1124 1327; x_wconf 86' lang='lat' dir='ltr'>res</span> <span class='ocrx_word' id='word_1_77' title='bbox 1148 1262 1190 1327; x_wconf 90' lang='lat' dir='ltr'>ab</span> <span class='ocrx_word' id='word_1_78' title='bbox 1213 1283 1251 1328; x_wconf 89' lang='lat' dir='ltr'>eo</span> <span class='ocrx_word' id='word_1_79' title='bbox 1274 1270 1466 1343; x_wconf 73' lang='lat' dir='ltr'>tractantur,</span> 
     </span>
     <span class='ocr_line' id='line_1_10' title="bbox 175 1360 1466 1451; baseline -0.001 -24"><span class='ocrx_word' id='word_1_80' title='bbox 175 1365 317 1428; x_wconf 89' lang='lat' dir='ltr'>numeris</span> <span class='ocrx_word' id='word_1_81' title='bbox 350 1365 543 1451; x_wconf 85' lang='lat' dir='ltr'>paginarum</span> <span class='ocrx_word' id='word_1_82' title='bbox 576 1376 609 1430; x_wconf 86' lang='lat' dir='ltr'>et</span> <span class='ocrx_word' id='word_1_83' title='bbox 636 1387 791 1430; x_wconf 89' lang='lat' dir='ltr'>versuum</span> <span class='ocrx_word' id='word_1_84' title='bbox 819 1387 910 1430; x_wconf 86' lang='lat' dir='ltr'>meae</span> <span class='ocrx_word' id='word_1_85' title='bbox 938 1364 1091 1430; x_wconf 87' lang='lat' dir='ltr'>editionis</span> <span class='ocrx_word' id='word_1_86' title='bbox 1118 1364 1152 1428; x_wconf 85' lang='lat' dir='ltr'>id</span> <span class='ocrx_word' id='word_1_87' title='bbox 1179 1362 1382 1449; x_wconf 87' lang='lat' dir='ltr'>marginibus</span> <span class='ocrx_word' id='word_1_88' title='bbox 1411 1360 1466 1426; x_wconf 89' lang='lat' dir='ltr'>ad-</span> 
     </span>
     <span class='ocr_line' id='line_1_11' title="bbox 176 1466 1412 1552; baseline -0.004 -23"><span class='ocrx_word' id='word_1_89' title='bbox 176 1466 308 1551; x_wconf 86' lang='lat' dir='ltr'>scriptis</span> <span class='ocrx_word' id='word_1_90' title='bbox 330 1466 486 1530; x_wconf 87' lang='lat' dir='ltr'>indicavi.</span> <span class='ocrx_word' id='word_1_91' title='bbox 1408 1543 1412 1552; x_wconf 28' lang='grc' dir='ltr'>Ι</span> 
     </span>
     <span class='ocr_line' id='line_1_12' title="bbox 259 1566 1469 1655; baseline -0.002 -23"><span class='ocrx_word' id='word_1_92' title='bbox 259 1569 311 1632; x_wconf 88' lang='lat' dir='ltr'>De</span> <span class='ocrx_word' id='word_1_93' title='bbox 333 1566 465 1655; x_wconf 90' lang='lat' dir='ltr'>reliquis</span> <span class='ocrx_word' id='word_1_94' title='bbox 488 1569 678 1634; x_wconf 88' lang='lat' dir='ltr'>auctoribus</span> <span class='ocrx_word' id='word_1_95' title='bbox 702 1568 891 1655; x_wconf 88' lang='lat' dir='ltr'>aPompeio</span> <span class='ocrx_word' id='word_1_96' title='bbox 915 1568 1072 1634; x_wconf 88' lang='lat' dir='ltr'>adhibitis</span> <span class='ocrx_word' id='word_1_97' title='bbox 1095 1569 1200 1632; x_wconf 91' lang='lat' dir='ltr'>minus</span> <span class='ocrx_word' id='word_1_98' title='bbox 1223 1574 1362 1634; x_wconf 87' lang='lat' dir='ltr'>constat.</span> <span class='ocrx_word' id='word_1_99' title='bbox 1391 1587 1469 1631; x_wconf 89' lang='lat' dir='ltr'>nam</span> 
     </span>
     <span class='ocr_line' id='line_1_13' title="bbox 175 1668 1468 1758; baseline 0.002 -26"><span class='ocrx_word' id='word_1_100' title='bbox 175 1669 351 1733; x_wconf 81' lang='lat' dir='ltr'>maximam</span> <span class='ocrx_word' id='word_1_101' title='bbox 373 1681 500 1754; x_wconf 83' lang='lat' dir='ltr'>partem</span> <span class='ocrx_word' id='word_1_102' title='bbox 522 1692 633 1757; x_wconf 80' lang='lat' dir='ltr'>corum</span> <span class='ocrx_word' id='word_1_103' title='bbox 655 1695 737 1758; x_wconf 92' lang='lat' dir='ltr'>quae</span> <span class='ocrx_word' id='word_1_104' title='bbox 759 1670 814 1736; x_wconf 91' lang='lat' dir='ltr'>ille</span> <span class='ocrx_word' id='word_1_105' title='bbox 838 1672 878 1737; x_wconf 91' lang='lat' dir='ltr'>de</span> <span class='ocrx_word' id='word_1_106' title='bbox 901 1680 1048 1737; x_wconf 91' lang='lat' dir='ltr'>veterum</span> <span class='ocrx_word' id='word_1_107' title='bbox 1071 1671 1265 1757; x_wconf 84' lang='lat' dir='ltr'>scriptorum</span> <span class='ocrx_word' id='word_1_108' title='bbox 1286 1692 1349 1733; x_wconf 91' lang='lat' dir='ltr'>usu</span> <span class='ocrx_word' id='word_1_109' title='bbox 1372 1678 1405 1734; x_wconf 83' lang='lat' dir='ltr'>ot</span> <span class='ocrx_word' id='word_1_110' title='bbox 1427 1668 1468 1734; x_wconf 89' lang='lat' dir='ltr'>de</span> 
     </span>
     <span class='ocr_line' id='line_1_14' title="bbox 176 1771 1469 1858; baseline -0.002 -22"><span class='ocrx_word' id='word_1_111' title='bbox 176 1771 325 1836; x_wconf 87' lang='lat' dir='ltr'>doctrina</span> <span class='ocrx_word' id='word_1_112' title='bbox 352 1772 574 1858; x_wconf 90' lang='lat' dir='ltr'>antiquiorum</span> <span class='ocrx_word' id='word_1_113' title='bbox 601 1773 889 1856; x_wconf 87' lang='lat' dir='ltr'>grammaticorum</span> <span class='ocrx_word' id='word_1_114' title='bbox 919 1772 1057 1838; x_wconf 91' lang='lat' dir='ltr'>tradidit</span> <span class='ocrx_word' id='word_1_115' title='bbox 1078 1771 1164 1836; x_wconf 90' lang='lat' dir='ltr'>haud</span> <span class='ocrx_word' id='word_1_116' title='bbox 1199 1771 1297 1837; x_wconf 89' lang='lat' dir='ltr'>dubie</span> <span class='ocrx_word' id='word_1_117' title='bbox 1319 1792 1362 1834; x_wconf 89' lang='lat' dir='ltr'>ex</span> <span class='ocrx_word' id='word_1_118' title='bbox 1383 1791 1469 1834; x_wconf 88' lang='lat' dir='ltr'>com-</span> 
     </span>
     <span class='ocr_line' id='line_1_15' title="bbox 175 1872 1468 1962; baseline 0 -26"><span class='ocrx_word' id='word_1_119' title='bbox 175 1873 334 1937; x_wconf 89' lang='lat' dir='ltr'>mentario</span> <span class='ocrx_word' id='word_1_120' title='bbox 358 1873 482 1956; x_wconf 88' lang='lat' dir='ltr'>Servii,</span> <span class='ocrx_word' id='word_1_121' title='bbox 506 1897 570 1961; x_wconf 90' lang='lat' dir='ltr'>quo</span> <span class='ocrx_word' id='word_1_122' title='bbox 594 1897 673 1938; x_wconf 91' lang='lat' dir='ltr'>usus</span> <span class='ocrx_word' id='word_1_123' title='bbox 697 1886 746 1940; x_wconf 87' lang='lat' dir='ltr'>est</span> <span class='ocrx_word' id='word_1_124' title='bbox 769 1876 936 1956; x_wconf 81' lang='lat' dir='ltr'>uberiore,</span> <span class='ocrx_word' id='word_1_125' title='bbox 960 1897 1057 1962; x_wconf 88' lang='lat' dir='ltr'>quam</span> <span class='ocrx_word' id='word_1_126' title='bbox 1080 1896 1165 1937; x_wconf 90' lang='lat' dir='ltr'>nunc</span> <span class='ocrx_word' id='word_1_127' title='bbox 1187 1873 1363 1953; x_wconf 87' lang='lat' dir='ltr'>habemus,</span> <span class='ocrx_word' id='word_1_128' title='bbox 1386 1872 1468 1957; x_wconf 88' lang='lat' dir='ltr'>peti·</span> 
     </span>
     <span class='ocr_line' id='line_1_16' title="bbox 175 1972 1470 2058; baseline -0.001 -20"><span class='ocrx_word' id='word_1_129' title='bbox 175 1974 234 2038; x_wconf 85' lang='lat' dir='ltr'>vit.</span> <span class='ocrx_word' id='word_1_130' title='bbox 265 1996 379 2038; x_wconf 79' lang='lat' dir='ltr'>rerum</span> <span class='ocrx_word' id='word_1_131' title='bbox 401 1984 509 2039; x_wconf 88' lang='lat' dir='ltr'>tamen</span> <span class='ocrx_word' id='word_1_132' title='bbox 531 1974 610 2038; x_wconf 88' lang='lat' dir='ltr'>nihil</span> <span class='ocrx_word' id='word_1_133' title='bbox 633 1999 752 2041; x_wconf 88' lang='lat' dir='ltr'>causae</span> <span class='ocrx_word' id='word_1_134' title='bbox 774 1987 841 2058; x_wconf 87' lang='lat' dir='ltr'>est,</span> <span class='ocrx_word' id='word_1_135' title='bbox 864 1999 922 2041; x_wconf 87' lang='lat' dir='ltr'>cur</span> <span class='ocrx_word' id='word_1_136' title='bbox 937 1999 975 2040; x_wconf 88' lang='lat' dir='ltr'>ea</span> <span class='ocrx_word' id='word_1_137' title='bbox 990 1978 1098 2040; x_wconf 90' lang='lat' dir='ltr'>omnia</span> <span class='ocrx_word' id='word_1_138' title='bbox 1113 1975 1189 2041; x_wconf 90' lang='lat' dir='ltr'>olim</span> <span class='ocrx_word' id='word_1_139' title='bbox 1213 1976 1246 2038; x_wconf 93' lang='lat' dir='ltr'>in</span> <span class='ocrx_word' id='word_1_140' title='bbox 1268 1972 1329 2037; x_wconf 92' lang='lat' dir='ltr'>hoe</span> <span class='ocrx_word' id='word_1_141' title='bbox 1345 1973 1470 2057; x_wconf 88' lang='lat' dir='ltr'>scripta</span> 
     </span>
     <span class='ocr_line' id='line_1_17' title="bbox 176 2073 1468 2164; baseline -0.002 -25"><span class='ocrx_word' id='word_1_142' title='bbox 176 2076 279 2140; x_wconf 85' lang='lat' dir='ltr'>fuisse</span> <span class='ocrx_word' id='word_1_143' title='bbox 301 2089 450 2162; x_wconf 90' lang='lat' dir='ltr'>putemus</span> <span class='ocrx_word' id='word_1_144' title='bbox 474 2076 527 2141; x_wconf 81' lang='lat' dir='ltr'>vel</span> <span class='ocrx_word' id='word_1_145' title='bbox 549 2078 655 2162; x_wconf 91' lang='lat' dir='ltr'>ipsum</span> <span class='ocrx_word' id='word_1_146' title='bbox 679 2078 869 2164; x_wconf 86' lang='lat' dir='ltr'>Pompeium</span> <span class='ocrx_word' id='word_1_147' title='bbox 898 2078 1034 2142; x_wconf 92' lang='lat' dir='ltr'>aliorum</span> <span class='ocrx_word' id='word_1_148' title='bbox 1058 2077 1345 2161; x_wconf 81' lang='lat' dir='ltr'>grammaticorum</span> <span class='ocrx_word' id='word_1_149' title='bbox 1366 2073 1468 2140; x_wconf 90' lang='lat' dir='ltr'>libros</span> 
     </span>
     <span class='ocr_line' id='line_1_18' title="bbox 176 2176 1468 2266; baseline -0.002 -25"><span class='ocrx_word' id='word_1_150' title='bbox 176 2177 329 2242; x_wconf 87' lang='lat' dir='ltr'>habuisse</span> <span class='ocrx_word' id='word_1_151' title='bbox 356 2200 519 2263; x_wconf 86' lang='lat' dir='ltr'>negemus.</span> <span class='ocrx_word' id='word_1_152' title='bbox 557 2176 754 2263; x_wconf 85' lang='lat' dir='ltr'>generalitor</span> <span class='ocrx_word' id='word_1_153' title='bbox 781 2189 889 2244; x_wconf 90' lang='lat' dir='ltr'>autem</span> <span class='ocrx_word' id='word_1_154' title='bbox 916 2180 1115 2266; x_wconf 88' lang='lat' dir='ltr'>antiquiores</span> <span class='ocrx_word' id='word_1_155' title='bbox 1143 2179 1261 2242; x_wconf 88' lang='lat' dir='ltr'>artium</span> <span class='ocrx_word' id='word_1_156' title='bbox 1291 2179 1468 2263; x_wconf 88' lang='lat' dir='ltr'>scriptores</span> 
     </span>
     <span class='ocr_line' id='line_1_19' title="bbox 175 2277 1471 2367; baseline 0 -25"><span class='ocrx_word' id='word_1_157' title='bbox 175 2281 370 2344; x_wconf 89' lang='lat' dir='ltr'>memoravit</span> <span class='ocrx_word' id='word_1_158' title='bbox 398 2277 447 2342; x_wconf 89' lang='lat' dir='ltr'>his</span> <span class='ocrx_word' id='word_1_159' title='bbox 476 2279 572 2361; x_wconf 89' lang='lat' dir='ltr'>locis,</span> <span class='ocrx_word' id='word_1_160' title='bbox 601 2304 631 2367; x_wconf 94' lang='lat' dir='ltr'>p.</span> <span class='ocrx_word' id='word_1_161' title='bbox 655 2281 696 2345; x_wconf 89' lang='grc'>53</span> <span class='ocrx_word' id='word_1_162' title='bbox 724 2293 752 2344; x_wconf 87' lang='lat' dir='ltr'>ct</span> <span class='ocrx_word' id='word_1_163' title='bbox 779 2302 924 2361; x_wconf 83' lang='lat' dir='ltr'>nusquam</span> <span class='ocrx_word' id='word_1_164' title='bbox 952 2288 1109 2354; x_wconf 67' lang='lat' dir='ltr'>uoluerunt,</span> <span class='ocrx_word' id='word_1_165' title='bbox 1133 2285 1188 2344; x_wconf 81' lang='lat' dir='ltr'>icc</span> <span class='ocrx_word' id='word_1_166' title='bbox 1215 2285 1315 2344; x_wconf 82' lang='lat' dir='ltr'>dicere</span> <span class='ocrx_word' id='word_1_167' title='bbox 1342 2285 1392 2343; x_wconf 88' lang='lat' dir='ltr'>isti</span> <span class='ocrx_word' id='word_1_168' title='bbox 1418 2285 1471 2356; x_wconf 86' lang='lat' dir='ltr'>qui</span> 
     </span>
     <span class='ocr_line' id='line_1_20' title="bbox 176 2388 1469 2463; baseline -0.001 -19"><span class='ocrx_word' id='word_1_169' title='bbox 176 2388 366 2445; x_wconf 85' lang='lat' dir='ltr'>instituerunt</span> <span class='ocrx_word' id='word_1_170' title='bbox 393 2390 503 2458; x_wconf 72' lang='lat' dir='ltr'>uitem,</span> <span class='ocrx_word' id='word_1_171' title='bbox 532 2403 627 2460; x_wconf 77' lang='lat' dir='ltr'>quare</span> <span class='ocrx_word' id='word_1_172' title='bbox 653 2394 793 2461; x_wconf 81' lang='lat' dir='ltr'>quattuor</span> <span class='ocrx_word' id='word_1_173' title='bbox 820 2388 920 2447; x_wconf 84' lang='lat' dir='ltr'>breues</span> <span class='ocrx_word' id='word_1_174' title='bbox 946 2403 1004 2463; x_wconf 92' lang='lat' dir='ltr'>pro</span> <span class='ocrx_word' id='word_1_175' title='bbox 1035 2388 1151 2447; x_wconf 81' lang='lat' dir='ltr'>duabus</span> <span class='ocrx_word' id='word_1_176' title='bbox 1179 2389 1273 2460; x_wconf 70' lang='lat' dir='ltr'>lanais</span> <span class='ocrx_word' id='word_1_177' title='bbox 1296 2393 1469 2461; x_wconf 83' lang='lat' dir='ltr'>ponuntur,-</span> 
     </span>
     <span class='ocr_line' id='line_1_21' title="bbox 175 2473 1470 2571; baseline -0.002 -24"><span class='ocrx_word' id='word_1_178' title='bbox 175 2491 298 2561; x_wconf 79' lang='lat' dir='ltr'>lcpimus</span> <span class='ocrx_word' id='word_1_179' title='bbox 320 2473 473 2548; x_wconf 77' lang='lat' dir='ltr'>tamenin</span> <span class='ocrx_word' id='word_1_180' title='bbox 496 2491 633 2566; x_wconf 83' lang='lat' dir='ltr'>antiquis,</span> <span class='ocrx_word' id='word_1_181' title='bbox 646 2477 735 2563; x_wconf 56' lang='lat' dir='ltr'>&#39;quac</span> <span class='ocrx_word' id='word_1_182' title='bbox 755 2493 793 2548; x_wconf 89' lang='lat' dir='ltr'>sit</span> <span class='ocrx_word' id='word_1_183' title='bbox 815 2492 908 2562; x_wconf 76' lang='lat' dir='ltr'>tutio,</span> <span class='ocrx_word' id='word_1_184' title='bbox 933 2508 965 2571; x_wconf 90' lang='lat' dir='ltr'>p.</span> <span class='ocrx_word' id='word_1_185' title='bbox 991 2485 1052 2549; x_wconf 95' lang='grc'>100</span> <span class='ocrx_word' id='word_1_186' title='bbox 1073 2490 1163 2548; x_wconf 80' lang='lat' dir='ltr'>troies</span> <span class='ocrx_word' id='word_1_187' title='bbox 1184 2492 1214 2547; x_wconf 87' lang='lat' dir='ltr'>iu</span> <span class='ocrx_word' id='word_1_188' title='bbox 1238 2490 1368 2562; x_wconf 84' lang='lat' dir='ltr'>antiquis</span> <span class='ocrx_word' id='word_1_189' title='bbox 1389 2489 1470 2546; x_wconf 87' lang='lat' dir='ltr'>urti-</span> 
     </span>
     <span class='ocr_line' id='line_1_22' title="bbox 176 2584 1469 2672; baseline -0.002 -23"><span class='ocrx_word' id='word_1_190' title='bbox 176 2591 242 2662; x_wconf 77' lang='lat' dir='ltr'>bur,</span> <span class='ocrx_word' id='word_1_191' title='bbox 265 2608 297 2672; x_wconf 93' lang='lat' dir='ltr'>p.</span> <span class='ocrx_word' id='word_1_192' title='bbox 323 2585 382 2650; x_wconf 88' lang='grc'>116</span> <span class='ocrx_word' id='word_1_193' title='bbox 412 2591 498 2666; x_wconf 83' lang='lat' dir='ltr'>apud</span> <span class='ocrx_word' id='word_1_194' title='bbox 521 2608 620 2650; x_wconf 83' lang='lat' dir='ltr'>omnes</span> <span class='ocrx_word' id='word_1_195' title='bbox 646 2598 762 2651; x_wconf 85' lang='lat' dir='ltr'>coustut</span> <span class='ocrx_word' id='word_1_196' title='bbox 788 2595 841 2667; x_wconf 79' lang='lat' dir='ltr'>qui</span> <span class='ocrx_word' id='word_1_197' title='bbox 860 2596 1046 2668; x_wconf 81' lang='lat' dir='ltr'>scripserunt</span> <span class='ocrx_word' id='word_1_198' title='bbox 1074 2591 1112 2650; x_wconf 90' lang='lat' dir='ltr'>de</span> <span class='ocrx_word' id='word_1_199' title='bbox 1132 2592 1257 2665; x_wconf 82' lang='lat' dir='ltr'>repulia,</span> <span class='ocrx_word' id='word_1_200' title='bbox 1285 2608 1317 2671; x_wconf 94' lang='lat' dir='ltr'>p.</span> <span class='ocrx_word' id='word_1_201' title='bbox 1344 2584 1404 2648; x_wconf 85' lang='lat'>123</span> <span class='ocrx_word' id='word_1_202' title='bbox 1425 2590 1469 2647; x_wconf 88' lang='lat' dir='ltr'>itu</span> 
     </span>
     <span class='ocr_line' id='line_1_23' title="bbox 176 2685 1468 2775; baseline -0.002 -24"><span class='ocrx_word' id='word_1_203' title='bbox 176 2694 357 2765; x_wconf 68' lang='lat' dir='ltr'>definierunt</span> <span class='ocrx_word' id='word_1_204' title='bbox 384 2696 513 2767; x_wconf 78' lang='lat' dir='ltr'>antiqui,</span> <span class='ocrx_word' id='word_1_205' title='bbox 543 2712 576 2775; x_wconf 90' lang='lat' dir='ltr'>p.</span> <span class='ocrx_word' id='word_1_206' title='bbox 602 2689 663 2752; x_wconf 98' lang='lat'>124</span> <span class='ocrx_word' id='word_1_207' title='bbox 689 2693 779 2753; x_wconf 69' lang='lat' dir='ltr'>trites</span> <span class='ocrx_word' id='word_1_208' title='bbox 807 2694 862 2754; x_wconf 81' lang='lat' dir='ltr'>hoc</span> <span class='ocrx_word' id='word_1_209' title='bbox 890 2696 919 2752; x_wconf 87' lang='lat' dir='ltr'>iu</span> <span class='ocrx_word' id='word_1_210' title='bbox 942 2696 1063 2768; x_wconf 78' lang='lat' dir='ltr'>antiquo</span> <span class='ocrx_word' id='word_1_211' title='bbox 1085 2698 1227 2764; x_wconf 81' lang='lat' dir='ltr'>tractatu,</span> <span class='ocrx_word' id='word_1_212' title='bbox 1249 2709 1281 2774; x_wconf 87' lang='lat' dir='ltr'>p.</span> <span class='ocrx_word' id='word_1_213' title='bbox 1307 2685 1367 2750; x_wconf 86' lang='lat'>198</span> <span class='ocrx_word' id='word_1_214' title='bbox 1389 2692 1468 2763; x_wconf 75' lang='lat' dir='ltr'>tept-</span> 
     </span>
     <span class='ocr_line' id='line_1_24' title="bbox 176 2794 1469 2870; baseline -0.002 -17"><span class='ocrx_word' id='word_1_215' title='bbox 176 2811 241 2853; x_wconf 87' lang='lat' dir='ltr'>mns</span> <span class='ocrx_word' id='word_1_216' title='bbox 266 2798 298 2853; x_wconf 88' lang='lat' dir='ltr'>in</span> <span class='ocrx_word' id='word_1_217' title='bbox 326 2794 500 2868; x_wconf 82' lang='lat' dir='ltr'>quibusdum</span> <span class='ocrx_word' id='word_1_218' title='bbox 527 2795 643 2855; x_wconf 83' lang='lat' dir='ltr'>artibus</span> <span class='ocrx_word' id='word_1_219' title='bbox 670 2811 728 2854; x_wconf 90' lang='lat' dir='ltr'>non</span> <span class='ocrx_word' id='word_1_220' title='bbox 754 2796 873 2870; x_wconf 82' lang='lat' dir='ltr'>quidem</span> <span class='ocrx_word' id='word_1_221' title='bbox 898 2795 1100 2870; x_wconf 81' lang='lat' dir='ltr'>frequentatis</span> <span class='ocrx_word' id='word_1_222' title='bbox 1127 2798 1218 2854; x_wconf 88' lang='lat' dir='ltr'>etium</span> <span class='ocrx_word' id='word_1_223' title='bbox 1246 2801 1379 2853; x_wconf 85' lang='lat' dir='ltr'>octauum</span> <span class='ocrx_word' id='word_1_224' title='bbox 1406 2808 1469 2851; x_wconf 86' lang='lat' dir='ltr'>esse</span> 
     </span>
     <span class='ocr_line' id='line_1_25' title="bbox 176 2891 1469 2978; baseline -0.002 -23"><span class='ocrx_word' id='word_1_225' title='bbox 176 2912 287 2968; x_wconf 78' lang='lat' dir='ltr'>cariem,</span> <span class='ocrx_word' id='word_1_226' title='bbox 309 2914 342 2978; x_wconf 91' lang='lat' dir='ltr'>p.</span> <span class='ocrx_word' id='word_1_227' title='bbox 357 2891 420 2957; x_wconf 82' lang='lat'>246</span> <span class='ocrx_word' id='word_1_228' title='bbox 443 2900 606 2957; x_wconf 80' lang='lat' dir='ltr'>invenimus</span> <span class='ocrx_word' id='word_1_229' title='bbox 629 2899 714 2972; x_wconf 84' lang='lat' dir='ltr'>apud</span> <span class='ocrx_word' id='word_1_230' title='bbox 731 2901 889 2972; x_wconf 79' lang='lat' dir='ltr'>plerosque</span> <span class='ocrx_word' id='word_1_231' title='bbox 903 2898 1104 2974; x_wconf 77' lang='lat' dir='ltr'>urtiprnpiios,</span> <span class='ocrx_word' id='word_1_232' title='bbox 1126 2917 1158 2978; x_wconf 90' lang='lat' dir='ltr'>p.</span> <span class='ocrx_word' id='word_1_233' title='bbox 1181 2892 1245 2957; x_wconf 98' lang='grc'><strong>265</strong></span> <span class='ocrx_word' id='word_1_234' title='bbox 1265 2894 1320 2954; x_wconf 85' lang='lat' dir='ltr'>sed</span> <span class='ocrx_word' id='word_1_235' title='bbox 1340 2895 1469 2969; x_wconf 81' lang='lat' dir='ltr'>quinque</span> 
     </span>
     <span class='ocr_line' id='line_1_26' title="bbox 175 2995 1469 3081; baseline -0.001 -25"><span class='ocrx_word' id='word_1_236' title='bbox 175 3005 244 3056; x_wconf 87' lang='lat' dir='ltr'>sunt</span> <span class='ocrx_word' id='word_1_237' title='bbox 271 3002 324 3072; x_wconf 82' lang='lat' dir='ltr'>qui</span> <span class='ocrx_word' id='word_1_238' title='bbox 345 3016 403 3074; x_wconf 87' lang='lat' dir='ltr'>per</span> <span class='ocrx_word' id='word_1_239' title='bbox 431 3015 529 3059; x_wconf 85' lang='lat' dir='ltr'>omnes</span> <span class='ocrx_word' id='word_1_240' title='bbox 556 3007 636 3059; x_wconf 83' lang='lat' dir='ltr'>artes</span> <span class='ocrx_word' id='word_1_241' title='bbox 667 3007 790 3074; x_wconf 87' lang='lat' dir='ltr'>possunt</span> <span class='ocrx_word' id='word_1_242' title='bbox 811 3003 954 3077; x_wconf 85' lang='lat' dir='ltr'>inueniri,</span> <span class='ocrx_word' id='word_1_243' title='bbox 977 3018 1009 3081; x_wconf 90' lang='lat' dir='ltr'>p.</span> <span class='ocrx_word' id='word_1_244' title='bbox 1032 2995 1094 3059; x_wconf 84' lang='lat'>297</span> <span class='ocrx_word' id='word_1_245' title='bbox 1117 3001 1278 3081; x_wconf 85' lang='lat' dir='ltr'>invenimus</span> <span class='ocrx_word' id='word_1_246' title='bbox 1299 3000 1331 3057; x_wconf 88' lang='lat' dir='ltr'>in</span> <span class='ocrx_word' id='word_1_247' title='bbox 1354 2997 1469 3056; x_wconf 79' lang='lat' dir='ltr'>artibus</span> 
     </span>
     <span class='ocr_line' id='line_1_27' title="bbox 176 3097 1470 3184; baseline -0.002 -25"><span class='ocrx_word' id='word_1_248' title='bbox 176 3103 238 3160; x_wconf 85' lang='lat' dir='ltr'>istis</span> <span class='ocrx_word' id='word_1_249' title='bbox 260 3101 441 3174; x_wconf 65' lang='lat' dir='ltr'>coclearibus,</span> <span class='ocrx_word' id='word_1_250' title='bbox 464 3120 495 3184; x_wconf 94' lang='lat' dir='ltr'>p.</span> <span class='ocrx_word' id='word_1_251' title='bbox 513 3097 576 3162; x_wconf 86' lang='lat'>324</span> <span class='ocrx_word' id='word_1_252' title='bbox 591 3105 744 3176; x_wconf 82' lang='lat' dir='ltr'>quaeritur</span> <span class='ocrx_word' id='word_1_253' title='bbox 766 3103 851 3178; x_wconf 89' lang='lat' dir='ltr'>npud</span> <span class='ocrx_word' id='word_1_254' title='bbox 871 3101 1072 3176; x_wconf 75' lang='lat' dir='ltr'>urtiprupims,</span> <span class='ocrx_word' id='word_1_255' title='bbox 1095 3106 1165 3175; x_wconf 82' lang='lat' dir='ltr'>quot</span> <span class='ocrx_word' id='word_1_256' title='bbox 1184 3100 1279 3159; x_wconf 89' lang='lat' dir='ltr'>modis</span> <span class='ocrx_word' id='word_1_257' title='bbox 1299 3098 1389 3158; x_wconf 83' lang='lat' dir='ltr'>verbu</span> <span class='ocrx_word' id='word_1_258' title='bbox 1412 3099 1470 3157; x_wconf 87' lang='lat' dir='ltr'>de-</span> 
     </span>
     <span class='ocr_line' id='line_1_28' title="bbox 173 3197 1469 3284; baseline -0.002 -22"><span class='ocrx_word' id='word_1_259' title='bbox 173 3205 291 3274; x_wconf 80' lang='lat' dir='ltr'>ficiunt,</span> <span class='ocrx_word' id='word_1_260' title='bbox 315 3220 347 3284; x_wconf 94' lang='lat' dir='ltr'>p.</span> <span class='ocrx_word' id='word_1_261' title='bbox 370 3198 433 3262; x_wconf 87' lang='grc'>364</span> <span class='ocrx_word' id='word_1_262' title='bbox 459 3205 624 3278; x_wconf 79' lang='lat' dir='ltr'>quaesitum</span> <span class='ocrx_word' id='word_1_263' title='bbox 651 3214 694 3264; x_wconf 85' lang='lat' dir='ltr'>est</span> <span class='ocrx_word' id='word_1_264' title='bbox 721 3205 773 3264; x_wconf 85' lang='lat' dir='ltr'>diu</span> <span class='ocrx_word' id='word_1_265' title='bbox 801 3205 886 3280; x_wconf 85' lang='lat' dir='ltr'>apud</span> <span class='ocrx_word' id='word_1_266' title='bbox 908 3197 1118 3278; x_wconf 69' lang='lat' dir='ltr'>&#39;urtiprnpitoa</span> <span class='ocrx_word' id='word_1_267' title='bbox 1143 3220 1176 3284; x_wconf 94' lang='lat' dir='ltr'>p.</span> <span class='ocrx_word' id='word_1_268' title='bbox 1198 3197 1262 3261; x_wconf 89' lang='grc'>444</span> <span class='ocrx_word' id='word_1_269' title='bbox 1283 3203 1315 3260; x_wconf 88' lang='lat' dir='ltr'>iu</span> <span class='ocrx_word' id='word_1_270' title='bbox 1337 3200 1469 3259; x_wconf 82' lang='lat' dir='ltr'>omnibus</span> 
     </span>
     <span class='ocr_line' id='line_1_29' title="bbox 176 3304 1468 3379; baseline -0.002 -15"><span class='ocrx_word' id='word_1_271' title='bbox 176 3305 294 3378; x_wconf 86' lang='lat' dir='ltr'>quidem</span> <span class='ocrx_word' id='word_1_272' title='bbox 316 3305 430 3364; x_wconf 83' lang='lat' dir='ltr'>artibus</span> <span class='ocrx_word' id='word_1_273' title='bbox 451 3305 564 3364; x_wconf 78' lang='lat' dir='ltr'>trahetis</span> <span class='ocrx_word' id='word_1_274' title='bbox 586 3309 658 3365; x_wconf 88' lang='lat' dir='ltr'>istus</span> <span class='ocrx_word' id='word_1_275' title='bbox 680 3314 739 3365; x_wconf 87' lang='lat' dir='ltr'>tres</span> <span class='ocrx_word' id='word_1_276' title='bbox 760 3307 917 3367; x_wconf 80' lang='lat' dir='ltr'>divisiones</span> <span class='ocrx_word' id='word_1_277' title='bbox 933 3340 970 3348; x_wconf 92' lang='lat'><em>—</em></span> <span class='ocrx_word' id='word_1_278' title='bbox 995 3306 1050 3364; x_wconf 79' lang='lat' dir='ltr'>boc</span> <span class='ocrx_word' id='word_1_279' title='bbox 1071 3306 1170 3363; x_wconf 85' lang='lat' dir='ltr'>nudus</span> <span class='ocrx_word' id='word_1_280' title='bbox 1192 3304 1389 3379; x_wconf 78' lang='lat' dir='ltr'>ortiprnpiius</span> <span class='ocrx_word' id='word_1_281' title='bbox 1408 3318 1468 3378; x_wconf 90' lang='lat' dir='ltr'>po-</span> 
     </span>
     <span class='ocr_line' id='line_1_30' title="bbox 176 3403 1469 3490; baseline -0.002 -25"><span class='ocrx_word' id='word_1_282' title='bbox 176 3408 229 3466; x_wconf 86' lang='lat' dir='ltr'>tuit</span> <span class='ocrx_word' id='word_1_283' title='bbox 251 3408 365 3479; x_wconf 84' lang='lat' dir='ltr'>dicere,</span> <span class='ocrx_word' id='word_1_284' title='bbox 395 3408 507 3467; x_wconf 79' lang='lat' dir='ltr'>trahetis</span> <span class='ocrx_word' id='word_1_285' title='bbox 530 3411 680 3468; x_wconf 87' lang='lat' dir='ltr'>tamenin</span> <span class='ocrx_word' id='word_1_286' title='bbox 705 3409 841 3484; x_wconf 85' lang='lat' dir='ltr'>Graecis,</span> <span class='ocrx_word' id='word_1_287' title='bbox 869 3427 901 3490; x_wconf 92' lang='lat' dir='ltr'>p.</span> <span class='ocrx_word' id='word_1_288' title='bbox 924 3403 965 3468; x_wconf 93' lang='grc'><strong>63</strong></span> <span class='ocrx_word' id='word_1_289' title='bbox 993 3409 1107 3466; x_wconf 86' lang='lat' dir='ltr'>inuenio</span> <span class='ocrx_word' id='word_1_290' title='bbox 1134 3407 1211 3464; x_wconf 84' lang='lat' dir='ltr'>enim</span> <span class='ocrx_word' id='word_1_291' title='bbox 1240 3408 1270 3463; x_wconf 89' lang='lat' dir='ltr'>iu</span> <span class='ocrx_word' id='word_1_292' title='bbox 1298 3410 1357 3473; x_wconf 73' lang='lat' dir='ltr'>rien</span> <span class='ocrx_word' id='word_1_293' title='bbox 1380 3407 1469 3464; x_wconf 78' lang='lat' dir='ltr'>nullis</span> 
     </span>
     <span class='ocr_line' id='line_1_31' title="bbox 175 3502 1469 3591; baseline -0.001 -24"><span class='ocrx_word' id='word_1_294' title='bbox 175 3511 318 3578; x_wconf 83' lang='lat' dir='ltr'>metricis,</span> <span class='ocrx_word' id='word_1_295' title='bbox 346 3527 378 3591; x_wconf 91' lang='lat' dir='ltr'>p.</span> <span class='ocrx_word' id='word_1_296' title='bbox 401 3505 462 3569; x_wconf 90' lang='lat'>281</span> <span class='ocrx_word' id='word_1_297' title='bbox 493 3527 671 3584; x_wconf 81' lang='lat' dir='ltr'>quamquem</span> <span class='ocrx_word' id='word_1_298' title='bbox 699 3512 856 3584; x_wconf 79' lang='lat' dir='ltr'>leperimus</span> <span class='ocrx_word' id='word_1_299' title='bbox 883 3513 913 3568; x_wconf 89' lang='lat' dir='ltr'>iu</span> <span class='ocrx_word' id='word_1_300' title='bbox 941 3511 1135 3586; x_wconf 77' lang='lat' dir='ltr'>etymolopiis‚</span> <span class='ocrx_word' id='word_1_301' title='bbox 1164 3525 1194 3587; x_wconf 90' lang='lat' dir='ltr'>p.</span> <span class='ocrx_word' id='word_1_302' title='bbox 1219 3502 1258 3567; x_wconf 91' lang='lat'>91</span> <span class='ocrx_word' id='word_1_303' title='bbox 1282 3509 1392 3582; x_wconf 81' lang='lat' dir='ltr'>lepistis</span> <span class='ocrx_word' id='word_1_304' title='bbox 1413 3507 1469 3566; x_wconf 81' lang='lat' dir='ltr'>itae</span> 
     </span>
     <span class='ocr_line' id='line_1_32' title="bbox 176 3605 1469 3693; baseline 0.001 -26"><span class='ocrx_word' id='word_1_305' title='bbox 176 3613 207 3668; x_wconf 89' lang='lat' dir='ltr'>in</span> <span class='ocrx_word' id='word_1_306' title='bbox 236 3610 350 3669; x_wconf 81' lang='lat' dir='ltr'>ortiim</span> <span class='ocrx_word' id='word_1_307' title='bbox 377 3611 577 3673; x_wconf 73' lang='lat' dir='ltr'>definitionum</span> <span class='ocrx_word' id='word_1_308' title='bbox 599 3615 771 3687; x_wconf 73' lang='lat' dir='ltr'>plenissime</span> <span class='ocrx_word' id='word_1_309' title='bbox 797 3628 986 3689; x_wconf 78' lang='lat' dir='ltr'>expressum,</span> <span class='ocrx_word' id='word_1_310' title='bbox 1014 3630 1045 3693; x_wconf 93' lang='lat' dir='ltr'>p.</span> <span class='ocrx_word' id='word_1_311' title='bbox 1068 3605 1129 3670; x_wconf 91' lang='grc'>237</span> <span class='ocrx_word' id='word_1_312' title='bbox 1159 3611 1282 3683; x_wconf 78' lang='lat' dir='ltr'>icpimus</span> <span class='ocrx_word' id='word_1_313' title='bbox 1309 3610 1395 3685; x_wconf 85' lang='lat' dir='ltr'>apud</span> <span class='ocrx_word' id='word_1_314' title='bbox 1420 3625 1469 3668; x_wconf 89' lang='lat' dir='ltr'>eos</span> 
     </span>
     <span class='ocr_line' id='line_1_33' title="bbox 177 3704 1466 3794; baseline 0.002 -26"><span class='ocrx_word' id='word_1_315' title='bbox 177 3713 229 3783; x_wconf 82' lang='lat' dir='ltr'>qui</span> <span class='ocrx_word' id='word_1_316' title='bbox 253 3714 437 3785; x_wconf 83' lang='lat' dir='ltr'>scripserunt</span> <span class='ocrx_word' id='word_1_317' title='bbox 464 3713 501 3772; x_wconf 89' lang='lat' dir='ltr'>de</span> <span class='ocrx_word' id='word_1_318' title='bbox 531 3716 722 3787; x_wconf 84' lang='lat' dir='ltr'>urpumentis.</span> <span class='ocrx_word' id='word_1_319' title='bbox 759 3710 951 3775; x_wconf 90' lang='lat' dir='ltr'>nominatim</span> <span class='ocrx_word' id='word_1_320' title='bbox 979 3718 1087 3773; x_wconf 92' lang='lat' dir='ltr'>autem</span> <span class='ocrx_word' id='word_1_321' title='bbox 1110 3704 1233 3771; x_wconf 91' lang='lat' dir='ltr'>nullum</span> <span class='ocrx_word' id='word_1_322' title='bbox 1256 3707 1386 3794; x_wconf 86' lang='lat' dir='ltr'>saepius</span> <span class='ocrx_word' id='word_1_323' title='bbox 1409 3728 1466 3794; x_wconf 86' lang='lat' dir='ltr'>ap·</span> 
     </span>
     <span class='ocr_line' id='line_1_34' title="bbox 176 3804 1468 3895; baseline 0.002 -24"><span class='ocrx_word' id='word_1_324' title='bbox 176 3804 315 3892; x_wconf 83' lang='lat' dir='ltr'>pellavit</span> <span class='ocrx_word' id='word_1_325' title='bbox 336 3830 434 3893; x_wconf 93' lang='lat' dir='ltr'>quam</span> <span class='ocrx_word' id='word_1_326' title='bbox 457 3811 615 3892; x_wconf 89' lang='lat' dir='ltr'>Probum,</span> <span class='ocrx_word' id='word_1_327' title='bbox 639 3812 730 3874; x_wconf 89' lang='lat' dir='ltr'>cuius</span> <span class='ocrx_word' id='word_1_328' title='bbox 753 3810 905 3876; x_wconf 88' lang='lat' dir='ltr'>instituta</span> <span class='ocrx_word' id='word_1_329' title='bbox 926 3812 1006 3875; x_wconf 89' lang='lat' dir='ltr'>artis</span> <span class='ocrx_word' id='word_1_330' title='bbox 1034 3812 1137 3875; x_wconf 90' lang='lat' dir='ltr'>citata</span> <span class='ocrx_word' id='word_1_331' title='bbox 1159 3818 1235 3873; x_wconf 77' lang='lat' dir='ltr'>srmt</span> <span class='ocrx_word' id='word_1_332' title='bbox 1256 3832 1289 3895; x_wconf 88' lang='lat' dir='ltr'>p.</span> <span class='ocrx_word' id='word_1_333' title='bbox 1312 3809 1370 3890; x_wconf 84' lang='grc'>93,</span> <span class='ocrx_word' id='word_1_334' title='bbox 1395 3808 1468 3890; x_wconf 89' lang='grc'><strong>128,</strong></span> 
     </span>
     <span class='ocr_line' id='line_1_35' title="bbox 179 3908 1467 3994; baseline 0.002 -23"><span class='ocrx_word' id='word_1_335' title='bbox 179 3908 255 3988; x_wconf 89' lang='grc'><strong>135,</strong></span> <span class='ocrx_word' id='word_1_336' title='bbox 281 3908 355 3989; x_wconf 90' lang='grc'><strong>137,</strong></span> <span class='ocrx_word' id='word_1_337' title='bbox 381 3910 456 3988; x_wconf 88' lang='grc'><strong>155,</strong></span> <span class='ocrx_word' id='word_1_338' title='bbox 483 3911 558 3983; x_wconf 84' lang='grc'><strong>165,</strong></span> <span class='ocrx_word' id='word_1_339' title='bbox 585 3912 661 3994; x_wconf 88' lang='grc'><strong>176,</strong></span> <span class='ocrx_word' id='word_1_340' title='bbox 686 3913 763 3994; x_wconf 90' lang='grc'><strong>187,</strong></span> <span class='ocrx_word' id='word_1_341' title='bbox 785 3912 866 3993; x_wconf 90' lang='grc'><strong>210,</strong></span> <span class='ocrx_word' id='word_1_342' title='bbox 888 3913 968 3991; x_wconf 89' lang='grc'><strong>211,</strong></span> <span class='ocrx_word' id='word_1_343' title='bbox 991 3911 1071 3994; x_wconf 87' lang='grc'><strong>235,</strong></span> <span class='ocrx_word' id='word_1_344' title='bbox 1094 3910 1174 3994; x_wconf 89' lang='grc'><strong>260,</strong></span> <span class='ocrx_word' id='word_1_345' title='bbox 1197 3909 1271 3992; x_wconf 89' lang='grc'><strong>291,</strong></span> <span class='ocrx_word' id='word_1_346' title='bbox 1295 3911 1369 3992; x_wconf 92' lang='grc'><strong>367,</strong></span> <span class='ocrx_word' id='word_1_347' title='bbox 1392 3910 1467 3991; x_wconf 92' lang='grc'><strong>387,</strong></span> 
     </span>
     <span class='ocr_line' id='line_1_36' title="bbox 176 4009 1467 4099; baseline 0.003 -27"><span class='ocrx_word' id='word_1_348' title='bbox 176 4009 256 4092; x_wconf 69' lang='grc'><strong>409,</strong></span> <span class='ocrx_word' id='word_1_349' title='bbox 285 4009 445 4075; x_wconf 87' lang='lat' dir='ltr'>catholica</span> <span class='ocrx_word' id='word_1_350' title='bbox 466 4035 498 4097; x_wconf 93' lang='lat' dir='ltr'>p.</span> <span class='ocrx_word' id='word_1_351' title='bbox 522 4012 578 4094; x_wconf 85' lang='grc'>92,</span> <span class='ocrx_word' id='word_1_352' title='bbox 602 4013 663 4077; x_wconf 89' lang='grc'>205</span> <span class='ocrx_word' id='word_1_353' title='bbox 692 4025 724 4078; x_wconf 88' lang='lat' dir='ltr'>et</span> <span class='ocrx_word' id='word_1_354' title='bbox 752 4013 893 4078; x_wconf 84' lang='lat' dir='ltr'>sortasse</span> <span class='ocrx_word' id='word_1_355' title='bbox 915 4015 986 4094; x_wconf 88' lang='grc'><strong>326,</strong></span> <span class='ocrx_word' id='word_1_356' title='bbox 1010 4013 1189 4099; x_wconf 85' lang='lat' dir='ltr'>eademque</span> <span class='ocrx_word' id='word_1_357' title='bbox 1211 4035 1277 4077; x_wconf 92' lang='lat' dir='ltr'>non</span> <span class='ocrx_word' id='word_1_358' title='bbox 1299 4011 1467 4076; x_wconf 89' lang='lat' dir='ltr'>nominato</span> 
     </span>
     <span class='ocr_line' id='line_1_37' title="bbox 177 4113 1468 4200; baseline 0.002 -25"><span class='ocrx_word' id='word_1_359' title='bbox 177 4121 310 4176; x_wconf 88' lang='lat' dir='ltr'>auctore</span> <span class='ocrx_word' id='word_1_360' title='bbox 332 4114 499 4199; x_wconf 84' lang='lat' dir='ltr'>exscripta</span> <span class='ocrx_word' id='word_1_361' title='bbox 521 4136 583 4176; x_wconf 93' lang='lat' dir='ltr'>sun</span> <span class='ocrx_word' id='word_1_362' title='bbox 626 4137 658 4200; x_wconf 90' lang='lat' dir='ltr'>p.</span> <span class='ocrx_word' id='word_1_363' title='bbox 684 4114 752 4178; x_wconf 92' lang='grc'><strong>173.</strong></span> <span class='ocrx_word' id='word_1_364' title='bbox 776 4114 865 4200; x_wconf 88' lang='lat' dir='ltr'>ipsos</span> <span class='ocrx_word' id='word_1_365' title='bbox 889 4126 997 4180; x_wconf 89' lang='lat' dir='ltr'>autem</span> <span class='ocrx_word' id='word_1_366' title='bbox 1020 4114 1122 4180; x_wconf 88' lang='lat' dir='ltr'>libros</span> <span class='ocrx_word' id='word_1_367' title='bbox 1146 4113 1247 4179; x_wconf 93' lang='lat' dir='ltr'>Probi</span> <span class='ocrx_word' id='word_1_368' title='bbox 1268 4135 1289 4176; x_wconf 93' lang='lat' dir='ltr'>a</span> <span class='ocrx_word' id='word_1_369' title='bbox 1310 4113 1468 4198; x_wconf 90' lang='lat' dir='ltr'>Pompeio</span> 
     </span>
     <span class='ocr_line' id='line_1_38' title="bbox 177 4212 1469 4303; baseline 0.002 -27"><span class='ocrx_word' id='word_1_370' title='bbox 177 4212 278 4278; x_wconf 88' lang='lat' dir='ltr'>lectos</span> <span class='ocrx_word' id='word_1_371' title='bbox 307 4236 379 4278; x_wconf 87' lang='lat' dir='ltr'>esse</span> <span class='ocrx_word' id='word_1_372' title='bbox 405 4214 440 4277; x_wconf 94' lang='lat' dir='ltr'>in</span> <span class='ocrx_word' id='word_1_373' title='bbox 468 4215 581 4302; x_wconf 92' lang='lat' dir='ltr'>primis</span> <span class='ocrx_word' id='word_1_374' title='bbox 612 4216 754 4302; x_wconf 88' lang='lat' dir='ltr'>probant</span> <span class='ocrx_word' id='word_1_375' title='bbox 781 4217 877 4299; x_wconf 89' lang='lat' dir='ltr'>haec,</span> <span class='ocrx_word' id='word_1_376' title='bbox 907 4240 939 4303; x_wconf 95' lang='lat' dir='ltr'>p.</span> <span class='ocrx_word' id='word_1_377' title='bbox 964 4216 1024 4281; x_wconf 90' lang='grc'><strong>156</strong></span> <span class='ocrx_word' id='word_1_378' title='bbox 1052 4223 1173 4297; x_wconf 83' lang='lat' dir='ltr'>scripsit</span> <span class='ocrx_word' id='word_1_379' title='bbox 1199 4227 1297 4281; x_wconf 86' lang='lat' dir='ltr'>autem</span> <span class='ocrx_word' id='word_1_380' title='bbox 1325 4220 1368 4278; x_wconf 89' lang='lat' dir='ltr'>ud</span> <span class='ocrx_word' id='word_1_381' title='bbox 1388 4219 1469 4278; x_wconf 77' lang='lat' dir='ltr'>bunc</span> 
     </span>
     <span class='ocr_line' id='line_1_39' title="bbox 176 4321 1469 4398; baseline 0 -18"><span class='ocrx_word' id='word_1_382' title='bbox 176 4323 271 4380; x_wconf 90' lang='lat' dir='ltr'>iocum</span> <span class='ocrx_word' id='word_1_383' title='bbox 296 4321 406 4379; x_wconf 73' lang='lat' dir='ltr'>Prolim</span> <span class='ocrx_word' id='word_1_384' title='bbox 428 4337 518 4379; x_wconf 72' lang='lat' dir='ltr'>ararim</span> <span class='ocrx_word' id='word_1_385' title='bbox 540 4323 664 4390; x_wconf 78' lang='lat' dir='ltr'>tibrum:</span> <span class='ocrx_word' id='word_1_386' title='bbox 685 4325 738 4381; x_wconf 88' lang='lat' dir='ltr'>iste</span> <span class='ocrx_word' id='word_1_387' title='bbox 760 4324 907 4381; x_wconf 88' lang='lat' dir='ltr'>institutor</span> <span class='ocrx_word' id='word_1_388' title='bbox 922 4325 982 4381; x_wconf 87' lang='lat' dir='ltr'>ium</span> <span class='ocrx_word' id='word_1_389' title='bbox 997 4329 1091 4383; x_wconf 83' lang='lat' dir='ltr'>ortem</span> <span class='ocrx_word' id='word_1_390' title='bbox 1112 4325 1245 4398; x_wconf 83' lang='lat' dir='ltr'>scripsit,</span> <span class='ocrx_word' id='word_1_391' title='bbox 1269 4337 1328 4380; x_wconf 90' lang='lat' dir='ltr'>non</span> <span class='ocrx_word' id='word_1_392' title='bbox 1349 4323 1469 4396; x_wconf 80' lang='lat' dir='ltr'>scripsit</span> 
     </span>
     <span class='ocr_line' id='line_1_40' title="bbox 172 4419 1468 4507; baseline 0.002 -25"><span class='ocrx_word' id='word_1_393' title='bbox 172 4421 333 4499; x_wconf 79' lang='lat' dir='ltr'>perfectis,</span> <span class='ocrx_word' id='word_1_394' title='bbox 355 4423 410 4480; x_wconf 89' lang='lat' dir='ltr'>sed</span> <span class='ocrx_word' id='word_1_395' title='bbox 430 4422 473 4480; x_wconf 88' lang='lat' dir='ltr'>ud</span> <span class='ocrx_word' id='word_1_396' title='bbox 493 4438 542 4482; x_wconf 88' lang='lat' dir='ltr'>cos</span> <span class='ocrx_word' id='word_1_397' title='bbox 563 4427 616 4498; x_wconf 81' lang='lat' dir='ltr'>qui</span> <span class='ocrx_word' id='word_1_398' title='bbox 636 4428 735 4485; x_wconf 86' lang='lat' dir='ltr'>uolunt</span> <span class='ocrx_word' id='word_1_399' title='bbox 756 4442 787 4484; x_wconf 88' lang='lat' dir='ltr'>sc</span> <span class='ocrx_word' id='word_1_400' title='bbox 808 4424 963 4500; x_wconf 85' lang='lat' dir='ltr'>perfectos</span> <span class='ocrx_word' id='word_1_401' title='bbox 984 4441 1047 4484; x_wconf 91' lang='lat' dir='ltr'>esse</span> <span class='ocrx_word' id='word_1_402' title='bbox 1069 4430 1101 4486; x_wconf 88' lang='lat' dir='ltr'>et</span> <span class='ocrx_word' id='word_1_403' title='bbox 1123 4443 1155 4507; x_wconf 93' lang='lat' dir='ltr'>p.</span> <span class='ocrx_word' id='word_1_404' title='bbox 1181 4419 1242 4484; x_wconf 92' lang='grc'><strong>196</strong></span> <span class='ocrx_word' id='word_1_405' title='bbox 1264 4424 1355 4484; x_wconf 79' lang='lat' dir='ltr'>babes</span> <span class='ocrx_word' id='word_1_406' title='bbox 1376 4440 1468 4484; x_wconf 83' lang='lat' dir='ltr'>unum</span> 
     </span>
     <span class='ocr_line' id='line_1_41' title="bbox 174 4523 1470 4604; baseline 0 -20"><span class='ocrx_word' id='word_1_407' title='bbox 174 4525 282 4585; x_wconf 82' lang='lat' dir='ltr'>librum</span> <span class='ocrx_word' id='word_1_408' title='bbox 304 4523 396 4583; x_wconf 83' lang='lat' dir='ltr'>Probi</span> <span class='ocrx_word' id='word_1_409' title='bbox 423 4524 461 4584; x_wconf 88' lang='lat' dir='ltr'>de</span> <span class='ocrx_word' id='word_1_410' title='bbox 490 4526 544 4584; x_wconf 87' lang='lat' dir='ltr'>isto</span> <span class='ocrx_word' id='word_1_411' title='bbox 573 4530 707 4601; x_wconf 79' lang='lat' dir='ltr'>penctiuo</span> <span class='ocrx_word' id='word_1_412' title='bbox 728 4529 886 4604; x_wconf 78' lang='lat' dir='ltr'>scriptum,</span> <span class='ocrx_word' id='word_1_413' title='bbox 916 4533 1027 4585; x_wconf 84' lang='lat' dir='ltr'>tantum</span> <span class='ocrx_word' id='word_1_414' title='bbox 1050 4528 1136 4586; x_wconf 86' lang='lat' dir='ltr'>modo</span> <span class='ocrx_word' id='word_1_415' title='bbox 1164 4527 1218 4585; x_wconf 75' lang='lat' dir='ltr'>troc</span> <span class='ocrx_word' id='word_1_416' title='bbox 1239 4529 1334 4586; x_wconf 86' lang='lat' dir='ltr'>sotum</span> <span class='ocrx_word' id='word_1_417' title='bbox 1356 4532 1470 4585; x_wconf 83' lang='lat' dir='ltr'>tractat</span> 
     </span>
     <span class='ocr_line' id='line_1_42' title="bbox 176 4621 1468 4711; baseline 0.001 -26"><span class='ocrx_word' id='word_1_418' title='bbox 176 4629 206 4685; x_wconf 90' lang='lat' dir='ltr'>in</span> <span class='ocrx_word' id='word_1_419' title='bbox 229 4629 280 4686; x_wconf 85' lang='lat' dir='ltr'>itio</span> <span class='ocrx_word' id='word_1_420' title='bbox 300 4625 384 4685; x_wconf 82' lang='lat' dir='ltr'>libro.</span> <span class='ocrx_word' id='word_1_421' title='bbox 421 4621 538 4687; x_wconf 86' lang='lat' dir='ltr'>deinde</span> <span class='ocrx_word' id='word_1_422' title='bbox 560 4623 639 4709; x_wconf 88' lang='lat' dir='ltr'>legit</span> <span class='ocrx_word' id='word_1_423' title='bbox 662 4624 834 4690; x_wconf 85' lang='lat' dir='ltr'>Claudium</span> <span class='ocrx_word' id='word_1_424' title='bbox 856 4623 1065 4693; x_wconf 87' lang='lat' dir='ltr'>Sacerdotem</span> <span class='ocrx_word' id='word_1_425' title='bbox 1088 4647 1121 4711; x_wconf 93' lang='lat' dir='ltr'>p.</span> <span class='ocrx_word' id='word_1_426' title='bbox 1140 4624 1213 4707; x_wconf 88' lang='lat'>213,</span> <span class='ocrx_word' id='word_1_427' title='bbox 1236 4623 1355 4689; x_wconf 89' lang='lat' dir='ltr'>Iubam</span> <span class='ocrx_word' id='word_1_428' title='bbox 1377 4643 1410 4709; x_wconf 90' lang='lat' dir='ltr'>p.</span> <span class='ocrx_word' id='word_1_429' title='bbox 1427 4621 1468 4687; x_wconf 89' lang='lat'>32</span> 
     </span>
     <span class='ocr_line' id='line_1_43' title="bbox 176 4723 1466 4812; baseline 0.001 -26"><span class='ocrx_word' id='word_1_430' title='bbox 176 4733 209 4787; x_wconf 90' lang='lat' dir='ltr'>et</span> <span class='ocrx_word' id='word_1_431' title='bbox 230 4724 287 4804; x_wconf 90' lang='lat'>40,</span> <span class='ocrx_word' id='word_1_432' title='bbox 311 4723 455 4810; x_wconf 81' lang='lat' dir='ltr'>Capram</span> <span class='ocrx_word' id='word_1_433' title='bbox 477 4747 509 4810; x_wconf 90' lang='lat' dir='ltr'>p.</span> <span class='ocrx_word' id='word_1_434' title='bbox 536 4725 612 4806; x_wconf 88' lang='lat'>132,</span> <span class='ocrx_word' id='word_1_435' title='bbox 639 4727 714 4806; x_wconf 88' lang='grc'><strong>180,</strong></span> <span class='ocrx_word' id='word_1_436' title='bbox 737 4727 814 4807; x_wconf 88' lang='grc'><strong>206,</strong></span> <span class='ocrx_word' id='word_1_437' title='bbox 839 4726 915 4808; x_wconf 77' lang='grc'><strong>332,</strong></span> <span class='ocrx_word' id='word_1_438' title='bbox 940 4725 1173 4790; x_wconf 85' lang='lat' dir='ltr'>Terentianum</span> <span class='ocrx_word' id='word_1_439' title='bbox 1195 4748 1227 4812; x_wconf 95' lang='lat' dir='ltr'>p.</span> <span class='ocrx_word' id='word_1_440' title='bbox 1252 4725 1309 4807; x_wconf 87' lang='grc'>15,</span> <span class='ocrx_word' id='word_1_441' title='bbox 1332 4724 1390 4806; x_wconf 89' lang='grc'>34,</span> <span class='ocrx_word' id='word_1_442' title='bbox 1414 4723 1466 4803; x_wconf 88' lang='grc'>42,</span> 
     </span>
     <span class='ocr_line' id='line_1_44' title="bbox 175 4823 1468 4915; baseline 0.005 -29"><span class='ocrx_word' id='word_1_443' title='bbox 175 4823 227 4905; x_wconf 90' lang='grc'>49,</span> <span class='ocrx_word' id='word_1_444' title='bbox 249 4826 301 4908; x_wconf 92' lang='grc'>57,</span> <span class='ocrx_word' id='word_1_445' title='bbox 325 4826 474 4911; x_wconf 89' lang='lat' dir='ltr'>quamvis</span> <span class='ocrx_word' id='word_1_446' title='bbox 497 4826 657 4912; x_wconf 89' lang='lat' dir='ltr'>quaedam</span> <span class='ocrx_word' id='word_1_447' title='bbox 679 4850 721 4892; x_wconf 83' lang='lat' dir='ltr'>ex</span> <span class='ocrx_word' id='word_1_448' title='bbox 744 4828 784 4892; x_wconf 93' lang='lat' dir='ltr'>iis</span> <span class='ocrx_word' id='word_1_449' title='bbox 807 4850 890 4915; x_wconf 85' lang='lat' dir='ltr'>quac</span> <span class='ocrx_word' id='word_1_450' title='bbox 913 4827 1020 4913; x_wconf 83' lang='lat' dir='ltr'>Capro</span> <span class='ocrx_word' id='word_1_451' title='bbox 1043 4836 1076 4890; x_wconf 90' lang='lat' dir='ltr'>et</span> <span class='ocrx_word' id='word_1_452' title='bbox 1104 4826 1303 4892; x_wconf 86' lang='lat' dir='ltr'>Terentiano</span> <span class='ocrx_word' id='word_1_453' title='bbox 1326 4826 1468 4893; x_wconf 88' lang='lat' dir='ltr'>auetori-</span> 
     </span>
    </p>
   </div>
   <div class='ocr_carea' id='block_1_3' title="bbox 0 0 1678 5498">
    <p class='ocr_par' dir='ltr' id='par_1_3' title="bbox 0 0 1678 5498">
     <span class='ocr_line' id='line_1_45' title="bbox 0 0 1678 5498; baseline 0 0"><span class='ocrx_word' id='word_1_454' title='bbox 0 0 1678 5498; x_wconf 95' lang='lat' dir='ltr'> </span> 
     </span>
    </p>
   </div>
  </div>
 </body>
</html>
