3346 5498
245 360 287 425 96
817 363 971 425 PiillPEll

296 470 417 524 pit-51„

246 553 339 612 iactae
372 559 454 620 sunt,
488 571 541 630 per
574 571 646 631 quas
680 560 814 614 currunt.
860 572 908 611 ars
941 569 1012 627 crgo
1044 550 1137 618 dicta,
1165 550 1242 630 quod
1271 552 1343 612 artis
1371 555 1539 632 praeceptis

246 653 336 712 multa
360 661 464 714 teneat.
512 651 593 713 nmltl
617 673 687 732 ergo
711 656 811 716 dicunt
834 653 870 713 ala
895 661 956 712 arte
982 652 1178 712 inclinandum
1204 671 1276 713 esse,
1316 662 1346 713 et
1367 673 1458 733 qnam
1481 655 1538 714 lmc

247 751 373 835 diicunt‘?
403 757 468 833 «pria
496 753 533 814 ab
561 757 622 835 ipsa
653 767 716 817 arte
744 763 899 816 tractatum
929 762 986 823 est,
1019 765 1047 814 et.
1076 757 1212 833 qiroraium
1244 755 1386 815 dehemus
1407 757 1535 834 primum

247 859 323 916 scire
346 856 401 916 lroc
425 857 518 935 ipsum
542 859 618 936 cpuod
650 859 786 926 dicimus,
818 867 846 917 et
874 864 975 935 postea
999 874 1073 934 (luae
1096 858 1133 914 sit
1155 859 1218 935 ipsa
1243 877 1290 917 res
1313 857 1438 918 discere.
1484 857 1534 918 sed

245 958 301 1017 lroo
324 977 359 1016 ex
382 959 540 1036 superfluo.
586 980 634 1021 ars
657 962 734 1021 enim
758 946 854 1039 potest
877 959 935 1018 dici
957 966 987 1019 et
1008 959 1135 1018 tonsoris
1158 966 1187 1017 et
1208 958 1356 1038 plumarii.
1392 958 1476 1020 midti
1499 959 1562 1019 aas

243 1062 315 1138 ipsis
343 1060 448 1120 litteris
475 1061 631 1130 inchoant;
660 1081 715 1123 nec
737 1062 793 1121 hoc
816 1079 917 1121 verum
941 1069 994 1120 est.
1028 1058 1113 1119 multi
1142 1068 1172 1120 et
1199 1079 1215 1120 a
1244 1079 1314 1121 voce
1335 1060 1478 1121 inchoant
1500 1078 1535 1122 ea

244 1165 372 1228 ratione,
390 1163 526 1241 quoniam
549 1161 675 1232 litterae,
699 1163 736 1222 de
760 1181 829 1223 voce
852 1171 921 1222 sunt
943 1169 1038 1231 natae,
1063 1169 1093 1221 et
1115 1179 1174 1220 non
1197 1181 1356 1241 possumus
1377 1164 1536 1242 pervenire

245 1264 280 1323 ad
307 1263 481 1329 secundam,
509 1266 575 1323 nisi.
594 1264 756 1325 dixerimus
782 1266 909 1344 primam
936 1270 1061 1343 partem.
1107 1281 1162 1324 nec
1192 1262 1250 1324 hoc
1271 1283 1373 1325 verum
1397 1272 1456 1335 est,
1481 1263 1534 1325 sed

243 1368 293 1445 qui
315 1365 435 1426 inchoat
456 1372 563 1434 artem,
588 1365 676 1426 debet
697 1367 838 1426 inclmare
861 1364 898 1425 ab
921 1375 988 1425 octo
1002 1364 1137 1443 partibus
1153 1366 1302 1426 orationis.
1328 1383 1385 1444 qua
1400 1366 1535 1428 ratione?

244 1469 311 1546 quia
334 1469 384 1548 qui
406 1477 498 1528 artem
522 1470 606 1529 istam
629 1468 745 1538 scribit,
769 1469 977 1546 grammaticus
999 1466 1116 1527 dicitur.
1148 1467 1184 1527 de
1199 1475 1264 1528 arte
1286 1477 1384 1529 autem
1406 1475 1573 1528 tractarem

243 1569 313 1648 quid
343 1577 401 1638 est,
434 1571 488 1629 nisi
517 1577 644 1631 tractare
667 1570 703 1631 de
726 1577 792 1630 octo
814 1569 949 1650 partibus
972 1570 1130 1629 orationis?
1160 1569 1197 1630 de
1216 1588 1288 1630 voce
1310 1577 1439 1631 tractare
1464 1569 1534 1650 quid

159 1703 160 1706 κ
244 1680 290 1730 est
313 1667 416 1752 [rox]i
439 1670 495 1732 hoc
517 1672 762 1753 philosophorum
786 1680 841 1733 est.
879 1671 915 1732 de
938 1668 1044 1732 litteris
1066 1680 1195 1732 tractare
1218 1673 1350 1731 omnium
1373 1680 1427 1732 est.
1465 1673 1534 1732 nain

122 2391 181 2450 cita,
196 2391 227 2439 12

122 2459 180 2518 aar,
195 2461 226 2506 ee
276 2489 282 2501 .

244 1781 274 1832 et
295 1779 396 1832 orator
418 1776 534 1852 quaerit
554 1774 668 1835 litteras
691 1774 805 1835 discere
818 1782 857 1834 et
871 1775 1081 1851 grammaticus
1103 1772 1237 1834 similiter
1260 1782 1289 1833 et
1310 1775 1451 1851 magister
1474 1773 1536 1833 ludi

243 1874 332 1935 idem.
377 1893 444 1935 nam
468 1875 505 1935 de
526 1877 658 1956 partibus
680 1884 823 1945 tractare,
848 1876 903 1936 hoc
926 1876 1107 1952 grammatici
1131 1882 1184 1935 est.
1229 1875 1341 1935 idcirco
1365 1876 1452 1936 etiam
1476 1875 1534 1935 llo·

243 1987 328 2037 natus
350 1977 420 2036 inde
448 1976 609 2048 inchoarit,
639 1977 676 2038 ab
703 1980 774 2058 ipsis
801 1978 944 2058 partibus
989 1979 1087 2057 perite
1110 1984 1140 2037 et
1161 1975 1266 2036 callide
1289 1976 1413 2036 exclusit
1435 1977 1533 2037 omnia
1547 1989 1571 2027 1⁵

241 2078 290 2155 illa
314 2079 351 2139 de
374 2082 459 2150 voce,
488 2080 534 2140 de‘
553 2080 665 2150 littera,
696 2099 770 2158 quae
799 2086 849 2139 aut
877 2081 995 2159 propria
1020 2085 1120 2140 essent
1146 2078 1270 2139 aliorum
1293 2085 1344 2139 aut
1365 2080 1533 2139 communia

242 2179 417 2249 multorum,
443 2187 501 2242 non
524 2189 622 2242 tamen
646 2189 747 2242 essent
769 2183 862 2261 ipsius
884 2184 1013 2262 propria.
1058 2179 1179 2241 inchoat
1200 2182 1291 2258 igitur
1314 2179 1351 2240 ab
1374 2188 1441 2241 octo
1463 2199 1531 2260 par-

240 2282 319 2343 tibus
340 2284 492 2343 orationis.

325 2386 425 2446 Oratio
454 2386 562 2444 dicitur
592 2385 733 2454 elocutio,
764 2394 792 2445 ct
823 2385 900 2447 dicta
930 2388 1023 2447 oratio
1052 2386 1135 2465 ‹puasi
1163 2385 1222 2445 oris
1244 2387 1328 2445 ratio.
1374 2385 1447 2445 haec
1469 2386 1532 2466 ipsa

238 2506 333 2567 prima
355 2507 426 2568 pars
449 2496 515 2547 octo
538 2507 586 2548 res
608 2469 720 2549 tantum
749 2491 907 2567 significat,
963 2507 1072 2548 rmmen
1095 2505 1258 2567 pronomen
1283 2486 1405 2547 verbum
1428 2486 1531 2561 adrer-
1545 2498 1569 2538 2⁰

240 2591 320 2650 bium
343 2591 529 2668 participium
553 2592 792 2651 coniunctionem
815 2592 1063 2669 praepositionem
1086 2591 1333 2650 interiectionem.
1364 2589 1430 2649 vide
1453 2607 1532 2650 nunc

239 2690 419 2769 singularum
454 2694 659 2771 proprietates
706 2713 795 2773 (lirare
829 2692 937 2751 dictum
973 2699 1016 2751 est
1048 2692 1174 2750 nomen?
1208 2693 1346 2770 quoniam
1374 2710 1429 2771 per
1457 2691 1532 2752 hanc

239 2802 354 2872 partem
370 2813 420 2854 res
435 2803 520 2854 notas
535 2796 709 2855 invenimus.
741 2794 819 2855 unde
835 2796 991 2863 sciremus,
1016 2812 1075 2872 quo
1091 2793 1179 2854 modo
1200 2793 1349 2854 diceretur
1370 2790 1527 2853 columna?

239 2914 309 2955 ecce
332 2895 404 2956 dicis
426 2895 498 2955 mihi
522 2894 677 2957 ‘columne
700 2897 837 2965 dicitur’,
862 2914 931 2956 ecce
954 2895 1058 2955 didici:
1083 2903 1186 2975 postea
1209 2897 1297 2956 etiam
1319 2896 1345 2954 si
1366 2891 1447 2956 illam
1470 2912 1531 2955 non

238 2997 351 3065 videam
380 3005 409 3058 et
436 2999 570 3058 nomInes
599 2998 670 3058 mihi
699 2996 885 3068 columnam,
908 2994 957 3057 illa
980 2998 1082 3057 notitia
1107 2998 1186 3058 venit
1208 2997 1244 3057 ad
1267 2998 1397 3057 animum
1419 3014 1567 3071 meumes

237 3099 305 3160 ideo
328 3099 437 3160 dictum
462 3108 506 3161 est
528 3118 646 3170 nomen,
671 3099 748 3177 quod
773 3107 857 3160 notas
880 3117 982 3160 rerum
1004 3100 1113 3159 nostris
1135 3099 1241 3158 animis
1263 3100 1410 3177 suggerit,
1434 3098 1531 3160 idest

189 3200 192 3204 ’
238 3202 317 3281 quod
347 3203 436 3264 eilicit
464 3202 549 3263 nobis
577 3222 625 3264 rcs
648 3210 744 3265 notas.
785 3209 818 3264 et
839 3201 915 3263 bene
938 3203 1066 3280 primum
1089 3203 1216 3281 positum
1241 3209 1285 3261 est
1305 3218 1424 3291 nomen.
1470 3218 1530 3261 non

238 3305 317 3364 enim
347 3312 434 3385 potes
464 3312 592 3365 tractare
621 3305 657 3365 de
685 3303 798 3375 littera,
827 3303 864 3364 de
891 3323 977 3375 voce,
1010 3305 1067 3364 nisi
1093 3305 1176 3383 prius
1198 3305 1289 3374 scias,
1312 3302 1383 3384 quid
1407 3308 1453 3363 est
1473 3301 1530 3362 hoc

236 3407 342 3484 ipsum.
387 3406 499 3468 idcirco
523 3401 802 3484 quoniam'nomina
826 3408 1002 3486 primigenia
1025 3407 1145 3467 suntin
1168 3404 1258 3465 rebus
1280 3403 1433 3474 omnibus,
1456 3402 1531 3463 haec

236 3510 332 3587 prima
360 3507 471 3569 debent
498 3511 578 3589 poni.
625 3527 711 3570 nemo
740 3508 818 3569 enim
847 3517 944 3586 potest
970 3517 1098 3569 tractare
1120 3509 1216 3587 primo
1239 3507 1276 3568 de
1298 3506 1363 3568 aliis
1384 3504 1567 3587 partibuseo

236 3609 348 3669 idcirco
372 3611 467 3689 prima
489 3629 558 3691 pars
580 3618 625 3671 est
647 3629 763 3672 nomen.
802 3629 969 3691 pronomen
992 3610 1103 3670 dictum
1128 3618 1185 3679 est,
1215 3608 1293 3690 quod
1317 3609 1401 3690 quasi
1422 3607 1528 3686 lunga·

236 3718 284 3770 tur
307 3712 403 3772 oisscio
425 3713 563 3773 nominis.
608 3713 686 3791 siqui
714 3712 792 3773 dicat
814 3712 978 3791 ‘Vergilius
1000 3713 1120 3791 scripsit
1141 3709 1299 3782 bucolica’,
1328 3710 1449 3771 nomine
1471 3709 1528 3770 uti-

305 3967 318 4016 1
339 3984 384 4034 per
401 3984 464 4032 ques
486 3977 589 4017 currunt
608 3969 693 4017 omnia
714 3971 818 4020 coniecit
837 3970 1023 4019 Lindemannue
1074 3966 1090 4018 3
1109 3966 1140 4016 ab
1160 3968 1218 4033 ipsa
1236 3975 1309 4033 perte
1326 3965 1455 4017 Alione
1472 3965 1530 4028 sor·

237 4045 305 4089 tusae
322 4039 353 4086 ab
373 4039 430 4102 ipsa
449 4048 502 4087 arte
522 4046 642 4086 tractatus
661 4046 707 4087 est.
727 4055 784 4089 uam
801 4039 847 4092 doc
864 4042 972 4091 uoluisse
988 4039 1087 4090 uidetur
1102 4039 1295 4103 procursatione,
1316 4043 1465 4095 eructantia,
1483 4037 1529 4086 doe

236 4116 274 4156 eet
291 4110 484 4172 ampliciationem
503 4109 567 4158 ertia
582 4110 767 4172 grammaticae,
786 4109 818 4157 ab
836 4113 893 4172 ipso
911 4118 969 4160 arte
983 4111 1113 4175 proficisci
1171 4108 1273 4172 4quod
1292 4107 1400 4156 dicimus
1420 4105 1529 4169 Lquod

261 4185 272 4214 fl

237 4229 345 4278 dicimus
363 4230 383 4278 0
400 4237 424 4277 et
437 4233 577 4292 eaepuuctis,
597 4237 624 4278 ut
639 4229 745 4293 videtur,
764 4229 789 4278 di
807 4231 900 4279 titteris
918 4232 942 4278 Α
959 4231 1027 4294 quod
1041 4230 1162 4280 discimus
1181 4229 1206 4278 B
1291 4230 1308 4278 5
1324 4227 1395 4276 multi
1412 4227 1445 4276 ab
1464 4227 1529 4292 ipsis

236 4300 325 4350 litteris
352 4297 470 4347 inchoant
492 4314 538 4348 nec
561 4298 610 4348 hoc
634 4315 721 4349 verum
744 4309 780 4349 est
798 4299 845 4350 icoc
866 4305 920 4352 ioco
938 4317 984 4353 om.
1006 4300 1132 4360 ΑΒΜ),
1154 4307 1211 4364 post
1238 4297 1255 4348 8
1280 4312 1367 4346 verum
1396 4305 1435 4345 eet
1464 4297 1527 4347 add.

236 4369 309 4418 BCo
365 4369 396 4418 10
414 4370 486 4418 istem
501 4370 549 4419 BC
564 4377 588 4419 et
605 4372 630 4419 in
647 4374 725 4421 litura
742 4386 758 4419 a
776 4370 860 4435 ipsum
876 4372 909 4431 L,
929 4373 995 4421 unde
1008 4371 1091 4435 ipsum
1109 4371 1219 4419 editores
1235 4367 1440 4419 Vindobouenees
1458 4368 1528 4416 enei.

233 4455 313 4505 prem.
332 4455 359 4504 p.
373 4439 422 4489 511
496 4440 526 4489 ll
547 4441 607 4503 quid
630 4450 668 4490 est
689 4455 740 4490 uox
758 4439 806 4489 hoc
821 4441 874 4492 Ao
891 4441 950 4502 quid
971 4449 1009 4488 est
1027 4441 1076 4490 nisi
1092 4455 1144 4490 uox
1162 4439 1212 4490 hoc
1230 4438 1255 4488 B
1273 4437 1333 4501 quid
1351 4446 1389 4486 est
1408 4436 1459 4485 nisi
1477 4449 1529 4485 nox

237 4511 272 4560 L:
292 4525 341 4559 vox
359 4509 490 4558 delendum
508 4526 563 4560 ease
579 4510 640 4560 uidit
660 4511 846 4561 Lindemannue
917 4512 949 4561 14
967 4507 1045 4576 idem]
1067 4511 1125 4559 item
1145 4509 1200 4559 BL
1272 4509 1303 4558 li
1321 4507 1441 4573 igiturL
1465 4519 1528 4572 ergo

236 4581 323 4641 C,om.
343 4579 400 4629 AB
470 4580 502 4629 21
522 4580 665 4628 uidenunc
683 4579 878 4647 singulorumh
897 4581 955 4629 uide
974 4581 1134 4646 singulorum
1150 4578 1234 4629 ABG
1292 4576 1325 4628 23
1343 4577 1470 4626 diceretur
1484 4592 1528 4626 co·

236 4651 322 4700 lomna
340 4650 405 4699 dicis
422 4649 484 4699 mihi
502 4650 620 4698 columne
638 4650 729 4699 dicitur
746 4666 803 4701 eece
822 4650 907 4700 dedici
924 4658 1014 4716 postea
1031 4653 1106 4700 etlam
1126 4651 1147 4698 si
1166 4651 1189 4699 L
1206 4649 1331 4698 diceretur
1348 4647 1468 4698 columne
1485 4647 1528 4696 uel

235 4730 323 4785 postea
342 4720 437 4785 (postis
454 4719 492 4784 B)
511 4736 568 4770 eece
583 4720 648 4770 dicis
667 4720 726 4769 mihi
743 4722 861 4770 columna
873 4720 966 4770 dicitur
979 4736 1037 4769 ecce
1049 4720 1141 4770 dicitur
1159 4728 1248 4784 postea
1268 4719 1343 4768 etiem
1361 4715 1434 4782 (poet
1450 4719 1526 4767 otiam

235 4789 261 4839 B
278 4800 366 4855 postea
382 4800 406 4839 et
424 4800 467 4839 ecit
486 4791 517 4855 0)
536 4791 558 4842 si
578 4790 651 4839 AB!
740 4791 775 4842 26
792 4799 866 4840 notos
885 4805 968 4841 rerum
988 4791 1059 4841 aua
1077 4800 1149 4839 notus
1168 4804 1208 4838 res
1227 4788 1282 4838 Ac
1360 4786 1526 4856 28potesd

236 4867 318 4927 potest
337 4861 360 4908 Α
369 4860 420 4912 Bo
