<?xml version="1.0" encoding="UTF-8"?>
<!DOCTYPE html PUBLIC "-//W3C//DTD XHTML 1.0 Transitional//EN"
    "http://www.w3.org/TR/xhtml1/DTD/xhtml1-transitional.dtd">
<html xmlns="http://www.w3.org/1999/xhtml" xml:lang="en" lang="en">
 <head>
  <title>
</title>
<meta http-equiv="Content-Type" content="text/html;charset=utf-8" />
  <meta name='ocr-system' content='tesseract 3.04.00' />
  <meta name='ocr-capabilities' content='ocr_page ocr_carea ocr_par ocr_line ocrx_word'/>
</head>
<body>
  <div class='ocr_page' id='page_1' title='image "./grammaticilatin03keilgoog_0531.png"; bbox 0 0 3346 5498; ppageno 0'>
   <div class='ocr_carea' id='block_1_1' title="bbox 128 393 873 459">
    <p class='ocr_par' dir='ltr' id='par_1_1' title="bbox 128 393 873 459">
     <span class='ocr_line' id='line_1_1' title="bbox 128 393 873 459; baseline -0.003 -1"><span class='ocrx_word' id='word_1_1' title='bbox 128 393 191 459; x_wconf 82' lang='lat'>508</span> <span class='ocrx_word' id='word_1_2' title='bbox 672 394 873 457; x_wconf 87' lang='lat' dir='ltr'>dVGVSTlNl</span> 
     </span>
    </p>
   </div>
   <div class='ocr_carea' id='block_1_2' title="bbox 154 502 331 557">
    <p class='ocr_par' dir='ltr' id='par_1_2' title="bbox 154 502 331 557">
     <span class='ocr_line' id='line_1_2' title="bbox 154 502 331 557; baseline -0.006 -14"><span class='ocrx_word' id='word_1_3' title='bbox 154 517 175 557; x_wconf 87' lang='lat' dir='ltr'>p.</span> <span class='ocrx_word' id='word_1_4' title='bbox 190 505 294 544; x_wconf 72' lang='lat'>1992-94</span> <span class='ocrx_word' id='word_1_5' title='bbox 307 502 331 542; x_wconf 91' lang='lat' dir='ltr'>P.</span> 
     </span>
    </p>
   </div>
   <div class='ocr_carea' id='block_1_3' title="bbox 127 582 1444 1087">
    <p class='ocr_par' dir='ltr' id='par_1_3' title="bbox 127 582 1444 1087">
     <span class='ocr_line' id='line_1_3' title="bbox 213 582 1419 664; baseline 0.001 -21"><span class='ocrx_word' id='word_1_6' title='bbox 213 584 376 644; x_wconf 84' lang='lat' dir='ltr'><strong>Dicendum</strong></span> <span class='ocrx_word' id='word_1_7' title='bbox 407 582 443 642; x_wconf 91' lang='lat' dir='ltr'>de</span> <span class='ocrx_word' id='word_1_8' title='bbox 473 583 614 642; x_wconf 86' lang='lat' dir='ltr'>inlinitis:</span> <span class='ocrx_word' id='word_1_9' title='bbox 642 599 752 658; x_wconf 82' lang='lat' dir='ltr'><strong>genere</strong></span> <span class='ocrx_word' id='word_1_10' title='bbox 773 582 934 643; x_wconf 90' lang='lat' dir='ltr'>masculino</span> <span class='ocrx_word' id='word_1_11' title='bbox 956 584 1008 661; x_wconf 92' lang='lat' dir='ltr'>qui</span> <span class='ocrx_word' id='word_1_12' title='bbox 1030 584 1115 643; x_wconf 92' lang='lat' dir='ltr'>cuius</span> <span class='ocrx_word' id='word_1_13' title='bbox 1137 584 1185 642; x_wconf 92' lang='lat' dir='ltr'>cui</span> <span class='ocrx_word' id='word_1_14' title='bbox 1214 601 1302 664; x_wconf 88' lang='lat' dir='ltr'>quem</span> <span class='ocrx_word' id='word_1_15' title='bbox 1324 601 1343 643; x_wconf 92' lang='lat' dir='ltr'>o</span> <span class='ocrx_word' id='word_1_16' title='bbox 1365 583 1419 664; x_wconf 91' lang='lat' dir='ltr'>qui</span> 
     </span>
     <span class='ocr_line' id='line_1_4' title="bbox 128 666 1421 749; baseline -0.002 -19"><span class='ocrx_word' id='word_1_17' title='bbox 128 690 144 730; x_wconf 94' lang='lat' dir='ltr'>a</span> <span class='ocrx_word' id='word_1_18' title='bbox 175 687 234 749; x_wconf 90' lang='lat' dir='ltr'>quo</span> <span class='ocrx_word' id='word_1_19' title='bbox 267 671 317 748; x_wconf 93' lang='lat' dir='ltr'>qui</span> <span class='ocrx_word' id='word_1_20' title='bbox 353 686 478 747; x_wconf 90' lang='lat' dir='ltr'>quorum</span> <span class='ocrx_word' id='word_1_21' title='bbox 512 669 580 746; x_wconf 91' lang='lat' dir='ltr'>quis</span> <span class='ocrx_word' id='word_1_22' title='bbox 612 666 658 726; x_wconf 88' lang='lat' dir='ltr'>vel</span> <span class='ocrx_word' id='word_1_23' title='bbox 691 666 815 746; x_wconf 90' lang='lat' dir='ltr'>quibus,</span> <span class='ocrx_word' id='word_1_24' title='bbox 853 675 886 727; x_wconf 91' lang='lat' dir='ltr'>ut</span> <span class='ocrx_word' id='word_1_25' title='bbox 922 667 1064 745; x_wconf 83' lang='lat' dir='ltr'>Virgilius</span> <span class='ocrx_word' id='word_1_26' title='bbox 1098 668 1200 748; x_wconf 80' lang='lat' dir='ltr'>‘quis</span> <span class='ocrx_word' id='word_1_27' title='bbox 1233 676 1319 728; x_wconf 92' lang='lat' dir='ltr'>ante</span> <span class='ocrx_word' id='word_1_28' title='bbox 1354 686 1421 728; x_wconf 91' lang='lat' dir='ltr'>ora</span> 
     </span>
     <span class='ocr_line' id='line_1_5' title="bbox 127 747 1419 835; baseline -0.002 -21"><span class='ocrx_word' id='word_1_29' title='bbox 127 757 299 835; x_wconf 89' lang='lat' dir='ltr'>patrum&#39;,</span> <span class='ocrx_word' id='word_1_30' title='bbox 339 772 413 833; x_wconf 91' lang='lat' dir='ltr'>quos</span> <span class='ocrx_word' id='word_1_31' title='bbox 446 754 540 833; x_wconf 91' lang='lat' dir='ltr'>oqui</span> <span class='ocrx_word' id='word_1_32' title='bbox 574 771 590 812; x_wconf 92' lang='lat' dir='ltr'>a</span> <span class='ocrx_word' id='word_1_33' title='bbox 625 751 734 830; x_wconf 91' lang='lat' dir='ltr'>quibus</span> <span class='ocrx_word' id='word_1_34' title='bbox 770 747 775 831; x_wconf 82' lang='grc' dir='ltr'>Ι</span> <span class='ocrx_word' id='word_1_35' title='bbox 808 753 952 813; x_wconf 89' lang='lat' dir='ltr'>leminino</span> <span class='ocrx_word' id='word_1_36' title='bbox 988 770 1098 830; x_wconf 79' lang='lat' dir='ltr'><strong>genere</strong></span> <span class='ocrx_word' id='word_1_37' title='bbox 1134 770 1209 833; x_wconf 88' lang='lat' dir='ltr'>quae</span> <span class='ocrx_word' id='word_1_38' title='bbox 1246 755 1331 814; x_wconf 91' lang='lat' dir='ltr'>cuius</span> <span class='ocrx_word' id='word_1_39' title='bbox 1368 753 1419 813; x_wconf 91' lang='lat' dir='ltr'>cui</span> 
     </span>
     <span class='ocr_line' id='line_1_6' title="bbox 127 837 1420 919; baseline -0.002 -19"><span class='ocrx_word' id='word_1_40' title='bbox 127 857 214 919; x_wconf 91' lang='lat' dir='ltr'>quam</span> <span class='ocrx_word' id='word_1_41' title='bbox 244 858 261 896; x_wconf 93' lang='lat' dir='ltr'>o</span> <span class='ocrx_word' id='word_1_42' title='bbox 288 856 363 918; x_wconf 93' lang='lat' dir='ltr'>quae</span> <span class='ocrx_word' id='word_1_43' title='bbox 390 858 406 898; x_wconf 92' lang='lat' dir='ltr'>a</span> <span class='ocrx_word' id='word_1_44' title='bbox 434 856 490 917; x_wconf 93' lang='lat' dir='ltr'>qua</span> <span class='ocrx_word' id='word_1_45' title='bbox 518 855 593 916; x_wconf 92' lang='lat' dir='ltr'>quae</span> <span class='ocrx_word' id='word_1_46' title='bbox 620 854 745 917; x_wconf 89' lang='lat' dir='ltr'>quarum</span> <span class='ocrx_word' id='word_1_47' title='bbox 773 839 840 916; x_wconf 93' lang='lat' dir='ltr'>quis</span> <span class='ocrx_word' id='word_1_48' title='bbox 868 856 941 918; x_wconf 92' lang='lat' dir='ltr'>quas</span> <span class='ocrx_word' id='word_1_49' title='bbox 970 856 987 896; x_wconf 90' lang='grc' dir='ltr'>ο</span> <span class='ocrx_word' id='word_1_50' title='bbox 1014 856 1089 918; x_wconf 91' lang='lat' dir='ltr'>quae</span> <span class='ocrx_word' id='word_1_51' title='bbox 1112 857 1128 897; x_wconf 92' lang='lat' dir='ltr'>a</span> <span class='ocrx_word' id='word_1_52' title='bbox 1150 837 1274 918; x_wconf 91' lang='lat' dir='ltr'>quibus,</span> <span class='ocrx_word' id='word_1_53' title='bbox 1305 855 1420 915; x_wconf 83' lang='lat' dir='ltr'>genere</span> 
     </span>
     <span class='ocr_line' id='line_1_7' title="bbox 128 921 1444 1003; baseline -0.004 -19"><span class='ocrx_word' id='word_1_54' title='bbox 128 931 233 985; x_wconf 89' lang='lat' dir='ltr'>neutro</span> <span class='ocrx_word' id='word_1_55' title='bbox 261 923 339 1003; x_wconf 90' lang='lat' dir='ltr'>quod</span> <span class='ocrx_word' id='word_1_56' title='bbox 366 924 452 983; x_wconf 91' lang='lat' dir='ltr'>cuius</span> <span class='ocrx_word' id='word_1_57' title='bbox 478 924 525 981; x_wconf 94' lang='lat' dir='ltr'>cui</span> <span class='ocrx_word' id='word_1_58' title='bbox 554 921 632 1001; x_wconf 92' lang='lat' dir='ltr'>quod</span> <span class='ocrx_word' id='word_1_59' title='bbox 660 941 677 981; x_wconf 94' lang='lat' dir='ltr'>o</span> <span class='ocrx_word' id='word_1_60' title='bbox 704 921 782 1000; x_wconf 90' lang='lat' dir='ltr'>quod</span> <span class='ocrx_word' id='word_1_61' title='bbox 805 941 821 981; x_wconf 94' lang='lat' dir='ltr'>a</span> <span class='ocrx_word' id='word_1_62' title='bbox 843 941 901 1002; x_wconf 89' lang='lat' dir='ltr'>quo</span> <span class='ocrx_word' id='word_1_63' title='bbox 924 941 999 1002; x_wconf 91' lang='lat' dir='ltr'>quac</span> <span class='ocrx_word' id='word_1_64' title='bbox 1020 940 1146 1002; x_wconf 90' lang='lat' dir='ltr'>quorum</span> <span class='ocrx_word' id='word_1_65' title='bbox 1168 925 1235 1002; x_wconf 90' lang='lat' dir='ltr'>quis</span> <span class='ocrx_word' id='word_1_66' title='bbox 1264 921 1328 1000; x_wconf 89' lang='lat' dir='ltr'>(sed</span> <span class='ocrx_word' id='word_1_67' title='bbox 1357 924 1444 983; x_wconf 81' lang='lat' dir='ltr'>ianus</span> 
     </span>
     <span class='ocr_line' id='line_1_8' title="bbox 127 1005 1422 1087; baseline -0.002 -18"><span class='ocrx_word' id='word_1_68' title='bbox 127 1009 289 1069; x_wconf 89' lang='lat' dir='ltr'>secundum</span> <span class='ocrx_word' id='word_1_69' title='bbox 318 1026 404 1068; x_wconf 89' lang='lat' dir='ltr'>usum</span> <span class='ocrx_word' id='word_1_70' title='bbox 437 1006 546 1087; x_wconf 89' lang='lat' dir='ltr'>quibus</span> <span class='ocrx_word' id='word_1_71' title='bbox 573 1005 708 1084; x_wconf 79' lang='lat' dir='ltr'>dicimus)</span> <span class='ocrx_word' id='word_1_72' title='bbox 737 1025 812 1086; x_wconf 89' lang='lat' dir='ltr'>quae</span> <span class='ocrx_word' id='word_1_73' title='bbox 841 1025 858 1066; x_wconf 92' lang='lat' dir='ltr'>o</span> <span class='ocrx_word' id='word_1_74' title='bbox 886 1026 961 1087; x_wconf 92' lang='lat' dir='ltr'>quae</span> <span class='ocrx_word' id='word_1_75' title='bbox 990 1026 1005 1067; x_wconf 94' lang='lat' dir='ltr'>a</span> <span class='ocrx_word' id='word_1_76' title='bbox 1034 1006 1153 1085; x_wconf 79' lang='lat' dir='ltr'>quibus</span> <span class='ocrx_word' id='word_1_77' title='bbox 1208 1009 1322 1086; x_wconf 77' lang='lat' dir='ltr'>antiqui</span> <span class='ocrx_word' id='word_1_78' title='bbox 1351 1008 1422 1086; x_wconf 93' lang='lat' dir='ltr'>quis</span> 
     </span>
    </p>
   </div>
   <div class='ocr_carea' id='block_1_4' title="bbox 31 1091 1418 1172">
    <p class='ocr_par' dir='ltr' id='par_1_4' title="bbox 31 1091 1418 1172">
     <span class='ocr_line' id='line_1_9' title="bbox 31 1091 1418 1172; baseline -0.001 -19"><span class='ocrx_word' id='word_1_79' title='bbox 31 1104 35 1114; x_wconf 91' lang='lat'><em>&#39;</em></span> <span class='ocrx_word' id='word_1_80' title='bbox 127 1112 236 1172; x_wconf 90' lang='lat' dir='ltr'>genere</span> <span class='ocrx_word' id='word_1_81' title='bbox 270 1094 418 1153; x_wconf 91' lang='lat' dir='ltr'>communi</span> <span class='ocrx_word' id='word_1_82' title='bbox 456 1091 609 1162; x_wconf 86' lang='lat' dir='ltr'>dixerunt,</span> <span class='ocrx_word' id='word_1_83' title='bbox 646 1091 695 1151; x_wconf 92' lang='lat' dir='ltr'>hic</span> <span class='ocrx_word' id='word_1_84' title='bbox 732 1100 761 1151; x_wconf 94' lang='lat' dir='ltr'>et</span> <span class='ocrx_word' id='word_1_85' title='bbox 797 1091 871 1152; x_wconf 90' lang='lat' dir='ltr'>baec</span> <span class='ocrx_word' id='word_1_86' title='bbox 900 1094 982 1172; x_wconf 92' lang='lat' dir='ltr'>quis,</span> <span class='ocrx_word' id='word_1_87' title='bbox 1020 1093 1109 1152; x_wconf 82' lang='lat' dir='ltr'>liuius</span> <span class='ocrx_word' id='word_1_88' title='bbox 1140 1094 1216 1171; x_wconf 91' lang='lat' dir='ltr'>quis,</span> <span class='ocrx_word' id='word_1_89' title='bbox 1250 1091 1320 1152; x_wconf 91' lang='lat' dir='ltr'>huic</span> <span class='ocrx_word' id='word_1_90' title='bbox 1354 1093 1418 1171; x_wconf 94' lang='lat' dir='ltr'>qui,</span> 
     </span>
    </p>
   </div>
   <div class='ocr_carea' id='block_1_5' title="bbox 114 1175 1461 3973">
    <p class='ocr_par' dir='ltr' id='par_1_5' title="bbox 114 1175 1461 3973">
     <span class='ocr_line' id='line_1_10' title="bbox 127 1175 1420 1257; baseline -0.002 -19"><span class='ocrx_word' id='word_1_91' title='bbox 127 1178 206 1238; x_wconf 87' lang='lat' dir='ltr'>lruuc</span> <span class='ocrx_word' id='word_1_92' title='bbox 235 1186 264 1238; x_wconf 92' lang='lat' dir='ltr'>et</span> <span class='ocrx_word' id='word_1_93' title='bbox 290 1177 367 1237; x_wconf 83' lang='lat' dir='ltr'>lianc</span> <span class='ocrx_word' id='word_1_94' title='bbox 395 1196 496 1256; x_wconf 88' lang='lat' dir='ltr'>quern,</span> <span class='ocrx_word' id='word_1_95' title='bbox 530 1194 547 1235; x_wconf 92' lang='lat' dir='ltr'>o</span> <span class='ocrx_word' id='word_1_96' title='bbox 575 1178 656 1256; x_wconf 89' lang='lat' dir='ltr'>quis,</span> <span class='ocrx_word' id='word_1_97' title='bbox 691 1175 727 1236; x_wconf 91' lang='lat' dir='ltr'>ab</span> <span class='ocrx_word' id='word_1_98' title='bbox 756 1177 811 1236; x_wconf 91' lang='lat' dir='ltr'>hoc</span> <span class='ocrx_word' id='word_1_99' title='bbox 838 1184 869 1237; x_wconf 91' lang='lat' dir='ltr'>et</span> <span class='ocrx_word' id='word_1_100' title='bbox 898 1176 934 1236; x_wconf 93' lang='lat' dir='ltr'>ab</span> <span class='ocrx_word' id='word_1_101' title='bbox 963 1177 1017 1237; x_wconf 88' lang='lat' dir='ltr'>lrac</span> <span class='ocrx_word' id='word_1_102' title='bbox 1039 1178 1101 1257; x_wconf 89' lang='lat' dir='ltr'>qui.</span> <span class='ocrx_word' id='word_1_103' title='bbox 1157 1176 1226 1237; x_wconf 94' lang='lat' dir='ltr'>inde</span> <span class='ocrx_word' id='word_1_104' title='bbox 1256 1178 1336 1237; x_wconf 88' lang='lat' dir='ltr'>venit</span> <span class='ocrx_word' id='word_1_105' title='bbox 1365 1175 1420 1236; x_wconf 92' lang='lat' dir='ltr'>ab·</span> 
     </span>
     <span class='ocr_line' id='line_1_11' title="bbox 126 1259 1422 1341; baseline -0.003 -18"><span class='ocrx_word' id='word_1_106' title='bbox 126 1263 233 1324; x_wconf 88' lang='lat' dir='ltr'>latirus</span> <span class='ocrx_word' id='word_1_107' title='bbox 255 1264 358 1322; x_wconf 82' lang='lat' dir='ltr'>exiens</span> <span class='ocrx_word' id='word_1_108' title='bbox 386 1264 417 1321; x_wconf 94' lang='lat' dir='ltr'>in</span> <span class='ocrx_word' id='word_1_109' title='bbox 447 1260 515 1330; x_wconf 91' lang='lat' dir='ltr'>bus,</span> <span class='ocrx_word' id='word_1_110' title='bbox 545 1263 652 1340; x_wconf 90' lang='lat' dir='ltr'>aquis</span> <span class='ocrx_word' id='word_1_111' title='bbox 674 1268 771 1321; x_wconf 91' lang='lat' dir='ltr'>autem</span> <span class='ocrx_word' id='word_1_112' title='bbox 794 1261 939 1323; x_wconf 83' lang='lat' dir='ltr'>ablativus</span> <span class='ocrx_word' id='word_1_113' title='bbox 966 1261 1091 1341; x_wconf 91' lang='lat' dir='ltr'>pluralis</span> <span class='ocrx_word' id='word_1_114' title='bbox 1118 1259 1155 1321; x_wconf 91' lang='lat' dir='ltr'>ab</span> <span class='ocrx_word' id='word_1_115' title='bbox 1183 1259 1311 1321; x_wconf 86' lang='lat' dir='ltr'>ablativo</span> <span class='ocrx_word' id='word_1_116' title='bbox 1338 1262 1422 1321; x_wconf 85' lang='lat' dir='ltr'>veuit</span> 
     </span>
     <span class='ocr_line' id='line_1_12' title="bbox 128 1345 1460 1427; baseline -0.005 -19"><span class='ocrx_word' id='word_1_117' title='bbox 128 1350 179 1427; x_wconf 91' lang='lat' dir='ltr'>qui</span> <span class='ocrx_word' id='word_1_118' title='bbox 203 1349 263 1407; x_wconf 83' lang='lat' dir='ltr'>erit</span> <span class='ocrx_word' id='word_1_119' title='bbox 286 1349 316 1407; x_wconf 96' lang='lat' dir='ltr'>in</span> <span class='ocrx_word' id='word_1_120' title='bbox 339 1365 372 1415; x_wconf 94' lang='lat' dir='ltr'>o,</span> <span class='ocrx_word' id='word_1_121' title='bbox 402 1363 461 1425; x_wconf 93' lang='lat' dir='ltr'>quo</span> <span class='ocrx_word' id='word_1_122' title='bbox 488 1345 576 1406; x_wconf 91' lang='lat' dir='ltr'>modu</span> <span class='ocrx_word' id='word_1_123' title='bbox 598 1347 629 1406; x_wconf 95' lang='lat' dir='ltr'>in</span> <span class='ocrx_word' id='word_1_124' title='bbox 652 1345 753 1423; x_wconf 90' lang='lat' dir='ltr'>regula</span> <span class='ocrx_word' id='word_1_125' title='bbox 775 1348 927 1407; x_wconf 91' lang='lat' dir='ltr'>nominum</span> <span class='ocrx_word' id='word_1_126' title='bbox 950 1346 1095 1407; x_wconf 81' lang='lat' dir='ltr'>ablativus</span> <span class='ocrx_word' id='word_1_127' title='bbox 1116 1364 1183 1406; x_wconf 89' lang='lat' dir='ltr'>curn</span> <span class='ocrx_word' id='word_1_128' title='bbox 1205 1347 1314 1406; x_wconf 81' lang='lat' dir='ltr'>exierit</span> <span class='ocrx_word' id='word_1_129' title='bbox 1336 1346 1367 1405; x_wconf 94' lang='lat' dir='ltr'>in</span> <span class='ocrx_word' id='word_1_130' title='bbox 1391 1364 1418 1414; x_wconf 90' lang='lat' dir='ltr'>o,</span> <span class='ocrx_word' id='word_1_131' title='bbox 1435 1362 1460 1402; x_wconf 83' lang='lat' dir='ltr'>re</span> 
     </span>
     <span class='ocr_line' id='line_1_13' title="bbox 128 1429 1420 1511; baseline -0.003 -18"><span class='ocrx_word' id='word_1_132' title='bbox 128 1433 259 1493; x_wconf 84' lang='lat' dir='ltr'>dativum</span> <span class='ocrx_word' id='word_1_133' title='bbox 287 1430 432 1511; x_wconf 83' lang='lat' dir='ltr'>pluralem</span> <span class='ocrx_word' id='word_1_134' title='bbox 459 1432 491 1489; x_wconf 92' lang='lat' dir='ltr'>in</span> <span class='ocrx_word' id='word_1_135' title='bbox 514 1433 541 1490; x_wconf 90' lang='lat' dir='ltr'>is</span> <span class='ocrx_word' id='word_1_136' title='bbox 561 1432 667 1500; x_wconf 89' lang='lat' dir='ltr'>mittit,</span> <span class='ocrx_word' id='word_1_137' title='bbox 696 1438 729 1491; x_wconf 91' lang='lat' dir='ltr'>ut</span> <span class='ocrx_word' id='word_1_138' title='bbox 750 1450 767 1492; x_wconf 91' lang='lat' dir='ltr'>a</span> <span class='ocrx_word' id='word_1_139' title='bbox 790 1431 868 1492; x_wconf 90' lang='lat' dir='ltr'>iusto</span> <span class='ocrx_word' id='word_1_140' title='bbox 890 1431 992 1500; x_wconf 88' lang='lat' dir='ltr'>iustis,</span> <span class='ocrx_word' id='word_1_141' title='bbox 1021 1450 1037 1490; x_wconf 94' lang='lat' dir='ltr'>a</span> <span class='ocrx_word' id='word_1_142' title='bbox 1060 1429 1146 1491; x_wconf 89' lang='lat' dir='ltr'>docto</span> <span class='ocrx_word' id='word_1_143' title='bbox 1171 1429 1280 1500; x_wconf 86' lang='lat' dir='ltr'>doctis,</span> <span class='ocrx_word' id='word_1_144' title='bbox 1310 1449 1326 1491; x_wconf 89' lang='lat' dir='ltr'>a</span> <span class='ocrx_word' id='word_1_145' title='bbox 1349 1448 1420 1510; x_wconf 90' lang='lat' dir='ltr'>per·</span> 
     </span>
     <span class='ocr_line' id='line_1_14' title="bbox 128 1514 1420 1596; baseline -0.002 -19"><span class='ocrx_word' id='word_1_146' title='bbox 128 1520 205 1578; x_wconf 89' lang='lat' dir='ltr'>lecto</span> <span class='ocrx_word' id='word_1_147' title='bbox 227 1517 385 1596; x_wconf 89' lang='lat' dir='ltr'>perlectis,</span> <span class='ocrx_word' id='word_1_148' title='bbox 410 1534 426 1575; x_wconf 93' lang='lat' dir='ltr'>a</span> <span class='ocrx_word' id='word_1_149' title='bbox 448 1516 598 1575; x_wconf 81' lang='lat' dir='ltr'>fortunato</span> <span class='ocrx_word' id='word_1_150' title='bbox 620 1516 788 1576; x_wconf 79' lang='lat' dir='ltr'>fortunatis.</span> <span class='ocrx_word' id='word_1_151' title='bbox 827 1533 913 1593; x_wconf 92' lang='lat' dir='ltr'>ergo,</span> <span class='ocrx_word' id='word_1_152' title='bbox 936 1522 970 1576; x_wconf 91' lang='lat' dir='ltr'>ut</span> <span class='ocrx_word' id='word_1_153' title='bbox 984 1518 1122 1594; x_wconf 91' lang='lat' dir='ltr'>superius</span> <span class='ocrx_word' id='word_1_154' title='bbox 1137 1516 1214 1584; x_wconf 90' lang='lat' dir='ltr'>dixi,</span> <span class='ocrx_word' id='word_1_155' title='bbox 1238 1516 1353 1595; x_wconf 87' lang='lat' dir='ltr'>antiqui</span> <span class='ocrx_word' id='word_1_156' title='bbox 1368 1514 1420 1575; x_wconf 89' lang='lat' dir='ltr'>bic</span> 
     </span>
     <span class='ocr_line' id='line_1_15' title="bbox 127 1599 1420 1681; baseline -0.003 -19"><span class='ocrx_word' id='word_1_157' title='bbox 127 1611 157 1663; x_wconf 93' lang='lat' dir='ltr'>et</span> <span class='ocrx_word' id='word_1_158' title='bbox 180 1602 253 1662; x_wconf 90' lang='lat' dir='ltr'>baec</span> <span class='ocrx_word' id='word_1_159' title='bbox 267 1603 335 1681; x_wconf 92' lang='lat' dir='ltr'>quis</span> <span class='ocrx_word' id='word_1_160' title='bbox 348 1601 501 1670; x_wconf 86' lang='lat' dir='ltr'>dixerunt,</span> <span class='ocrx_word' id='word_1_161' title='bbox 526 1607 556 1659; x_wconf 89' lang='lat' dir='ltr'>et</span> <span class='ocrx_word' id='word_1_162' title='bbox 578 1619 636 1679; x_wconf 91' lang='lat' dir='ltr'>quo</span> <span class='ocrx_word' id='word_1_163' title='bbox 657 1601 744 1660; x_wconf 92' lang='lat' dir='ltr'>modo</span> <span class='ocrx_word' id='word_1_164' title='bbox 766 1603 797 1660; x_wconf 92' lang='lat' dir='ltr'>in</span> <span class='ocrx_word' id='word_1_165' title='bbox 820 1599 990 1661; x_wconf 92' lang='lat' dir='ltr'>nominibus</span> <span class='ocrx_word' id='word_1_166' title='bbox 1013 1600 1061 1660; x_wconf 84' lang='lat' dir='ltr'>tue</span> <span class='ocrx_word' id='word_1_167' title='bbox 1084 1608 1113 1660; x_wconf 91' lang='lat' dir='ltr'>et</span> <span class='ocrx_word' id='word_1_168' title='bbox 1134 1600 1207 1660; x_wconf 91' lang='lat' dir='ltr'>hacc</span> <span class='ocrx_word' id='word_1_169' title='bbox 1230 1599 1344 1670; x_wconf 90' lang='lat' dir='ltr'>similis,</span> <span class='ocrx_word' id='word_1_170' title='bbox 1368 1599 1420 1660; x_wconf 84' lang='lat' dir='ltr'>liic</span> 
     </span>
     <span class='ocr_line' id='line_1_16' title="bbox 128 1683 1418 1765; baseline -0.002 -18"><span class='ocrx_word' id='word_1_171' title='bbox 128 1697 157 1748; x_wconf 94' lang='lat' dir='ltr'>et</span> <span class='ocrx_word' id='word_1_172' title='bbox 179 1688 252 1747; x_wconf 87' lang='lat' dir='ltr'>lracc</span> <span class='ocrx_word' id='word_1_173' title='bbox 275 1686 376 1763; x_wconf 87' lang='lat' dir='ltr'>agilis,</span> <span class='ocrx_word' id='word_1_174' title='bbox 400 1685 449 1745; x_wconf 88' lang='lat' dir='ltr'>lric</span> <span class='ocrx_word' id='word_1_175' title='bbox 472 1694 503 1746; x_wconf 93' lang='lat' dir='ltr'>ct</span> <span class='ocrx_word' id='word_1_176' title='bbox 524 1685 597 1746; x_wconf 91' lang='lat' dir='ltr'>haec</span> <span class='ocrx_word' id='word_1_177' title='bbox 619 1685 731 1753; x_wconf 88' lang='lat' dir='ltr'>lacilis,</span> <span class='ocrx_word' id='word_1_178' title='bbox 756 1688 853 1751; x_wconf 83' lang='lat' dir='ltr'>sicin</span> <span class='ocrx_word' id='word_1_179' title='bbox 876 1683 1102 1765; x_wconf 78' lang='lat' dir='ltr'>pronominibus</span> <span class='ocrx_word' id='word_1_180' title='bbox 1123 1685 1172 1744; x_wconf 81' lang='lat' dir='ltr'>liic</span> <span class='ocrx_word' id='word_1_181' title='bbox 1194 1693 1223 1745; x_wconf 90' lang='lat' dir='ltr'>et</span> <span class='ocrx_word' id='word_1_182' title='bbox 1244 1685 1318 1744; x_wconf 91' lang='lat' dir='ltr'>haec</span> <span class='ocrx_word' id='word_1_183' title='bbox 1340 1687 1418 1764; x_wconf 90' lang='lat' dir='ltr'>quis,</span> 
     </span>
     <span class='ocr_line' id='line_1_17' title="bbox 127 1769 1459 1850; baseline -0.006 -16"><span class='ocrx_word' id='word_1_184' title='bbox 127 1770 164 1834; x_wconf 90' lang='lat' dir='ltr'>ab</span> <span class='ocrx_word' id='word_1_185' title='bbox 192 1773 247 1832; x_wconf 84' lang='lat' dir='ltr'>lroc</span> <span class='ocrx_word' id='word_1_186' title='bbox 276 1780 307 1831; x_wconf 91' lang='lat' dir='ltr'>ct</span> <span class='ocrx_word' id='word_1_187' title='bbox 334 1771 371 1831; x_wconf 89' lang='lat' dir='ltr'>ab</span> <span class='ocrx_word' id='word_1_188' title='bbox 399 1770 455 1830; x_wconf 88' lang='lat' dir='ltr'>hac</span> <span class='ocrx_word' id='word_1_189' title='bbox 482 1773 543 1850; x_wconf 93' lang='lat' dir='ltr'>qui.</span> <span class='ocrx_word' id='word_1_190' title='bbox 593 1771 661 1831; x_wconf 87' lang='lat' dir='ltr'>inde</span> <span class='ocrx_word' id='word_1_191' title='bbox 684 1769 841 1847; x_wconf 83' lang='lat' dir='ltr'>Virgilius,</span> <span class='ocrx_word' id='word_1_192' title='bbox 871 1789 938 1831; x_wconf 92' lang='lat' dir='ltr'>cum</span> <span class='ocrx_word' id='word_1_193' title='bbox 966 1769 1002 1829; x_wconf 92' lang='lat' dir='ltr'>de</span> <span class='ocrx_word' id='word_1_194' title='bbox 1028 1770 1108 1829; x_wconf 90' lang='lat' dir='ltr'>socia</span> <span class='ocrx_word' id='word_1_195' title='bbox 1132 1769 1270 1831; x_wconf 87' lang='lat' dir='ltr'>Camillae</span> <span class='ocrx_word' id='word_1_196' title='bbox 1293 1769 1459 1839; x_wconf 75' lang='lat' dir='ltr'>diceretis</span> 
     </span>
     <span class='ocr_line' id='line_1_18' title="bbox 128 1855 1420 1935; baseline -0.002 -18"><span class='ocrx_word' id='word_1_197' title='bbox 128 1859 170 1918; x_wconf 91' lang='lat' dir='ltr'>ait</span> <span class='ocrx_word' id='word_1_198' title='bbox 192 1858 357 1935; x_wconf 77' lang='lat' dir='ltr'>‘quicum</span> <span class='ocrx_word' id='word_1_199' title='bbox 380 1856 519 1934; x_wconf 88' lang='lat' dir='ltr'>partiri</span> <span class='ocrx_word' id='word_1_200' title='bbox 543 1859 678 1923; x_wconf 88' lang='lat' dir='ltr'>curas&#39;,</span> <span class='ocrx_word' id='word_1_201' title='bbox 702 1855 732 1919; x_wconf 87' lang='lat' dir='ltr'>id</span> <span class='ocrx_word' id='word_1_202' title='bbox 755 1862 800 1915; x_wconf 91' lang='lat' dir='ltr'>est</span> <span class='ocrx_word' id='word_1_203' title='bbox 822 1874 890 1915; x_wconf 89' lang='lat' dir='ltr'>euru</span> <span class='ocrx_word' id='word_1_204' title='bbox 913 1874 970 1935; x_wconf 92' lang='lat' dir='ltr'>qua</span> <span class='ocrx_word' id='word_1_205' title='bbox 992 1855 1099 1935; x_wconf 92' lang='lat' dir='ltr'>partiri</span> <span class='ocrx_word' id='word_1_206' title='bbox 1120 1873 1217 1914; x_wconf 89' lang='lat' dir='ltr'>curas.</span> <span class='ocrx_word' id='word_1_207' title='bbox 1263 1855 1334 1915; x_wconf 89' lang='lat' dir='ltr'>item</span> <span class='ocrx_word' id='word_1_208' title='bbox 1349 1864 1420 1915; x_wconf 90' lang='lat' dir='ltr'>suut</span> 
     </span>
     <span class='ocr_line' id='line_1_19' title="bbox 129 1939 1419 2009; baseline -0.003 -7"><span class='ocrx_word' id='word_1_209' title='bbox 129 1941 186 2002; x_wconf 87' lang='lat' dir='ltr'>alia</span> <span class='ocrx_word' id='word_1_210' title='bbox 217 1942 347 2001; x_wconf 91' lang='lat' dir='ltr'>inlinita:</span> <span class='ocrx_word' id='word_1_211' title='bbox 377 1948 458 2009; x_wconf 86' lang='lat' dir='ltr'>nter,</span> <span class='ocrx_word' id='word_1_212' title='bbox 488 1948 518 2000; x_wconf 91' lang='lat' dir='ltr'>et</span> <span class='ocrx_word' id='word_1_213' title='bbox 547 1940 712 2000; x_wconf 92' lang='lat' dir='ltr'>declinatur</span> <span class='ocrx_word' id='word_1_214' title='bbox 740 1948 806 1999; x_wconf 90' lang='lat' dir='ltr'>uter</span> <span class='ocrx_word' id='word_1_215' title='bbox 829 1942 926 2000; x_wconf 92' lang='lat' dir='ltr'>utrius</span> <span class='ocrx_word' id='word_1_216' title='bbox 952 1941 1012 1999; x_wconf 94' lang='lat' dir='ltr'>utri</span> <span class='ocrx_word' id='word_1_217' title='bbox 1034 1946 1132 1999; x_wconf 92' lang='lat' dir='ltr'>utrum</span> <span class='ocrx_word' id='word_1_218' title='bbox 1155 1959 1173 1998; x_wconf 95' lang='lat' dir='ltr'>o</span> <span class='ocrx_word' id='word_1_219' title='bbox 1195 1947 1262 1999; x_wconf 91' lang='lat' dir='ltr'>uter</span> <span class='ocrx_word' id='word_1_220' title='bbox 1290 1939 1327 1999; x_wconf 90' lang='lat' dir='ltr'>ab</span> <span class='ocrx_word' id='word_1_221' title='bbox 1351 1946 1419 2000; x_wconf 92' lang='lat' dir='ltr'>utro</span> 
     </span>
     <span class='ocr_line' id='line_1_20' title="bbox 126 2024 1418 2102; baseline -0.002 -16"><span class='ocrx_word' id='word_1_222' title='bbox 126 2028 350 2086; x_wconf 85' lang='lat' dir='ltr'>utriutrorum</span> <span class='ocrx_word' id='word_1_223' title='bbox 378 2028 454 2086; x_wconf 90' lang='lat' dir='ltr'>utris</span> <span class='ocrx_word' id='word_1_224' title='bbox 482 2033 564 2084; x_wconf 92' lang='lat' dir='ltr'>utros</span> <span class='ocrx_word' id='word_1_225' title='bbox 592 2044 609 2084; x_wconf 90' lang='grc' dir='ltr'>ο</span> <span class='ocrx_word' id='word_1_226' title='bbox 637 2027 695 2085; x_wconf 90' lang='lat' dir='ltr'>utri</span> <span class='ocrx_word' id='word_1_227' title='bbox 725 2024 762 2085; x_wconf 90' lang='lat' dir='ltr'>ab</span> <span class='ocrx_word' id='word_1_228' title='bbox 788 2027 873 2085; x_wconf 91' lang='lat' dir='ltr'>utris.</span> <span class='ocrx_word' id='word_1_229' title='bbox 922 2025 992 2084; x_wconf 92' lang='lat' dir='ltr'>inde</span> <span class='ocrx_word' id='word_1_230' title='bbox 1019 2025 1117 2085; x_wconf 91' lang='lat' dir='ltr'>addita</span> <span class='ocrx_word' id='word_1_231' title='bbox 1145 2026 1177 2084; x_wconf 92' lang='lat' dir='ltr'>in</span> <span class='ocrx_word' id='word_1_232' title='bbox 1212 2025 1418 2102; x_wconf 76' lang='lat' dir='ltr'>conpositione</span> 
     </span>
     <span class='ocr_line' id='line_1_21' title="bbox 126 2109 1419 2190; baseline -0.002 -19"><span class='ocrx_word' id='word_1_233' title='bbox 126 2130 183 2190; x_wconf 91' lang='lat' dir='ltr'>que</span> <span class='ocrx_word' id='word_1_234' title='bbox 211 2109 320 2189; x_wconf 77' lang='lat' dir='ltr'>syllaba</span> <span class='ocrx_word' id='word_1_235' title='bbox 348 2111 420 2169; x_wconf 89' lang='lat' dir='ltr'>lacit</span> <span class='ocrx_word' id='word_1_236' title='bbox 447 2116 572 2189; x_wconf 89' lang='lat' dir='ltr'>uterque</span> <span class='ocrx_word' id='word_1_237' title='bbox 600 2119 631 2170; x_wconf 90' lang='lat' dir='ltr'>ct</span> <span class='ocrx_word' id='word_1_238' title='bbox 658 2111 804 2187; x_wconf 83' lang='lat' dir='ltr'>significat</span> <span class='ocrx_word' id='word_1_239' title='bbox 833 2109 952 2179; x_wconf 91' lang='lat' dir='ltr'>ambos;</span> <span class='ocrx_word' id='word_1_240' title='bbox 988 2116 1018 2169; x_wconf 90' lang='lat' dir='ltr'>et</span> <span class='ocrx_word' id='word_1_241' title='bbox 1047 2117 1143 2169; x_wconf 87' lang='lat' dir='ltr'>tamen</span> <span class='ocrx_word' id='word_1_242' title='bbox 1173 2109 1316 2186; x_wconf 75' lang='lat' dir='ltr'>singulari</span> <span class='ocrx_word' id='word_1_243' title='bbox 1344 2128 1419 2170; x_wconf 90' lang='lat' dir='ltr'>sone</span> 
     </span>
     <span class='ocr_line' id='line_1_22' title="bbox 127 2194 1460 2272; baseline -0.003 -16"><span class='ocrx_word' id='word_1_244' title='bbox 127 2204 186 2263; x_wconf 90' lang='lat' dir='ltr'>est,</span> <span class='ocrx_word' id='word_1_245' title='bbox 210 2196 262 2255; x_wconf 90' lang='lat' dir='ltr'>sed</span> <span class='ocrx_word' id='word_1_246' title='bbox 284 2195 500 2272; x_wconf 82' lang='lat' dir='ltr'>significatione</span> <span class='ocrx_word' id='word_1_247' title='bbox 523 2194 612 2271; x_wconf 87' lang='lat' dir='ltr'>duali.</span> <span class='ocrx_word' id='word_1_248' title='bbox 658 2214 724 2255; x_wconf 90' lang='lat' dir='ltr'>naru</span> <span class='ocrx_word' id='word_1_249' title='bbox 747 2214 815 2255; x_wconf 92' lang='lat' dir='ltr'>cum</span> <span class='ocrx_word' id='word_1_250' title='bbox 837 2195 912 2255; x_wconf 81' lang='lat' dir='ltr'>dixit</span> <span class='ocrx_word' id='word_1_251' title='bbox 933 2194 1074 2271; x_wconf 87' lang='lat' dir='ltr'>Virgilius</span> <span class='ocrx_word' id='word_1_252' title='bbox 1432 2212 1460 2252; x_wconf 79' lang='lat' dir='ltr'>se</span> 
     </span>
     <span class='ocr_line' id='line_1_23' title="bbox 279 2279 1272 2359; baseline -0.001 -20"><span class='ocrx_word' id='word_1_253' title='bbox 279 2281 453 2339; x_wconf 89' lang='lat' dir='ltr'>constitit</span> <span class='ocrx_word' id='word_1_254' title='bbox 475 2283 510 2339; x_wconf 91' lang='lat' dir='ltr'>in</span> <span class='ocrx_word' id='word_1_255' title='bbox 533 2279 674 2356; x_wconf 90' lang='lat' dir='ltr'>digitos</span> <span class='ocrx_word' id='word_1_256' title='bbox 697 2280 882 2358; x_wconf 81' lang='lat' dir='ltr'>extemplo</span> <span class='ocrx_word' id='word_1_257' title='bbox 904 2287 1077 2339; x_wconf 92' lang='lat' dir='ltr'>arrectus</span> <span class='ocrx_word' id='word_1_258' title='bbox 1099 2287 1272 2359; x_wconf 90' lang='lat' dir='ltr'>uterque,</span> 
     </span>
     <span class='ocr_line' id='line_1_24' title="bbox 127 2363 1419 2444; baseline 0 -20"><span class='ocrx_word' id='word_1_259' title='bbox 127 2365 185 2424; x_wconf 91' lang='lat' dir='ltr'>duo</span> <span class='ocrx_word' id='word_1_260' title='bbox 213 2366 370 2441; x_wconf 82' lang='lat' dir='ltr'>significati</span> <span class='ocrx_word' id='word_1_261' title='bbox 397 2372 480 2433; x_wconf 89' lang='lat' dir='ltr'>sunt,</span> <span class='ocrx_word' id='word_1_262' title='bbox 508 2382 576 2424; x_wconf 91' lang='lat' dir='ltr'>curu</span> <span class='ocrx_word' id='word_1_263' title='bbox 605 2365 715 2424; x_wconf 85' lang='lat' dir='ltr'>dixerit</span> <span class='ocrx_word' id='word_1_264' title='bbox 745 2372 887 2444; x_wconf 90' lang='lat' dir='ltr'>uterque;</span> <span class='ocrx_word' id='word_1_265' title='bbox 924 2384 991 2425; x_wconf 86' lang='lat' dir='ltr'>cunr</span> <span class='ocrx_word' id='word_1_266' title='bbox 1019 2373 1117 2425; x_wconf 90' lang='lat' dir='ltr'>autem</span> <span class='ocrx_word' id='word_1_267' title='bbox 1145 2372 1293 2433; x_wconf 66' lang='lat' dir='ltr'>arrectus</span> <span class='ocrx_word' id='word_1_268' title='bbox 1322 2363 1419 2425; x_wconf 88' lang='lat' dir='ltr'>noluit</span> 
     </span>
     <span class='ocr_line' id='line_1_25' title="bbox 127 2448 1418 2529; baseline 0.001 -20"><span class='ocrx_word' id='word_1_269' title='bbox 127 2457 260 2528; x_wconf 88' lang='lat' dir='ltr'>spectare</span> <span class='ocrx_word' id='word_1_270' title='bbox 289 2449 502 2528; x_wconf 85' lang='lat' dir='ltr'>pluralitatem,</span> <span class='ocrx_word' id='word_1_271' title='bbox 531 2457 563 2508; x_wconf 93' lang='lat' dir='ltr'>ut</span> <span class='ocrx_word' id='word_1_272' title='bbox 591 2451 682 2509; x_wconf 87' lang='lat' dir='ltr'>sitin</span> <span class='ocrx_word' id='word_1_273' title='bbox 704 2448 810 2527; x_wconf 92' lang='lat' dir='ltr'>plurali</span> <span class='ocrx_word' id='word_1_274' title='bbox 841 2452 968 2529; x_wconf 91' lang='lat' dir='ltr'>utrique.</span> <span class='ocrx_word' id='word_1_275' title='bbox 1020 2449 1070 2509; x_wconf 89' lang='lat' dir='ltr'>scd</span> <span class='ocrx_word' id='word_1_276' title='bbox 1098 2449 1153 2509; x_wconf 83' lang='lat' dir='ltr'>lroc</span> <span class='ocrx_word' id='word_1_277' title='bbox 1177 2451 1315 2519; x_wconf 91' lang='lat' dir='ltr'>interest,</span> <span class='ocrx_word' id='word_1_278' title='bbox 1346 2451 1418 2528; x_wconf 89' lang='lat' dir='ltr'>quia</span> 
     </span>
     <span class='ocr_line' id='line_1_26' title="bbox 127 2533 1419 2613; baseline 0 -19"><span class='ocrx_word' id='word_1_279' title='bbox 127 2541 266 2612; x_wconf 93' lang='lat' dir='ltr'>uterque,</span> <span class='ocrx_word' id='word_1_280' title='bbox 295 2534 364 2593; x_wconf 92' lang='lat' dir='ltr'>licet</span> <span class='ocrx_word' id='word_1_281' title='bbox 386 2533 443 2594; x_wconf 91' lang='lat' dir='ltr'>duo</span> <span class='ocrx_word' id='word_1_282' title='bbox 465 2534 626 2612; x_wconf 82' lang='lat' dir='ltr'>significet,</span> <span class='ocrx_word' id='word_1_283' title='bbox 655 2542 753 2594; x_wconf 89' lang='lat' dir='ltr'>tamen</span> <span class='ocrx_word' id='word_1_284' title='bbox 776 2534 853 2594; x_wconf 89' lang='lat' dir='ltr'>solos</span> <span class='ocrx_word' id='word_1_285' title='bbox 875 2535 949 2604; x_wconf 92' lang='lat' dir='ltr'>duo;</span> <span class='ocrx_word' id='word_1_286' title='bbox 978 2537 1096 2613; x_wconf 91' lang='lat' dir='ltr'>utrique</span> <span class='ocrx_word' id='word_1_287' title='bbox 1120 2542 1218 2594; x_wconf 93' lang='lat' dir='ltr'>autern</span> <span class='ocrx_word' id='word_1_288' title='bbox 1243 2533 1301 2594; x_wconf 92' lang='lat' dir='ltr'>duo</span> <span class='ocrx_word' id='word_1_289' title='bbox 1324 2535 1419 2612; x_wconf 89' lang='lat' dir='ltr'>sigui·</span> 
     </span>
     <span class='ocr_line' id='line_1_27' title="bbox 114 2618 1461 2704; baseline 0 -25"><span class='ocrx_word' id='word_1_290' title='bbox 114 2620 209 2704; x_wconf 75' lang='lat' dir='ltr'>¹licat,</span> <span class='ocrx_word' id='word_1_291' title='bbox 233 2618 282 2678; x_wconf 90' lang='lat' dir='ltr'>sed</span> <span class='ocrx_word' id='word_1_292' title='bbox 307 2621 350 2678; x_wconf 92' lang='lat' dir='ltr'>sic</span> <span class='ocrx_word' id='word_1_293' title='bbox 372 2627 404 2679; x_wconf 92' lang='lat' dir='ltr'>ut</span> <span class='ocrx_word' id='word_1_294' title='bbox 426 2621 457 2678; x_wconf 92' lang='lat' dir='ltr'>in</span> <span class='ocrx_word' id='word_1_295' title='bbox 479 2619 604 2695; x_wconf 90' lang='lat' dir='ltr'>singulis</span> <span class='ocrx_word' id='word_1_296' title='bbox 626 2618 711 2678; x_wconf 83' lang='lat' dir='ltr'>inulti</span> <span class='ocrx_word' id='word_1_297' title='bbox 734 2620 807 2679; x_wconf 91' lang='lat' dir='ltr'>siut:</span> <span class='ocrx_word' id='word_1_298' title='bbox 837 2620 861 2677; x_wconf 91' lang='lat' dir='ltr'>si</span> <span class='ocrx_word' id='word_1_299' title='bbox 886 2620 981 2679; x_wconf 91' lang='lat' dir='ltr'>dicnru</span> <span class='ocrx_word' id='word_1_300' title='bbox 1005 2621 1139 2698; x_wconf 85' lang='lat' dir='ltr'>‘utrique</span> <span class='ocrx_word' id='word_1_301' title='bbox 1162 2621 1333 2687; x_wconf 71' lang='lat' dir='ltr'>exereitus,</span> <span class='ocrx_word' id='word_1_302' title='bbox 1358 2619 1420 2679; x_wconf 92' lang='lat' dir='ltr'>duo</span> <span class='ocrx_word' id='word_1_303' title='bbox 1434 2640 1461 2679; x_wconf 76' lang='lat' dir='ltr'>sn</span> 
     </span>
     <span class='ocr_line' id='line_1_28' title="bbox 127 2702 1418 2783; baseline 0 -19"><span class='ocrx_word' id='word_1_304' title='bbox 127 2704 275 2780; x_wconf 82' lang='lat' dir='ltr'>significo,</span> <span class='ocrx_word' id='word_1_305' title='bbox 299 2704 351 2763; x_wconf 89' lang='lat' dir='ltr'>sod</span> <span class='ocrx_word' id='word_1_306' title='bbox 374 2705 469 2764; x_wconf 88' lang='lat' dir='ltr'>sicin</span> <span class='ocrx_word' id='word_1_307' title='bbox 492 2703 618 2780; x_wconf 89' lang='lat' dir='ltr'>singulis</span> <span class='ocrx_word' id='word_1_308' title='bbox 640 2702 756 2764; x_wconf 88' lang='lat' dir='ltr'>turbam</span> <span class='ocrx_word' id='word_1_309' title='bbox 779 2702 910 2780; x_wconf 91' lang='lat' dir='ltr'>intellegi</span> <span class='ocrx_word' id='word_1_310' title='bbox 934 2705 1007 2764; x_wconf 90' lang='lat' dir='ltr'>volo.</span> <span class='ocrx_word' id='word_1_311' title='bbox 1046 2704 1117 2765; x_wconf 90' lang='lat' dir='ltr'>baec</span> <span class='ocrx_word' id='word_1_312' title='bbox 1139 2703 1259 2783; x_wconf 89' lang='lat' dir='ltr'>quidem</span> <span class='ocrx_word' id='word_1_313' title='bbox 1277 2703 1418 2764; x_wconf 85' lang='lat' dir='ltr'>distincta</span> 
     </span>
     <span class='ocr_line' id='line_1_29' title="bbox 126 2787 1420 2868; baseline 0.002 -21"><span class='ocrx_word' id='word_1_314' title='bbox 126 2795 208 2858; x_wconf 88' lang='lat' dir='ltr'>suut,</span> <span class='ocrx_word' id='word_1_315' title='bbox 232 2789 284 2848; x_wconf 91' lang='lat' dir='ltr'>scd</span> <span class='ocrx_word' id='word_1_316' title='bbox 307 2790 416 2848; x_wconf 91' lang='lat' dir='ltr'>iterum</span> <span class='ocrx_word' id='word_1_317' title='bbox 438 2790 613 2851; x_wconf 90' lang='lat' dir='ltr'>auctoritate</span> <span class='ocrx_word' id='word_1_318' title='bbox 636 2788 757 2848; x_wconf 82' lang='lat' dir='ltr'>confusa</span> <span class='ocrx_word' id='word_1_319' title='bbox 780 2796 856 2848; x_wconf 89' lang='lat' dir='ltr'>sunt.</span> <span class='ocrx_word' id='word_1_320' title='bbox 895 2807 962 2848; x_wconf 89' lang='lat' dir='ltr'>nam</span> <span class='ocrx_word' id='word_1_321' title='bbox 985 2807 1052 2849; x_wconf 90' lang='lat' dir='ltr'>cum</span> <span class='ocrx_word' id='word_1_322' title='bbox 1074 2791 1115 2848; x_wconf 90' lang='lat' dir='ltr'>ait</span> <span class='ocrx_word' id='word_1_323' title='bbox 1130 2788 1269 2866; x_wconf 86' lang='lat' dir='ltr'>Virgilius</span> <span class='ocrx_word' id='word_1_324' title='bbox 1290 2787 1420 2868; x_wconf 80' lang='lat' dir='ltr'>‘super</span> 
     </span>
     <span class='ocr_line' id='line_1_30' title="bbox 127 2872 1418 2952; baseline 0.001 -19"><span class='ocrx_word' id='word_1_325' title='bbox 127 2883 285 2952; x_wconf 87' lang='lat' dir='ltr'>utraque</span> <span class='ocrx_word' id='word_1_326' title='bbox 302 2881 452 2952; x_wconf 89' lang='lat' dir='ltr'>quassat</span> <span class='ocrx_word' id='word_1_327' title='bbox 467 2878 661 2952; x_wconf 84' lang='lat' dir='ltr'>tcnrpora’,</span> <span class='ocrx_word' id='word_1_328' title='bbox 677 2873 823 2933; x_wconf 80' lang='lat' dir='ltr'>confudit:</span> <span class='ocrx_word' id='word_1_329' title='bbox 840 2873 940 2933; x_wconf 90' lang='lat' dir='ltr'>dicere</span> <span class='ocrx_word' id='word_1_330' title='bbox 958 2875 1037 2934; x_wconf 90' lang='lat' dir='ltr'>enim</span> <span class='ocrx_word' id='word_1_331' title='bbox 1054 2872 1157 2933; x_wconf 91' lang='lat' dir='ltr'>debuit</span> <span class='ocrx_word' id='word_1_332' title='bbox 1177 2877 1279 2952; x_wconf 79' lang='lat' dir='ltr'>‘super</span> <span class='ocrx_word' id='word_1_333' title='bbox 1300 2881 1418 2934; x_wconf 89' lang='lat' dir='ltr'>utrum·</span> 
     </span>
     <span class='ocr_line' id='line_1_31' title="bbox 126 2954 1417 3041; baseline 0.002 -24"><span class='ocrx_word' id='word_1_334' title='bbox 126 2978 184 3038; x_wconf 92' lang='lat' dir='ltr'>que</span> <span class='ocrx_word' id='word_1_335' title='bbox 200 2962 337 3037; x_wconf 85' lang='lat' dir='ltr'>teurpus’.</span> <span class='ocrx_word' id='word_1_336' title='bbox 361 2957 537 3037; x_wconf 91' lang='lat' dir='ltr'>loquebatur</span> <span class='ocrx_word' id='word_1_337' title='bbox 552 2959 632 3017; x_wconf 90' lang='lat' dir='ltr'>enim</span> <span class='ocrx_word' id='word_1_338' title='bbox 647 2957 683 3017; x_wconf 92' lang='lat' dir='ltr'>de</span> <span class='ocrx_word' id='word_1_339' title='bbox 700 2957 815 3019; x_wconf 92' lang='lat' dir='ltr'>duobus</span> <span class='ocrx_word' id='word_1_340' title='bbox 830 2954 1014 3038; x_wconf 90' lang='lat' dir='ltr'>temporibus</span> <span class='ocrx_word' id='word_1_341' title='bbox 1030 2966 1153 3027; x_wconf 88' lang='lat' dir='ltr'>tantum,</span> <span class='ocrx_word' id='word_1_342' title='bbox 1171 2960 1218 3019; x_wconf 95' lang='lat' dir='ltr'>cui</span> <span class='ocrx_word' id='word_1_343' title='bbox 1235 2959 1417 3041; x_wconf 68' lang='lat' dir='ltr'>utrumque!</span> 
     </span>
     <span class='ocr_line' id='line_1_32' title="bbox 125 3042 1460 3123; baseline 0.004 -20"><span class='ocrx_word' id='word_1_344' title='bbox 125 3051 243 3122; x_wconf 89' lang='lat' dir='ltr'>tempus</span> <span class='ocrx_word' id='word_1_345' title='bbox 265 3042 445 3111; x_wconf 82' lang='lat' dir='ltr'>sulliciebat,</span> <span class='ocrx_word' id='word_1_346' title='bbox 469 3051 501 3102; x_wconf 91' lang='lat' dir='ltr'>ut</span> <span class='ocrx_word' id='word_1_347' title='bbox 523 3042 636 3103; x_wconf 92' lang='lat' dir='ltr'>diceret</span> <span class='ocrx_word' id='word_1_348' title='bbox 660 3044 762 3122; x_wconf 77' lang='lat' dir='ltr'>‘super</span> <span class='ocrx_word' id='word_1_349' title='bbox 785 3050 942 3122; x_wconf 91' lang='lat' dir='ltr'>utrumque</span> <span class='ocrx_word' id='word_1_350' title='bbox 965 3052 1084 3123; x_wconf 89' lang='lat' dir='ltr'>quassat</span> <span class='ocrx_word' id='word_1_351' title='bbox 1105 3046 1244 3122; x_wconf 89' lang='lat' dir='ltr'>tempus&#39;.</span> <span class='ocrx_word' id='word_1_352' title='bbox 1288 3061 1361 3121; x_wconf 92' lang='lat' dir='ltr'>crgo</span> <span class='ocrx_word' id='word_1_353' title='bbox 1385 3053 1419 3105; x_wconf 88' lang='lat' dir='ltr'>ut</span> <span class='ocrx_word' id='word_1_354' title='bbox 1433 3068 1460 3108; x_wconf 83' lang='lat' dir='ltr'>ao</span> 
     </span>
     <span class='ocr_line' id='line_1_33' title="bbox 127 3127 1418 3205; baseline 0.001 -17"><span class='ocrx_word' id='word_1_355' title='bbox 127 3129 338 3188; x_wconf 82' lang='lat' dir='ltr'>declinavimus</span> <span class='ocrx_word' id='word_1_356' title='bbox 367 3127 561 3187; x_wconf 89' lang='lat' dir='ltr'>masculinum</span> <span class='ocrx_word' id='word_1_357' title='bbox 596 3145 773 3205; x_wconf 90' lang='lat' dir='ltr'>pronomen,</span> <span class='ocrx_word' id='word_1_358' title='bbox 807 3129 851 3187; x_wconf 92' lang='lat' dir='ltr'>sic</span> <span class='ocrx_word' id='word_1_359' title='bbox 879 3130 1055 3189; x_wconf 88' lang='lat' dir='ltr'>lemininum</span> <span class='ocrx_word' id='word_1_360' title='bbox 1084 3127 1312 3198; x_wconf 70' lang='lat' dir='ltr'>declinabimus</span> <span class='ocrx_word' id='word_1_361' title='bbox 1348 3138 1418 3190; x_wconf 93' lang='lat' dir='ltr'>utra</span> 
     </span>
     <span class='ocr_line' id='line_1_34' title="bbox 127 3212 1416 3297; baseline 0.002 -25"><span class='ocrx_word' id='word_1_362' title='bbox 127 3213 249 3297; x_wconf 86' lang='lat' dir='ltr'>mulier,</span> <span class='ocrx_word' id='word_1_363' title='bbox 279 3215 376 3273; x_wconf 90' lang='lat' dir='ltr'>utrius</span> <span class='ocrx_word' id='word_1_364' title='bbox 407 3213 555 3282; x_wconf 87' lang='lat' dir='ltr'>mulieris,</span> <span class='ocrx_word' id='word_1_365' title='bbox 585 3214 644 3272; x_wconf 92' lang='lat' dir='ltr'>utri</span> <span class='ocrx_word' id='word_1_366' title='bbox 672 3214 807 3282; x_wconf 91' lang='lat' dir='ltr'>mulieri,</span> <span class='ocrx_word' id='word_1_367' title='bbox 837 3221 934 3274; x_wconf 91' lang='lat' dir='ltr'>utram</span> <span class='ocrx_word' id='word_1_368' title='bbox 962 3212 1131 3282; x_wconf 89' lang='lat' dir='ltr'>mulierem,</span> <span class='ocrx_word' id='word_1_369' title='bbox 1160 3232 1178 3271; x_wconf 91' lang='grc' dir='ltr'>ο</span> <span class='ocrx_word' id='word_1_370' title='bbox 1204 3220 1269 3274; x_wconf 92' lang='lat' dir='ltr'>utra</span> <span class='ocrx_word' id='word_1_371' title='bbox 1293 3212 1416 3283; x_wconf 88' lang='lat' dir='ltr'>mulier,</span> 
     </span>
     <span class='ocr_line' id='line_1_35' title="bbox 126 3297 1415 3368; baseline 0.001 -10"><span class='ocrx_word' id='word_1_372' title='bbox 126 3297 163 3358; x_wconf 95' lang='lat' dir='ltr'>ab</span> <span class='ocrx_word' id='word_1_373' title='bbox 192 3307 256 3359; x_wconf 92' lang='lat' dir='ltr'>utra</span> <span class='ocrx_word' id='word_1_374' title='bbox 286 3297 424 3367; x_wconf 90' lang='lat' dir='ltr'>muliere,</span> <span class='ocrx_word' id='word_1_375' title='bbox 453 3306 537 3358; x_wconf 90' lang='lat' dir='ltr'>utrae</span> <span class='ocrx_word' id='word_1_376' title='bbox 567 3297 721 3366; x_wconf 87' lang='lat' dir='ltr'>mulieres,</span> <span class='ocrx_word' id='word_1_377' title='bbox 754 3305 885 3358; x_wconf 90' lang='lat' dir='ltr'>utrarum</span> <span class='ocrx_word' id='word_1_378' title='bbox 914 3297 1087 3367; x_wconf 89' lang='lat' dir='ltr'>mulierum,</span> <span class='ocrx_word' id='word_1_379' title='bbox 1123 3300 1198 3358; x_wconf 90' lang='lat' dir='ltr'>utris</span> <span class='ocrx_word' id='word_1_380' title='bbox 1226 3297 1415 3368; x_wconf 89' lang='lat' dir='ltr'>mulieribus,</span> 
     </span>
     <span class='ocr_line' id='line_1_36' title="bbox 126 3381 1417 3453; baseline 0.002 -11"><span class='ocrx_word' id='word_1_381' title='bbox 126 3391 209 3443; x_wconf 91' lang='lat' dir='ltr'>utras</span> <span class='ocrx_word' id='word_1_382' title='bbox 232 3383 386 3451; x_wconf 89' lang='lat' dir='ltr'>mulieres,</span> <span class='ocrx_word' id='word_1_383' title='bbox 410 3403 427 3441; x_wconf 90' lang='lat' dir='ltr'>o</span> <span class='ocrx_word' id='word_1_384' title='bbox 450 3390 533 3443; x_wconf 92' lang='lat' dir='ltr'>utrae</span> <span class='ocrx_word' id='word_1_385' title='bbox 556 3382 715 3450; x_wconf 90' lang='lat' dir='ltr'>mulieres,</span> <span class='ocrx_word' id='word_1_386' title='bbox 740 3381 776 3441; x_wconf 89' lang='lat' dir='ltr'>ab</span> <span class='ocrx_word' id='word_1_387' title='bbox 798 3385 875 3442; x_wconf 90' lang='lat' dir='ltr'>utris</span> <span class='ocrx_word' id='word_1_388' title='bbox 897 3382 1090 3453; x_wconf 89' lang='lat' dir='ltr'>mulieribus;</span> <span class='ocrx_word' id='word_1_389' title='bbox 1119 3384 1162 3442; x_wconf 91' lang='lat' dir='ltr'>sic</span> <span class='ocrx_word' id='word_1_390' title='bbox 1185 3390 1291 3443; x_wconf 90' lang='lat' dir='ltr'>neutro</span> <span class='ocrx_word' id='word_1_391' title='bbox 1313 3391 1417 3444; x_wconf 89' lang='lat' dir='ltr'>utrum</span> 
     </span>
     <span class='ocr_line' id='line_1_37' title="bbox 126 3469 1456 3547; baseline 0.005 -21"><span class='ocrx_word' id='word_1_392' title='bbox 126 3469 322 3546; x_wconf 86' lang='lat' dir='ltr'>mancipium,</span> <span class='ocrx_word' id='word_1_393' title='bbox 346 3469 443 3527; x_wconf 91' lang='lat' dir='ltr'>utrius</span> <span class='ocrx_word' id='word_1_394' title='bbox 466 3470 621 3547; x_wconf 90' lang='lat' dir='ltr'>mancipii,</span> <span class='ocrx_word' id='word_1_395' title='bbox 650 3469 708 3527; x_wconf 89' lang='lat' dir='ltr'>utri</span> <span class='ocrx_word' id='word_1_396' title='bbox 732 3469 894 3547; x_wconf 86' lang='lat' dir='ltr'>mancipio,</span> <span class='ocrx_word' id='word_1_397' title='bbox 925 3476 1023 3528; x_wconf 89' lang='lat' dir='ltr'>utrum</span> <span class='ocrx_word' id='word_1_398' title='bbox 1050 3470 1245 3545; x_wconf 89' lang='lat' dir='ltr'>mancipimn,</span> <span class='ocrx_word' id='word_1_399' title='bbox 1273 3475 1456 3532; x_wconf 70' lang='lat' dir='ltr'>nummum</span> 
     </span>
     <span class='ocr_line' id='line_1_38' title="bbox 127 3552 1414 3631; baseline 0.002 -19"><span class='ocrx_word' id='word_1_400' title='bbox 127 3554 322 3631; x_wconf 88' lang='lat' dir='ltr'>mancipium,</span> <span class='ocrx_word' id='word_1_401' title='bbox 354 3552 391 3611; x_wconf 92' lang='lat' dir='ltr'>ab</span> <span class='ocrx_word' id='word_1_402' title='bbox 421 3561 489 3613; x_wconf 93' lang='lat' dir='ltr'>utro</span> <span class='ocrx_word' id='word_1_403' title='bbox 522 3554 686 3631; x_wconf 90' lang='lat' dir='ltr'>mancipio,</span> <span class='ocrx_word' id='word_1_404' title='bbox 720 3559 786 3611; x_wconf 87' lang='lat' dir='ltr'>utra</span> <span class='ocrx_word' id='word_1_405' title='bbox 822 3553 985 3631; x_wconf 90' lang='lat' dir='ltr'>mancipia,</span> <span class='ocrx_word' id='word_1_406' title='bbox 1020 3560 1155 3613; x_wconf 89' lang='lat' dir='ltr'>utrorum</span> <span class='ocrx_word' id='word_1_407' title='bbox 1184 3554 1414 3631; x_wconf 91' lang='lat' dir='ltr'>mancipiorum,</span> 
     </span>
     <span class='ocr_line' id='line_1_39' title="bbox 127 3637 1416 3717; baseline 0.002 -21"><span class='ocrx_word' id='word_1_408' title='bbox 127 3639 203 3697; x_wconf 88' lang='lat' dir='ltr'>utris</span> <span class='ocrx_word' id='word_1_409' title='bbox 226 3639 397 3717; x_wconf 90' lang='lat' dir='ltr'>mancipiis,</span> <span class='ocrx_word' id='word_1_410' title='bbox 422 3645 487 3697; x_wconf 92' lang='lat' dir='ltr'>utra</span> <span class='ocrx_word' id='word_1_411' title='bbox 510 3639 674 3716; x_wconf 86' lang='lat' dir='ltr'>mancipia,</span> <span class='ocrx_word' id='word_1_412' title='bbox 698 3656 715 3696; x_wconf 96' lang='lat' dir='ltr'>o</span> <span class='ocrx_word' id='word_1_413' title='bbox 739 3643 804 3696; x_wconf 91' lang='lat' dir='ltr'>utra</span> <span class='ocrx_word' id='word_1_414' title='bbox 827 3639 990 3716; x_wconf 90' lang='lat' dir='ltr'>mancipia,</span> <span class='ocrx_word' id='word_1_415' title='bbox 1015 3637 1051 3696; x_wconf 90' lang='lat' dir='ltr'>ab</span> <span class='ocrx_word' id='word_1_416' title='bbox 1073 3639 1150 3697; x_wconf 90' lang='lat' dir='ltr'>utris</span> <span class='ocrx_word' id='word_1_417' title='bbox 1172 3639 1340 3716; x_wconf 88' lang='lat' dir='ltr'>mancipiis.</span> <span class='ocrx_word' id='word_1_418' title='bbox 1370 3641 1416 3698; x_wconf 91' lang='lat' dir='ltr'>sic</span> 
     </span>
     <span class='ocr_line' id='line_1_40' title="bbox 127 3721 1415 3800; baseline 0.003 -20"><span class='ocrx_word' id='word_1_419' title='bbox 127 3721 310 3782; x_wconf 89' lang='lat' dir='ltr'>declinamus</span> <span class='ocrx_word' id='word_1_420' title='bbox 325 3724 390 3780; x_wconf 91' lang='lat' dir='ltr'>eius</span> <span class='ocrx_word' id='word_1_421' title='bbox 405 3724 603 3790; x_wconf 90' lang='lat' dir='ltr'>contrarium,</span> <span class='ocrx_word' id='word_1_422' title='bbox 626 3721 705 3800; x_wconf 94' lang='lat' dir='ltr'>quod</span> <span class='ocrx_word' id='word_1_423' title='bbox 728 3728 774 3780; x_wconf 91' lang='lat' dir='ltr'>est</span> <span class='ocrx_word' id='word_1_424' title='bbox 794 3729 915 3780; x_wconf 91' lang='lat' dir='ltr'>neuter:</span> <span class='ocrx_word' id='word_1_425' title='bbox 940 3721 1103 3782; x_wconf 90' lang='lat' dir='ltr'>masculino</span> <span class='ocrx_word' id='word_1_426' title='bbox 1126 3730 1245 3792; x_wconf 89' lang='lat' dir='ltr'>neuter,</span> <span class='ocrx_word' id='word_1_427' title='bbox 1269 3724 1415 3784; x_wconf 90' lang='lat' dir='ltr'>leminiuo</span> 
     </span>
     <span class='ocr_line' id='line_1_41' title="bbox 127 3806 1416 3888; baseline 0.004 -24"><span class='ocrx_word' id='word_1_428' title='bbox 127 3813 246 3873; x_wconf 91' lang='lat' dir='ltr'>neutra,</span> <span class='ocrx_word' id='word_1_429' title='bbox 270 3815 375 3866; x_wconf 91' lang='lat' dir='ltr'>neutro</span> <span class='ocrx_word' id='word_1_430' title='bbox 396 3823 506 3883; x_wconf 91' lang='lat' dir='ltr'>genere</span> <span class='ocrx_word' id='word_1_431' title='bbox 528 3806 585 3866; x_wconf 92' lang='lat' dir='ltr'>boc</span> <span class='ocrx_word' id='word_1_432' title='bbox 607 3813 745 3865; x_wconf 90' lang='lat' dir='ltr'>neutrum</span> <span class='ocrx_word' id='word_1_433' title='bbox 767 3807 958 3884; x_wconf 89' lang='lat' dir='ltr'>mancipium.</span> <span class='ocrx_word' id='word_1_434' title='bbox 1002 3807 1079 3867; x_wconf 91' lang='lat' dir='ltr'>unde</span> <span class='ocrx_word' id='word_1_435' title='bbox 1112 3826 1181 3868; x_wconf 91' lang='lat' dir='ltr'>usus</span> <span class='ocrx_word' id='word_1_436' title='bbox 1204 3810 1262 3868; x_wconf 91' lang='lat' dir='ltr'>iam</span> <span class='ocrx_word' id='word_1_437' title='bbox 1284 3810 1416 3888; x_wconf 88' lang='lat' dir='ltr'>arripuit</span> 
     </span>
     <span class='ocr_line' id='line_1_42' title="bbox 128 3889 1454 3973; baseline 0.006 -25"><span class='ocrx_word' id='word_1_438' title='bbox 128 3897 158 3948; x_wconf 92' lang='lat' dir='ltr'>ut</span> <span class='ocrx_word' id='word_1_439' title='bbox 181 3889 313 3949; x_wconf 88' lang='lat' dir='ltr'>dicamus</span> <span class='ocrx_word' id='word_1_440' title='bbox 336 3890 472 3967; x_wconf 80' lang='lat' dir='ltr'>‘generis</span> <span class='ocrx_word' id='word_1_441' title='bbox 495 3892 625 3958; x_wconf 89' lang='lat' dir='ltr'>neutri&#39;,</span> <span class='ocrx_word' id='word_1_442' title='bbox 647 3908 714 3950; x_wconf 91' lang='lat' dir='ltr'>cum</span> <span class='ocrx_word' id='word_1_443' title='bbox 737 3890 838 3950; x_wconf 86' lang='lat' dir='ltr'>dicere</span> <span class='ocrx_word' id='word_1_444' title='bbox 861 3889 1022 3953; x_wconf 90' lang='lat' dir='ltr'>debeamus</span> <span class='ocrx_word' id='word_1_445' title='bbox 1043 3894 1162 3970; x_wconf 90' lang='lat' dir='ltr'>generis</span> <span class='ocrx_word' id='word_1_446' title='bbox 1184 3895 1330 3962; x_wconf 88' lang='lat' dir='ltr'>neutrius,</span> <span class='ocrx_word' id='word_1_447' title='bbox 1353 3912 1454 3973; x_wconf 77' lang='lat' dir='ltr'>quoio</span> 
     </span>
    </p>
   </div>
   <div class='ocr_carea' id='block_1_6' title="bbox 123 4178 1419 4944">
    <p class='ocr_par' dir='ltr' id='par_1_6' title="bbox 123 4178 1419 4944">
     <span class='ocr_line' id='line_1_43' title="bbox 196 4178 1414 4245; baseline 0.002 -14"><span class='ocrx_word' id='word_1_448' title='bbox 196 4180 209 4231; x_wconf 96' lang='lat' dir='ltr'>l</span> <span class='ocrx_word' id='word_1_449' title='bbox 226 4179 360 4229; x_wconf 88' lang='lat' dir='ltr'>dicendum</span> <span class='ocrx_word' id='word_1_450' title='bbox 379 4180 411 4229; x_wconf 92' lang='lat' dir='ltr'>de</span> <span class='ocrx_word' id='word_1_451' title='bbox 430 4180 536 4230; x_wconf 85' lang='lat' dir='ltr'>induitis</span> <span class='ocrx_word' id='word_1_452' title='bbox 554 4193 658 4228; x_wconf 90' lang='lat' dir='ltr'>numero</span> <span class='ocrx_word' id='word_1_453' title='bbox 676 4178 800 4245; x_wconf 85' lang='lat' dir='ltr'>singulari</span> <span class='ocrx_word' id='word_1_454' title='bbox 816 4181 969 4229; x_wconf 86' lang='lat' dir='ltr'>nominetino</span> <span class='ocrx_word' id='word_1_455' title='bbox 989 4181 1033 4245; x_wconf 92' lang='lat' dir='ltr'>qui</span> <span class='ocrx_word' id='word_1_456' title='bbox 1052 4181 1078 4230; x_wconf 87' lang='lat' dir='ltr'><em>F</em></span> <span class='ocrx_word' id='word_1_457' title='bbox 1093 4179 1126 4229; x_wconf 91' lang='lat' dir='ltr'>de</span> <span class='ocrx_word' id='word_1_458' title='bbox 1142 4181 1308 4233; x_wconf 87' lang='lat' dir='ltr'>declinatione</span> <span class='ocrx_word' id='word_1_459' title='bbox 1328 4181 1414 4233; x_wconf 88' lang='lat' dir='ltr'>influi-</span> 
     </span>
     <span class='ocr_line' id='line_1_44' title="bbox 125 4251 1414 4316; baseline 0.002 -16"><span class='ocrx_word' id='word_1_460' title='bbox 125 4251 483 4314; x_wconf 65' lang='lat' dir='ltr'>tornmnominntiuoquise</span> <span class='ocrx_word' id='word_1_461' title='bbox 552 4251 644 4315; x_wconf 78' lang='lat' dir='ltr'>2qnis</span> <span class='ocrx_word' id='word_1_462' title='bbox 662 4258 720 4298; x_wconf 88' lang='lat' dir='ltr'>aute</span> <span class='ocrx_word' id='word_1_463' title='bbox 737 4258 919 4315; x_wconf 85' lang='lat' dir='ltr'>erumpntrum</span> <span class='ocrx_word' id='word_1_464' title='bbox 934 4252 973 4301; x_wconf 92' lang='lat' dir='ltr'>F:</span> <span class='ocrx_word' id='word_1_465' title='bbox 998 4252 1076 4315; x_wconf 75' lang='lat' dir='ltr'>Verp.</span> <span class='ocrx_word' id='word_1_466' title='bbox 1093 4251 1233 4304; x_wconf 67' lang='lat' dir='ltr'>Aemillo</span> <span class='ocrx_word' id='word_1_467' title='bbox 1305 4251 1337 4303; x_wconf 81' lang='lat'>16</span> <span class='ocrx_word' id='word_1_468' title='bbox 1355 4255 1414 4316; x_wconf 90' lang='lat' dir='ltr'>qui-</span> 
     </span>
     <span class='ocr_line' id='line_1_45' title="bbox 125 4319 1414 4387; baseline 0.003 -18"><span class='ocrx_word' id='word_1_469' title='bbox 125 4319 191 4386; x_wconf 81' lang='lat' dir='ltr'>cum]</span> <span class='ocrx_word' id='word_1_470' title='bbox 216 4321 293 4386; x_wconf 74' lang='lat' dir='ltr'>Verg.</span> <span class='ocrx_word' id='word_1_471' title='bbox 314 4321 380 4373; x_wconf 84' lang='lat' dir='ltr'>Aen.</span> <span class='ocrx_word' id='word_1_472' title='bbox 400 4319 435 4368; x_wconf 87' lang='lat' dir='ltr'>Xl</span> <span class='ocrx_word' id='word_1_473' title='bbox 455 4320 506 4370; x_wconf 78' lang='lat'>822</span> <span class='ocrx_word' id='word_1_474' title='bbox 577 4322 608 4371; x_wconf 82' lang='lat'>17</span> <span class='ocrx_word' id='word_1_475' title='bbox 629 4319 725 4369; x_wconf 85' lang='lat' dir='ltr'>infinita</span> <span class='ocrx_word' id='word_1_476' title='bbox 744 4335 807 4382; x_wconf 89' lang='lat' dir='ltr'>quus</span> <span class='ocrx_word' id='word_1_477' title='bbox 827 4331 881 4370; x_wconf 87' lang='lat' dir='ltr'>uter</span> <span class='ocrx_word' id='word_1_478' title='bbox 898 4321 985 4373; x_wconf 84' lang='lat' dir='ltr'>adser.</span> <span class='ocrx_word' id='word_1_479' title='bbox 1003 4324 1028 4371; x_wconf 84' lang='lat' dir='ltr'>in</span> <span class='ocrx_word' id='word_1_480' title='bbox 1045 4336 1122 4385; x_wconf 77' lang='lat' dir='ltr'>marg.</span> <span class='ocrx_word' id='word_1_481' title='bbox 1142 4322 1255 4387; x_wconf 72' lang='lat' dir='ltr'>interrog</span> <span class='ocrx_word' id='word_1_482' title='bbox 1270 4321 1296 4369; x_wconf 98' lang='lat' dir='ltr'><em>F</em></span> <span class='ocrx_word' id='word_1_483' title='bbox 1313 4321 1414 4373; x_wconf 81' lang='lat' dir='ltr'>induite</span> 
     </span>
     <span class='ocr_line' id='line_1_46' title="bbox 125 4390 1413 4457; baseline 0.004 -20"><span class='ocrx_word' id='word_1_484' title='bbox 125 4407 190 4452; x_wconf 87' lang='lat' dir='ltr'>quse</span> <span class='ocrx_word' id='word_1_485' title='bbox 206 4392 388 4457; x_wconf 81' lang='lat' dir='ltr'>iuterrogatiua</span> <span class='ocrx_word' id='word_1_486' title='bbox 404 4404 421 4445; x_wconf 85' lang='grc' dir='ltr'><strong><em>ς</em></strong></span> <span class='ocrx_word' id='word_1_487' title='bbox 510 4391 541 4441; x_wconf 90' lang='lat'>18</span> <span class='ocrx_word' id='word_1_488' title='bbox 560 4390 620 4438; x_wconf 92' lang='lat' dir='ltr'>inde</span> <span class='ocrx_word' id='word_1_489' title='bbox 634 4391 703 4439; x_wconf 87' lang='lat' dir='ltr'>dieta</span> <span class='ocrx_word' id='word_1_490' title='bbox 720 4390 861 4455; x_wconf 84' lang='lat' dir='ltr'>conpositio</span> <span class='ocrx_word' id='word_1_491' title='bbox 880 4406 944 4453; x_wconf 88' lang='lat' dir='ltr'>quae</span> <span class='ocrx_word' id='word_1_492' title='bbox 963 4391 1060 4453; x_wconf 77' lang='lat' dir='ltr'>syllnba</span> <span class='ocrx_word' id='word_1_493' title='bbox 1077 4392 1101 4440; x_wconf 95' lang='lat' dir='ltr'><em>F</em></span> <span class='ocrx_word' id='word_1_494' title='bbox 1186 4391 1219 4442; x_wconf 72' lang='lat'>19</span> <span class='ocrx_word' id='word_1_495' title='bbox 1239 4401 1264 4441; x_wconf 91' lang='lat' dir='ltr'>et</span> <span class='ocrx_word' id='word_1_496' title='bbox 1285 4393 1413 4442; x_wconf 80' lang='lat' dir='ltr'>tamenin</span> 
     </span>
     <span class='ocr_line' id='line_1_47' title="bbox 124 4459 1419 4595; baseline 0.002 -16"><span class='ocrx_word' id='word_1_497' title='bbox 124 4461 331 4582; x_wconf 44' lang='lat' dir='ltr'>anulzltnuglult</span> <span class='ocrx_word' id='word_1_498' title='bbox 347 4459 645 4595; x_wconf 43' lang='lat' dir='ltr'>(ziblrcrbnsb&#39;ulmgxplbglgri</span> <span class='ocrx_word' id='word_1_499' title='bbox 656 4461 721 4584; x_wconf 49' lang='lat' dir='ltr'>F?</span> <span class='ocrx_word' id='word_1_500' title='bbox 741 4461 838 4578; x_wconf 52' lang='grc' dir='ltr'>νῖἓὶιῗι</span> <span class='ocrx_word' id='word_1_501' title='bbox 855 4530 887 4578; x_wconf 89' lang='lat' dir='ltr'>sit</span> <span class='ocrx_word' id='word_1_502' title='bbox 901 4460 1231 4594; x_wconf 56' lang='lat' dir='ltr'>qqpqqqlqnl&#39;umqqprpue</span> <span class='ocrx_word' id='word_1_503' title='bbox 1249 4463 1419 4582; x_wconf 47' lang='lat' dir='ltr'>{Zetslblrrssul‘l&#39;</span> 
     </span>
     <span class='ocr_line' id='line_1_48' title="bbox 125 4594 1414 4666; baseline 0.001 -16"><span class='ocrx_word' id='word_1_504' title='bbox 125 4598 243 4656; x_wconf 72' lang='lat' dir='ltr'>colurus</span> <span class='ocrx_word' id='word_1_505' title='bbox 295 4602 329 4649; x_wconf 71' lang='lat'>25</span> <span class='ocrx_word' id='word_1_506' title='bbox 347 4594 435 4664; x_wconf 71' lang='lat' dir='ltr'>sluth</span> <span class='ocrx_word' id='word_1_507' title='bbox 455 4600 480 4648; x_wconf 91' lang='lat' dir='ltr'><em>F</em></span> <span class='ocrx_word' id='word_1_508' title='bbox 547 4601 656 4649; x_wconf 86' lang='lat' dir='ltr'>sidicas</span> <span class='ocrx_word' id='word_1_509' title='bbox 675 4599 718 4655; x_wconf 63' lang='lat' dir='ltr'>re</span> <span class='ocrx_word' id='word_1_510' title='bbox 788 4599 822 4650; x_wconf 78' lang='lat'>26</span> <span class='ocrx_word' id='word_1_511' title='bbox 838 4600 883 4648; x_wconf 88' lang='lat' dir='ltr'>sed</span> <span class='ocrx_word' id='word_1_512' title='bbox 901 4600 940 4647; x_wconf 75' lang='lat' dir='ltr'>sic</span> <span class='ocrx_word' id='word_1_513' title='bbox 957 4600 1022 4648; x_wconf 91' lang='lat' dir='ltr'>inF</span> <span class='ocrx_word' id='word_1_514' title='bbox 1083 4597 1220 4665; x_wconf 82' lang='lat' dir='ltr'>27super]</span> <span class='ocrx_word' id='word_1_515' title='bbox 1242 4602 1321 4666; x_wconf 77' lang='lat' dir='ltr'>Verg.</span> <span class='ocrx_word' id='word_1_516' title='bbox 1344 4601 1414 4655; x_wconf 80' lang='lat' dir='ltr'>Aen.</span> 
     </span>
     <span class='ocr_line' id='line_1_49' title="bbox 124 4669 1414 4734; baseline 0.003 -15"><span class='ocrx_word' id='word_1_517' title='bbox 124 4669 216 4720; x_wconf 79' lang='lat' dir='ltr'>V855</span> <span class='ocrx_word' id='word_1_518' title='bbox 269 4670 303 4720; x_wconf 78' lang='lat'>28</span> <span class='ocrx_word' id='word_1_519' title='bbox 323 4685 415 4733; x_wconf 85' lang='lat' dir='ltr'>quassu</span> <span class='ocrx_word' id='word_1_520' title='bbox 434 4669 458 4716; x_wconf 91' lang='lat' dir='ltr'><em>F</em></span> <span class='ocrx_word' id='word_1_521' title='bbox 524 4671 557 4721; x_wconf 81' lang='lat'>‘29</span> <span class='ocrx_word' id='word_1_522' title='bbox 576 4672 617 4719; x_wconf 89' lang='lat' dir='ltr'>eui</span> <span class='ocrx_word' id='word_1_523' title='bbox 636 4679 741 4733; x_wconf 89' lang='lat' dir='ltr'>utraque</span> <span class='ocrx_word' id='word_1_524' title='bbox 761 4669 918 4734; x_wconf 83' lang='lat' dir='ltr'>temporibus</span> <span class='ocrx_word' id='word_1_525' title='bbox 942 4669 1085 4719; x_wconf 82' lang='lat' dir='ltr'>sufficiebat</span> <span class='ocrx_word' id='word_1_526' title='bbox 1103 4672 1152 4719; x_wconf 78' lang='lat' dir='ltr'>nce</span> <span class='ocrx_word' id='word_1_527' title='bbox 1172 4678 1198 4718; x_wconf 91' lang='lat' dir='ltr'>ut</span> <span class='ocrx_word' id='word_1_528' title='bbox 1216 4672 1311 4720; x_wconf 86' lang='lat' dir='ltr'>diceret</span> <span class='ocrx_word' id='word_1_529' title='bbox 1328 4680 1414 4723; x_wconf 80' lang='lat' dir='ltr'>irtrnm</span> 
     </span>
     <span class='ocr_line' id='line_1_50' title="bbox 124 4738 1416 4804; baseline 0.005 -17"><span class='ocrx_word' id='word_1_530' title='bbox 124 4749 229 4802; x_wconf 81' lang='lat' dir='ltr'>quassat</span> <span class='ocrx_word' id='word_1_531' title='bbox 245 4741 401 4804; x_wconf 86' lang='lat' dir='ltr'>temporibus</span> <span class='ocrx_word' id='word_1_532' title='bbox 421 4738 500 4800; x_wconf 80' lang='lat' dir='ltr'>(corr.</span> <span class='ocrx_word' id='word_1_533' title='bbox 520 4744 629 4804; x_wconf 81' lang='lat' dir='ltr'>tempus)</span> <span class='ocrx_word' id='word_1_534' title='bbox 649 4740 673 4786; x_wconf 95' lang='lat' dir='ltr'><em>F</em></span> <span class='ocrx_word' id='word_1_535' title='bbox 697 4741 735 4787; x_wconf 90' lang='lat' dir='ltr'>eni</span> <span class='ocrx_word' id='word_1_536' title='bbox 761 4748 893 4801; x_wconf 89' lang='lat' dir='ltr'>utrumque</span> <span class='ocrx_word' id='word_1_537' title='bbox 919 4745 1018 4803; x_wconf 86' lang='lat' dir='ltr'>tempus</span> <span class='ocrx_word' id='word_1_538' title='bbox 1038 4740 1179 4790; x_wconf 83' lang='lat' dir='ltr'>solllciebst</span> <span class='ocrx_word' id='word_1_539' title='bbox 1204 4743 1367 4791; x_wconf 74' lang='lat' dir='ltr'>occursetiuus</span> <span class='ocrx_word' id='word_1_540' title='bbox 1388 4753 1416 4793; x_wconf 90' lang='lat' dir='ltr'>ut</span> 
     </span>
     <span class='ocr_line' id='line_1_51' title="bbox 124 4806 1415 4874; baseline 0.005 -17"><span class='ocrx_word' id='word_1_541' title='bbox 124 4810 219 4857; x_wconf 88' lang='lat' dir='ltr'>diceret</span> <span class='ocrx_word' id='word_1_542' title='bbox 242 4818 373 4874; x_wconf 77' lang='lat' dir='ltr'>naturamque</span> <span class='ocrx_word' id='word_1_543' title='bbox 391 4824 461 4860; x_wconf 87' lang='lat' dir='ltr'>ssum</span> <span class='ocrx_word' id='word_1_544' title='bbox 480 4817 614 4872; x_wconf 64' lang='lat' dir='ltr'>tempusq</span> <span class='ocrx_word' id='word_1_545' title='bbox 684 4809 717 4857; x_wconf 74' lang='grc'>33</span> <span class='ocrx_word' id='word_1_546' title='bbox 743 4806 867 4872; x_wconf 77' lang='lat' dir='ltr'>lutrarum]</span> <span class='ocrx_word' id='word_1_547' title='bbox 890 4816 971 4855; x_wconf 86' lang='lat' dir='ltr'>utrum</span> <span class='ocrx_word' id='word_1_548' title='bbox 992 4810 1016 4857; x_wconf 86' lang='lat' dir='ltr'><em>F</em></span> <span class='ocrx_word' id='word_1_549' title='bbox 1081 4809 1115 4859; x_wconf 79' lang='lat'>40</span> <span class='ocrx_word' id='word_1_550' title='bbox 1137 4810 1275 4859; x_wconf 84' lang='lat' dir='ltr'>debeamus</span> <span class='ocrx_word' id='word_1_551' title='bbox 1295 4813 1415 4864; x_wconf 85' lang='lat' dir='ltr'>neutrius</span> 
     </span>
     <span class='ocr_line' id='line_1_52' title="bbox 123 4878 772 4944; baseline 0.003 -20"><span class='ocrx_word' id='word_1_552' title='bbox 123 4892 173 4939; x_wconf 86' lang='lat' dir='ltr'>qno</span> <span class='ocrx_word' id='word_1_553' title='bbox 192 4880 297 4932; x_wconf 80' lang='lat' dir='ltr'>modos</span> <span class='ocrx_word' id='word_1_554' title='bbox 319 4880 456 4929; x_wconf 76' lang='lat' dir='ltr'>debeamus</span> <span class='ocrx_word' id='word_1_555' title='bbox 475 4891 630 4944; x_wconf 86' lang='lat' dir='ltr'>genereque</span> <span class='ocrx_word' id='word_1_556' title='bbox 654 4879 727 4927; x_wconf 88' lang='lat' dir='ltr'>modo</span> <span class='ocrx_word' id='word_1_557' title='bbox 747 4878 772 4926; x_wconf 89' lang='lat' dir='ltr'><em>F</em></span> 
     </span>
    </p>
   </div>
   <div class='ocr_carea' id='block_1_7' title="bbox 664 5046 674 5071">
    <p class='ocr_par' dir='ltr' id='par_1_7' title="bbox 664 5046 674 5071">
     <span class='ocr_line' id='line_1_53' title="bbox 664 5046 674 5071; baseline 0 0"><span class='ocrx_word' id='word_1_558' title='bbox 664 5046 674 5071; x_wconf 61' lang='lat' dir='ltr'>b</span> 
     </span>
    </p>
   </div>
   <div class='ocr_carea' id='block_1_8' title="bbox 0 0 1678 5498">
    <p class='ocr_par' dir='ltr' id='par_1_8' title="bbox 0 0 1678 5498">
     <span class='ocr_line' id='line_1_54' title="bbox 0 0 1678 5498; baseline 0 0"><span class='ocrx_word' id='word_1_559' title='bbox 0 0 1678 5498; x_wconf 95' lang='lat' dir='ltr'> </span> 
     </span>
    </p>
   </div>
  </div>
 </body>
</html>
