3346 5498
200 363 263 429 326
541 450 544 460 ὁ
751 365 947 428 uxonnrn
995 345 996 351 '
1065 349 1069 357 ’

200 554 273 615 alios
295 572 448 614 sermones
471 560 541 613 tunc
563 551 642 613 dicat
663 553 754 614 luisse
775 551 906 633 aliosque
929 571 1016 614 nuuc.
1061 554 1113 614 sed
1140 573 1195 634 per
1218 556 1328 616 dsicam
1352 553 1490 617 siurilitu·

200 656 299 715 dinem
322 653 418 716 attulit
440 655 557 724 dicens,
580 660 736 734 ‘postera'
759 656 855 736 inquit
876 657 974 715 ‘aetas
989 655 1092 716 muudi
1108 664 1141 717 ut
1163 655 1348 736 disciplinam
1371 658 1492 736 pristini

199 755 308 817 saeculi
330 758 369 817 ita
393 763 422 816 et
443 774 595 817 sermones
617 756 748 818 lastidire
776 757 874 836 coepit
899 766 928 818 et
950 775 1024 818 nova
1047 759 1195 836 parturire
1218 757 1322 836 verba,
1347 776 1424 839 quae
1447 761 1491 820 iu·

200 877 308 919 vertum
330 860 391 919 ritu
412 860 475 937 ipsa
499 857 586 919 modo
608 858 717 919 lloreut
739 867 768 919 et
788 854 914 937 vigent'.
958 860 1009 939 qui
1031 860 1118 920 etiam
1141 859 1294 921 lloratium
1317 858 1429 922 dixisse
1451 863 1493 923 ait

201 963 252 1021 ‘ut
273 961 363 1021 silvae
386 961 474 1021 llores
496 979 607 1040 pronos
630 969 784 1021 mutantur
805 962 835 1021 in
858 978 951 1022 anuos
967 968 996 1020 et
1010 962 1105 1039 qtrima
1122 960 1243 1032 cadunt,
1266 964 1306 1023 ita
1331 963 1518 1026 verboruma

199 1070 280 1124 vetus
295 1064 397 1124 interit
412 1069 506 1132 aetas,
524 1069 554 1123 ει
569 1081 641 1124 nova
657 1063 796 1123 iuvenum
818 1064 876 1124 ritu
891 1064 999 1125 llorent
1014 1063 1102 1124 modo
1117 1072 1184 1124 nata
1202 1065 1372 1142 vigentque'
1390 1072 1420 1125 et
1434 1063 1489 1126 rel.

751 1166 769 1204 a
833 1165 852 1204 s
916 1166 934 1205 e

285 1250 326 1311 lle
341 1250 470 1311 editione
486 1249 625 1311 secunda.
649 1251 753 1329 incipit
775 1248 865 1312 editio
887 1246 1017 1312 secunda
1034 1249 1138 1311 bonati
1154 1252 1339 1328 grammatici
1361 1250 1399 1312 de
1422 1270 1490 1331 par·

199 1351 278 1412 tibus
306 1353 455 1413 orationis.
500 1353 617 1432 scripsit
644 1354 722 1413 enim
750 1360 843 1413 artem
872 1351 1034 1431 duplicem,
1064 1351 1093 1412 id
1123 1360 1167 1412 est
1189 1360 1256 1412 octo
1279 1360 1393 1432 partes,
1418 1373 1492 1434 quas

200 1456 330 1515 minores
359 1461 464 1514 vocant
482 1462 584 1542 ⁸artes,
613 1473 630 1515 a
658 1452 765 1533 quibus
792 1452 922 1515 secunda
943 1453 1018 1514 baec
1040 1461 1085 1514 est
1107 1453 1207 1514 editio.
1251 1453 1303 1515 sed
1325 1454 1491 1516 notandum

200 1564 257 1627 est,
281 1555 388 1634 quibus
415 1557 550 1636 personis
571 1557 705 1636 primam,
730 1553 894 1633 quibusque
915 1556 1033 1635 scripsit
1053 1553 1228 1625 secundam.
1253 1562 1282 1616 et
1303 1557 1491 1636 interrogan·
1505 1575 1530 1614 ιο

199 1657 283 1729 dum,
308 1665 379 1737 quot
401 1664 431 1717 et
453 1657 560 1738 quibus
582 1659 677 1718 causis
698 1665 777 1718 artes
800 1658 931 1718 minores
954 1658 1081 1735 scripsit.
1115 1655 1172 1717 boc
1194 1663 1239 1717 est
1260 1658 1396 1736 personis
1419 1677 1491 1738 pue-

200 1778 301 1820 rorum
325 1766 354 1819 et
382 1761 477 1819 causis
503 1759 607 1821 tribus.
652 1760 762 1838 prima,
791 1766 825 1820 ut
852 1761 977 1829 scirent,
1007 1757 1232 1836 quibusmodis
1255 1766 1420 1828 essetars;
1443 1779 1493 1822 se-

201 1861 310 1930 cunda,
342 1868 374 1920 ut
406 1861 556 1922 discerent
587 1863 787 1939 interrogare,
823 1870 855 1922 ut
877 1869 921 1920 est
950 1865 1066 1940 ‘partes
1096 1860 1238 1921 orationis
1266 1869 1339 1939 quot
1369 1862 1492 1930 suntt';

199 1963 284 2021 tertia
314 1981 417 2031 causa,
446 1965 488 2023 uti
516 1963 637 2024 nossent
664 1961 780 2023 solvere
807 1964 1002 2040 interrogata,
1036 1969 1068 2022 ut
1102 1970 1147 2023 εει
1174 1965 1276 2022 ‘octo'
1306 1970 1336 2024 et
1369 1962 1423 2024 rel.
1462 1964 1494 2024 iu

198 2066 294 2143 prima
317 2064 352 2125 ad
376 2064 525 2125 duceudos
547 2084 656 2145 pueros
676 2065 902 2143 interrogationi
918 2063 1059 2126 satisfacit
1074 2071 1104 2124 et
1125 2063 1278 2133 solutioni;
1302 2065 1333 2124 iu
1357 2066 1529 2128 secundans

199 2174 297 2227 alitem
321 2165 449 2226 editione
472 2186 613 2246 personas
635 2167 783 2246 periectas
798 2166 885 2227 docet
900 2167 1053 2227 scientiam
1076 2165 1236 2227 latinitatis.
1270 2164 1321 2225 sed
1339 2185 1393 2227 nos
1409 2186 1492 2233 nunc

198 2268 298 2329 dicere
321 2269 472 2338 convenit,
497 2268 604 2346 quibus
619 2268 714 2329 modis
729 2270 767 2328 sit
781 2268 989 2345 interrogatio,
1013 2267 1042 2327 id
1066 2277 1110 2328 est
1130 2266 1241 2336 tribus,
1265 2269 1348 2347 quasi
1372 2268 1491 2331 discere

198 2368 299 2430 volens
321 2369 367 2431 vel
388 2369 496 2431 dooere
519 2389 555 2431 an
580 2371 760 2447 quaestionis
782 2368 964 2450 promendae
986 2371 1088 2448 gratia.
1125 2369 1178 2430 sed
1201 2371 1232 2429 iu
1256 2368 1370 2431 artibus
1393 2372 1491 2434 mino·

199 2471 280 2532 ribus
302 2474 386 2551 quasi
408 2472 517 2533 docere
540 2471 640 2532 volens
662 2473 827 2550 interrogat
844 2463 992 2541 bonatus,
1021 2473 1105 2532 cuius
1132 2472 1336 2533 auctoritatem
1360 2473 1492 2535 ostendit

199 2574 355 2654 Pompeius
378 2573 504 2634 diceudo
527 2572 611 2635 ‘alii'
632 2575 729 2650 iuquit
751 2575 948 2653 ‘seripserunt
970 2580 1080 2642 artem,
1104 2573 1156 2634 sed
1177 2571 1244 2634 illos
1260 2592 1319 2635 non
1335 2582 1423 2653 putes
1445 2577 1492 2637 in·
1505 2592 1529 2630 n

199 2674 354 2754 tellegere,
383 2677 441 2737 nisi
469 2696 484 2737 a
508 2676 622 2736 llouato
645 2677 826 2755 sumpserint
855 2676 1049 2754 principium,
1074 2682 1105 2736 ut
1124 2667 1174 2736 'est
1194 2674 1309 2736 Probus
1332 2682 1361 2736 et
1383 2677 1493 2739 Caesar

199 2774 313 2847 etalii,
336 2776 388 2837 sed
417 2778 568 2839 altouato
597 2784 787 2858 sumpserunt
813 2776 1001 2857 principium.
1048 2776 1085 2838 de
1112 2776 1247 2856 partibus
1274 2779 1345 2838 artis
1368 2780 1441 2843 satis
1462 2780 1494 2840 in

199 2878 323 2959 prologo
344 2881 467 2959 promsi.

585 3135 640 3208 Ex
666 3135 787 3210 codice
813 3135 979 3210 Parisino
1007 3137 1105 3208 7570

284 3269 367 3331 blulti
390 3269 528 3331 dixerunt
550 3271 627 3348 quod
650 3270 709 3332 lact
731 3271 789 3331 dici
812 3270 948 3342 deberet,
973 3278 1004 3331 ut
1025 3269 1103 3350 apud
1120 3272 1296 3342 Varronem,
1320 3291 1353 3332 ea
1377 3274 1491 3334 ratione
1504 3287 1528 3328 n

200 3350 283 3450 quia,
307 3374 332 3433 si
354 3372 400 3432 lac
422 3381 502 3433 esset
524 3375 735 3441 nominativus,
764 3372 835 3434 lacis
858 3382 936 3434 esset
956 3375 1125 3452 genetivus,
1154 3381 1185 3433 nt
1207 3372 1271 3432 alec
1293 3372 1394 3434 alecis.
1439 3374 1490 3435 sed

200 3477 307 3536 Caesar
330 3475 402 3534 dixit
424 3494 487 3535 rom
512 3476 737 3537 valentissimam
761 3483 864 3537 eontra
892 3476 1006 3556 ipsum,
1029 3474 1058 3535 id
1082 3483 1127 3536 est
1149 3474 1262 3536 nullum
1286 3495 1395 3537 nomeu
1419 3476 1490 3536 dua·

200 3576 254 3637 bus
276 3578 364 3637 mutis
383 3579 536 3638 terminari
558 3598 654 3657 posse.
685 3598 702 3639 c
725 3584 754 3638 et
775 3586 787 3637 t
808 3576 882 3637 duae
899 3583 995 3637 mutae
1011 3585 1088 3637 suut.
1121 3576 1239 3638 Plautus
1261 3596 1389 3657 namque
1412 3577 1489 3639 lacte

199 3666 265 3738 into
287 3680 312 3738 si
334 3677 439 3740 melius
460 3681 526 3740 ait·
555 3679 693 3757 Virgilius
721 3679 805 3749 dicit,
836 3678 881 3739 lac
908 3679 1066 3740 dicendum
1090 3686 1143 3740 est.
1189 3679 1252 3739 alec
1275 3686 1375 3740 autem
1397 3696 1491 3759 genus

200 3788 245 3840 est
264 3781 363 3859 piscis.
1367 3835 1370 3843 ,
1504 3797 1527 3837 u

202 3902 410 3910 ..φυῇ-,-
419 3903 504 3910 ..ψ-

200 3968 235 4028 cs.
247 3969 335 4034 praef.
352 3984 456 4033 mamm,
475 3987 497 4019 o.
518 3971 527 4018 l
543 3984 569 4033 p.
590 3968 654 4017 LlV.
672 3986 696 4022 u.
717 3970 751 4019 lV
767 3987 795 4033 p.
813 3968 897 4019 xxiv
916 3978 967 4022 not.
987 3970 1065 4022 Dion.
1084 3986 1112 4034 p.
1131 3969 1193 4032 400,
1210 3969 1228 4020 8
1280 3969 1293 4020 l
1314 3985 1361 4034 per
1380 3968 1491 4020 bssieam

200 4038 223 4088 L
294 4037 463 4088 diastidiare
483 4040 507 4088 L
576 4041 640 4088 det
665 4040 786 4105 figentL
858 4037 996 4105 Horatium]
1018 4040 1049 4088 de
1071 4055 1096 4090 a.
1114 4055 1142 4102 p.
1162 4040 1197 4090 00
1266 4039 1420 4094 duetus..
1440 4035 1491 4090 rat'

199 4117 269 4157 netas
285 4110 308 4157 l,
389 4110 479 4158 llorent
497 4118 576 4159 motat
594 4119 720 4174 augentq:
740 4120 764 4159 et
784 4111 816 4159 rl’
836 4112 859 4159 t
947 4109 982 4159 20
1002 4111 1115 4172 Pompeii
1133 4113 1211 4161 locum
1230 4124 1266 4159 ex
1281 4111 1449 4172 praefatione
1467 4112 1492 4159 in

198 4178 270 4228 libris
288 4194 360 4226 rnauu
378 4182 481 4243 scriptis
498 4182 608 4229 armtilata
623 4183 723 4240 petitum
735 4181 817 4230 uideri
830 4182 888 4229 dixi
904 4195 984 4242 supra
1000 4198 1027 4246 p.
1043 4181 1076 4230 sd
1094 4188 1144 4229 not.
1216 4180 1248 4229 21
1268 4195 1371 4230 caessar
1389 4182 1414 4231 L

268 4267 301 4316 24
327 4265 415 4316 Codex
432 4267 567 4315 Parisinus
588 4266 657 4317 7570
678 4265 730 4330 (P)
752 4282 820 4318 saec·
839 4266 873 4316 Xl
896 4267 918 4327 s.
940 4268 951 4318 l
972 4267 1024 4327 Qur
1044 4276 1129 4334 partes
1154 4268 1275 4318 orationis
1301 4269 1379 4317 etiam
1406 4275 1493 4334 partes

201 4334 331 4384 latinitatis
350 4335 481 4398 dicuutur,
505 4351 563 4385 cum
582 4337 694 4386 latinitas
713 4354 758 4403 per
779 4339 848 4402 ipses
875 4348 960 4401 pones
977 4338 1109 4387 narretur?
1134 4338 1191 4387 ideo
1211 4339 1271 4400 quia
1288 4353 1302 4386 a
1318 4337 1407 4386 tarino
1429 4353 1493 4404 rego

201 4406 392 4467 oratoribusque
412 4415 498 4455 ornato
513 4416 588 4468 atque
607 4407 702 4455 directo
723 4417 761 4456 est
781 4416 846 4458 etc..·
868 4409 1055 4457 caementarius
1075 4411 1100 4458 in
1120 4409 1243 4458 Donatum
1261 4408 1294 4457 de
1308 4415 1365 4457 octo
1377 4407 1496 4470 partibus

199 4478 325 4526 credonis
343 4479 474 4526 rrmaebnun
490 4485 589 4534 partem
607 4493 621 4525 e
638 4478 750 4540 Pompeii
767 4478 895 4527 Prisciani
912 4478 1040 4528 Consentii
1055 4480 1127 4528 tibris
1146 4478 1265 4530 collectus
1335 4479 1369 4527 25
1390 4478 1496 4527 debere·

201 4558 242 4596 tur
257 4549 281 4596 P
330 4547 398 4611 apud
415 4545 565 4611 Varronem]
587 4549 695 4610 Pompei.
711 4564 738 4611 p.
755 4546 813 4608 100,
831 4547 863 4598 13
934 4547 968 4597 ἳὸ
985 4547 1047 4597 lacis
1063 4564 1120 4598 esse
1138 4546 1264 4614 genet.P
1331 4548 1367 4598 28
1381 4548 1496 4609 sortasse

202 4617 307 4666 Plautus
326 4631 433 4678 namque
454 4616 516 4666 lacte
535 4618 648 4680 protulit.
668 4619 713 4666 sed
730 4619 829 4676 melius,
846 4626 873 4665 ut
889 4616 1012 4683 Virgilius
1030 4618 1100 4677 dicit,
1117 4617 1165 4672 lae.
1184 4621 1234 4668 nisi
1249 4621 1333 4682 potins
1345 4633 1396 4682 pro
1411 4634 1496 4668 eaen-

199 4689 243 4749 plo
264 4688 384 4736 Plautino
406 4704 423 4735 a
442 4689 559 4750 Pompeio
581 4690 665 4751 posito
684 4689 747 4738 illud
768 4688 835 4753 meod
851 4685 998 4736 Priscianus
1017 4690 1034 4740 l.
1055 4689 1089 4737 Vl
1105 4703 1132 4749 p.
1153 4690 1218 4745 212,
1237 4688 1254 4739 b
1272 4688 1419 4752 adscripsit,
1439 4688 1493 4738 Me·

203 4757 311 4806 naeclrnr.
331 4759 352 4806 V
373 4756 404 4819 9,
422 4755 457 4806 30
483 4772 563 4820 neque
590 4773 656 4821 equa
675 4774 755 4821 aquae
782 4773 864 4819 neque
889 4755 953 4806 laete
972 4757 1138 4820 lactis,mibi
1157 4759 1367 4829 crede,rrsqua1n
1386 4758 1497 4816 similius

200 4830 318 4891 scripturn
332 4834 390 4876 erat

753 4948 948 4955 .-——-—--
