3346 5498
609 1386 960 1483 CONSENTII

724 1609 844 1688 ARS

479 1794 550 1875 Du
582 1794 788 1877 NOMINE
820 1794 884 1874 ΕΤ
916 1795 1091 1879 VERBO

303 1981 375 2062 Du
406 1978 768 2064 Bnusslutslus
801 1979 864 2059 tlt*
896 1979 1264 2068 ltETnPtnSMlS

223 2366 262 2431 ln
291 2364 418 2430 duobus
449 2364 618 2429 Consentii
646 2362 737 2427 libris
766 2374 833 2428 tres
867 2364 1006 2431 adhibiti
1040 2377 1117 2432 8661
1143 2369 1274 2434 codices
1303 2368 1431 2436 saeculo

141 2467 265 2533 decimo
289 2467 420 2552 scripti,
443 2465 649 2530 Monacensis
674 2465 787 2546 14666,
810 2466 865 2551 qui
888 2467 952 2531 fuit
974 2466 1051 2531 olim
1072 2469 1325 2535 Ratisbonensis
1348 2473 1433 2536 Em-

140 2590 301 2633 meramus
332 2567 442 2646 060,
471 2569 597 2631 formae
626 2567 806 2652 quadratae
834 2569 968 2632 minoris
998 2570 1077 2652 (M);
1107 2571 1283 2635 Beruensis
1304 2573 1368 2636 432
1391 2595 1434 2637 ex

139 2670 327 2733 Miciacensi
354 2669 552 2733 monasterio
581 2691 682 2755 prope
711 2666 928 2732 Aurelianum
957 2670 1019 2735 sito
1049 2670 1124 2734 olim
1153 2671 1318 2754 sublatus,
1347 2675 1433 2737 sicut

139 2771 282 2856 probant
311 2771 392 2833 haee
419 2793 502 2855 quae
531 2771 564 2833 in
593 2769 657 2832 fine
684 2769 807 2833 codicis
835 2770 969 2856 antiqua
996 2793 1095 2835 manu
1124 2774 1360 2858 nemptonum,
1383 2779 1433 2838 iric

140 2884 183 2936 est
210 2878 287 2937 liber
313 2879 412 2935 snrrcti
437 2877 600 2937 maximini
626 2877 822 2935 miciacensis
849 2879 1026 2935 nronasterii
1053 2894 1139 2951 quem
1166 2881 1193 2938 si
1218 2881 1285 2953 qais
1312 2880 1350 2938 de
1376 2881 1433 2938 iste

138 2980 205 3038 Ioco
227 3023 235 3038 .
254 3022 262 3037 .
280 3021 287 3036 .
306 3021 330 3044 .,
361 2982 477 3058 postea
505 2972 610 3036 factus
639 2971 832 3055 Bongarsii,
862 2972 954 3035 cuius
984 2994 1099 3036 nomen
1122 2975 1156 3036 in
1185 2976 1290 3059 prima
1311 2976 1434 3060 pagina

140 3075 295 3160 scriptum
318 3083 384 3153 681,
406 3075 532 3139 formae
554 3072 735 3158 quadratae
753 3070 829 3165 (B)3
855 3072 1029 3136 Leidensis
1046 3075 1101 3159 qui
1124 3082 1173 3137 est
1195 3075 1281 3139 inter
1302 3075 1432 3140 codices

139 3175 320 3251 Vossianos
343 3175 467 3238 formae
490 3173 623 3238 minoris
646 3197 677 3236 6.
693 3174 732 3236 37
751 3173 818 3256 (L).
849 3195 891 3236 ex
905 3173 956 3236 his
973 3195 1056 3236 unus
1072 3173 1279 3239 Monacensis
1302 3186 1433 3240 utrum-

141 3299 202 3362 que
224 3277 391 3340 Consentii
414 3274 534 3338 librum
557 3275 715 3352 66611661,
738 3272 763 3336 1.
788 3274 804 3335 1
828 3280 938 3352 incipit
959 3293 1012 3337 ars
1034 3282 1252 3340 consentiime.
1277 3283 1316 3341 de
1332 3283 1433 3357 parti·

140 3384 193 3442 bns
215 3385 362 3441 orationis
386 3376 392 3460 Ι
417 3381 524 3439 Partes
553 3381 699 3438 metionis
720 3408 763 3420 -
784 3373 807 3435 f.
829 3373 894 3437 39*
913 3376 1025 3448 sontes.
1049 3380 1176 3455 explicit
1198 3377 1318 3442 maiore
1341 3387 1433 3464 parte

140 3481 279 3565 paginae
302 3498 407 3541 vacua
429 3473 552 3538 relicta.
595 3474 620 3536 1.
643 3474 685 3537 40
712 3480 818 3554 incipit
839 3494 892 3537 ars
913 3483 1060 3540 consentii
1081 3499 1150 3541 .n.c.
1181 3483 1219 3541 de
1239 3484 1435 3543 barbarismis

130 3586 169 3644 ‘et
191 3576 419 3661 metaplasmisl
443 3581 637 3639 Barbariana·
656 3613 698 3622 -
720 3574 743 3637 f.
765 3574 832 3639 55*
854 3580 1042 3640 intuebimur.
1069 3584 1205 3656 explicit.
1227 3580 1334 3664 prima
1356 3601 1433 3664 pars

141 3680 262 3745 codicis
285 3698 390 3762 usquc
412 3676 456 3739 ad
478 3698 509 3761 p.
526 3675 611 3740 2030
631 3682 800 3740 doctorale
821 3681 879 3741 troc
900 3687 1018 3740 soracte
1040 3677 1105 3740 alia
1126 3701 1225 3743 manu
1247 3700 1286 3742 ac
1308 3679 1435 3766 reliqua

142 3781 267 3864 scripta
300 3787 360 3840 est.
404 3800 464 3863 per
496 3788 600 3843 totum
633 3775 778 3842 codicem
812 3786 920 3840 autem
949 3778 1107 3862 quaedam
1135 3801 1199 3843 non
1228 3779 1330 3844 multo
1359 3789 1435 3866 post

143 3892 286 3947 veterem
310 3878 523 3965 scripturam,
548 3888 584 3943 ut
605 3879 752 3959 videtur,
776 3877 889 3943 addita
912 3877 964 3943 vel
985 3889 1131 3945 correcta
1153 3891 1243 3962 sunt,
1272 3902 1356 3966 quae
1377 3880 1435 3945 ubi

142 3981 423 4047 commemoranda
445 4004 516 4044 6886
538 3980 737 4045 videbantur
758 4000 787 4041 m
808 3976 919 4043 littera
942 3979 1108 4066 adscripta
1128 3981 1283 4047 indicavi.
1329 3981 1436 4047 codex

143 4082 317 4147 Beruensis
341 4080 460 4146 librum
484 4081 524 4145 (16
552 4082 682 4146 nomine
710 4091 743 4144 ct
764 4081 866 4146 verbo
889 4081 1051 4162 continet,
1074 4083 1098 4145 f.
1125 4084 1141 4146 l
1165 4090 1272 4163 incipit
1292 4104 1345 4146 ars
1366 4103 1435 4146 con·

143 4192 231 4248 sentit
250 4190 313 4247 uiri
333 4190 415 4246 clari
436 4183 441 4268 Ι
462 4190 503 4245 6-6
525 4189 625 4261 quinti
644 4186 774 4245 consulis
798 4182 918 4263 [qninqt
943 4185 1088 4265 ciuitate]
1110 4190 1114 4258 Ι
1139 4189 1177 4246 de
1198 4189 1293 4247 duab:
1312 4188 1434 4263 partrh3

145 4292 291 4351 orationis
314 4292 385 4347 notri
408 4288 549 4348 cinereo
573 4282 578 4367 Ι
598 4288 705 4345 Partes
727 4289 873 4347 orationis
897 4320 931 4328 —
957 4283 980 4345 f.
1003 4283 1046 4346 30
1063 4286 1175 4358 sontes.
1199 4305 1304 4369 pauca
1325 4284 1360 4347 in
1381 4302 1435 4346 ve-

145 4399 213 4452 tere
242 4386 404 4471 scriptura
431 4395 576 4448 correcta
603 4393 695 4463 8661,
724 4382 759 4445 16
787 4382 905 4467 quibus
934 4382 1125 4469 plerumque
1150 4407 1216 4448 uon
1243 4383 1324 4448 setis
1346 4389 1434 4445 certo

146 4488 336 4552 correctoris
360 4508 476 4550 manus
500 4483 541 4547 ab
564 4486 635 4570 ipso
658 4481 793 4548 librario
816 4482 958 4547 discerni
980 4495 1098 4570 potest.
1127 4495 1203 4571 post
1226 4481 1436 4549 Consentium

147 4590 269 4674 scripta
285 4597 360 4651 sunt
375 4589 466 4667 haec,
490 4587 513 4649 f.
530 4584 694 4650 30*-35*
709 4584 862 4667 Agroecii
883 4606 936 4648 ars
959 4587 1000 4649 de
1021 4585 1268 4672 orthographia,
1292 4582 1436 4646 135*-

146 4689 188 4751 46
210 4688 371 4751 Prisciani
394 4687 558 4751 institutio
582 4685 622 4750 de
644 4685 773 4751 nomine
796 4695 829 4748 61
850 4686 1040 4770 pronomine
1062 4686 1228 4765 6166166,
1251 4680 1439 4746 146-49*

148 4789 254 4852 Servii
278 4789 318 4850 do
341 4787 462 4851 ultimis
486 4785 622 4872 syllabis
645 4785 728 4849 liber
750 4808 783 4869 p.
808 4787 1020 4851 1809-1816
1042 4787 1068 4850 P
1093 4788 1146 4872 (cf.
1172 4786 1237 4850 vol.
1261 4782 1310 4846 IV
1333 4781 1436 4869 praef.

199 4896 377 4937 canusinum
395 4896 484 4936 innui
499 4896 527 4939 v.
1194 4885 1236 4948 22
