3346 5498
749 377 821 443 tus

150 495 174 538 p.
191 484 251 526 1⁸79.
264 485 290 526 8)
303 481 324 524 Ρ.

118 571 170 625 eet
193 582 288 643 supra
309 582 400 626 erma.
444 583 514 627 ecce
536 568 699 647 postposita
720 569 780 629 rim
801 586 889 647 quam
910 567 1007 628 tenuit
1029 564 1117 628 modo
1139 588 1158 626 o

281 701 358 744 cum
381 685 469 746 luno
492 695 686 748 aeternum
708 706 862 748 servans
885 686 950 748 sub
972 693 1125 766 pectore
1148 684 1290 745 vulnus.

118 802 222 864 Aliis
254 803 425 882 partibus
457 808 643 867 orationis
676 807 996 886 significationem
1030 803 1203 884 complet:
1239 801 1536 882 praeclarus‚365,10

120 906 197 984 quia
225 923 292 965 cum
322 904 388 966 dico
416 905 528 976 clarus,
552 906 748 969 elocutionem
771 926 830 968 nou
853 907 1013 988 compleam
1037 907 1113 967 addo
1135 925 1207 987 prae
1230 912 1259 967 et
1281 903 1416 983 compleo

90 1005 337 1067 setocutionem.
372 1016 480 1078 mutat,
504 1018 537 1070 nt
558 1009 674 1071 infelix:
699 1009 770 1070 nihil
793 1018 852 1070 tam
881 1011 1061 1071 contrarium
1090 1008 1169 1069 felici
1198 1024 1288 1084 quum
1315 1004 1420 1066 infelix

123 1107 213 1190 [quia
234 1108 306 1170 felix
328 1108 407 1170 aliud
431 1112 575 1188 signifieat
589 1111 625 1172 ad
641 1113 846 1191 compositum,
870 1122 903 1173 ut
924 1111 1039 1180 infelix,
1063 1110 1141 1171 aliud
1157 1111 1269 1179 minuit,
1293 1107 1420 1169 detraxit

122 1211 177 1271 illi.
208 1244 251 1255 -
278 1211 411 1272 Earum
439 1219 502 1272 aut
528 1212 703 1292 complet:
732 1215 773 1274 ita
800 1215 949 1293 impotens
970 1212 1093 1273 multum
1116 1214 1268 1291 inpotens,
1292 1211 1390 1270 miuus
1414 1207 1463 1288 ill

121 1322 249 1394 potens,
278 1311 396 1394 mutat}
431 1315 537 1374 minuit
564 1323 677 1385 autem,
709 1323 740 1376 ut
766 1317 919 1376 infractus.
951 1350 985 1359 -
1017 1315 1161 1376 Etenim
1190 1313 1232 1375 ad
1259 1318 1465 1393 patremne

123 1414 217 1495 plane
244 1433 301 1494 pro
328 1414 412 1476 libitu
440 1425 542 1476 nostro
570 1424 600 1476 et
626 1419 792 1478 accusativo
820 1417 962 1496 singulari
991 1426 1020 1477 ct
1047 1415 1170 1496 plurali,
1199 1423 1245 1484 ut,
1275 1415 1300 1475 si
1327 1414 1422 1492 poscit

82 1530 110 1568 1⁰
124 1519 219 1585 ratio,
244 1514 299 1598 [ut]
323 1516 418 1577 dicam
441 1525 470 1576 ct
492 1516 528 1576 ad
551 1527 649 1597 patres
672 1527 701 1579 et
722 1520 799 1598 apud
820 1518 902 1580 villas
925 1527 955 1579 et
975 1526 1084 1580 cetera.
1103 1552 1139 1563 -
1157 1516 1258 1595 Apud
1282 1514 1419 1575 villam:

125 1618 163 1679 ad
194 1628 224 1679 et
251 1618 330 1698 apud
359 1617 428 1678 dum
453 1620 540 1679 unius
562 1637 647 1681 casus
669 1624 904 1700 praepositiones
925 1629 1007 1690 sunt,
1037 1621 1071 1682 ad
1094 1618 1237 1681 itineralis
1260 1626 1317 1686 est,
1342 1614 1419 1695 apud

97 1804 102 1813 Ι
125 1719 245 1790 localis,
270 1719 340 1781 lieet
362 1720 419 1779 hoc
440 1729 546 1798 poetae
570 1724 795 1792 contemserint,
820 1730 852 1784 ut
868 1721 1013 1802 Vergilius
1034 1722 1093 1782 ‘ad
1117 1740 1221 1801 qucm
1244 1728 1315 1781 tum
1332 1719 1421 1779 luno

125 1821 316 1902 supplex',
345 1840 399 1901 pro
429 1822 505 1901 apud
533 1842 638 1903 quem;
670 1832 700 1883 ct
727 1825 780 1885 ‘hi
808 1824 958 1886 multum
987 1823 1071 1885 fleti
1094 1824 1135 1884 ad
1158 1824 1342 1902 superos',
1366 1829 1466 1898 prote

125 1924 220 2005 apud.
245 1958 283 1968 -
308 1924 384 1984 lstae
402 1920 416 2004 ll
433 1943 536 1985 omnes
558 1927 793 2005 praepositiones
814 1934 875 1988 tam
897 1926 1023 1986 ablativo
1045 1925 1187 2002 singulari
1203 1942 1291 2004 quam
1314 1917 1422 2001 plurali

87 2029 306 2103 1⁵iunguntur.
333 2060 367 2070 -
394 2027 557 2088 Dicimus
580 2030 676 2088 enim
700 2047 716 2089 a
738 2028 858 2089 domo:
883 2047 898 2088 a
920 2029 1008 2088 domo
1028 2046 1087 2088 non
1109 2027 1249 2095 dicimus,
1273 2026 1329 2084 nisi
1351 2033 1467 2102 pro-‘23

125 2146 239 2189 nomen
269 2127 425 2198 addamus,
455 2147 471 2189 a
500 2127 588 2189 domo
616 2148 680 2190 mea
704 2129 749 2191 rel
772 2149 787 2190 a
811 2130 898 2191 domo
922 2140 984 2199 tua,
1009 2131 1146 2210 quoniam
1170 2127 1348 2207 praepositio
1371 2123 1421 2184 ad·

125 2229 241 2290 rerbiis
269 2232 334 2289 sine
362 2229 459 2308 aliqua
488 2238 573 2310 parte
601 2233 742 2293 orationis
764 2251 924 2311 numquam
948 2234 1087 2292 sociatur.
1114 2265 1150 2276 -
1175 2229 1272 2291 Clam
1295 2234 1468 2288 custo-24

126 2330 252 2391 dibus:
281 2330 355 2393 clam
378 2335 560 2412 praepositio
588 2335 742 2413 utriusque
765 2353 849 2394 easus
871 2341 930 2402 est,
958 2333 1025 2394 ideo
1047 2352 1103 2413 pro
1128 2331 1275 2392 voluntate
1298 2330 1424 2390 dicentis

127 2433 174 2493 rel
197 2435 363 2494 accusativo
385 2435 525 2513 iungetur
547 2435 592 2496 vel
614 2435 751 2497 ablativo.
796 2435 923 2496 dicimus
946 2437 1025 2496 enim
1047 2441 1097 2496 ‘et
1118 2433 1193 2496 clam
1217 2435 1343 2494 amicum
1366 2433 1423 2491 est’

88 2543 159 2596 met
182 2535 277 2596 ‘clam
300 2535 441 2618 amico'.l
478 2572 515 2583 -
551 2536 624 2598 Sub
652 2557 776 2617 super:
806 2540 958 2614 utriusque
985 2556 1070 2599 casus
1098 2537 1333 2617 praepositiones
1354 2532 1468 2593 ideort

128 2638 228 2699 dietae
256 2645 338 2709 sunt,
369 2639 448 2717 quod
476 2657 648 2700 communes
675 2641 733 2699 sint
760 2642 924 2701 accusativo
953 2647 982 2701 et
1004 2638 1142 2700 ablativo.
1185 2637 1290 2698 sedin
1312 2633 1425 2696 duabus

128 2740 176 2801 his
204 2741 489 2821 praepositionibus,
518 2743 548 2801 in
577 2749 606 2801 et
633 2741 704 2813 sub,
732 2761 807 2821 quae
829 2741 954 2803 similem
977 2740 1111 2820 regulam
1134 2739 1258 2806 habent,
1288 2737 1425 2798 distantia

129 2844 206 2904 haee
235 2852 294 2912 est,
324 2843 442 2921 quando
470 2846 636 2904 accusativo
664 2845 808 2913 serviant,
839 2843 958 2923 quando
980 2842 1114 2904 ablativo.
1161 2843 1426 2919 quotienscumque

128 2944 286 3006 itineralee
308 2944 433 3031 fuerint,
457 2945 513 3006 hoe
536 2956 582 3006 est
604 2965 672 3007 cum
687 2945 725 3006 dc
740 2945 833 3008 altero
847 2946 914 3007 loco
930 2946 966 3007 ad
988 2945 1114 3007 alterum
1137 2944 1254 3013 transit,
1278 2949 1310 3002 ut
1333 2942 1427 3000 ‘imus

92 3046 167 3108 aad
198 3047 327 3116 forum',
357 3046 580 3107 ‘descendimus
607 3050 638 3108 in
667 3047 797 3119 vallem',
832 3049 997 3109 accusativo
1024 3045 1190 3125 fungendae
1218 3051 1302 3111 sunt,
1331 3040 1427 3103 tribus

130 3147 320 3228 temporibus
342 3147 580 3228 comprehensis,
606 3159 635 3208 et
656 3151 700 3210 ire
723 3158 753 3209 et
774 3152 832 3210 isse
855 3158 885 3210 et
906 3151 1000 3211 ituros
1023 3168 1097 3211 esse.
1135 3166 1203 3208 eum
1226 3165 1296 3206 vero
1319 3141 1427 3203 locales

131 3252 260 3319 fuerint,
284 3250 340 3310 hoc
357 3228 408 3311 'est
429 3269 497 3311 cum
520 3252 548 3311 in
572 3253 645 3339 ipso
659 3250 724 3311 loeo
747 3251 858 3332 aliquid
880 3271 944 3311 esse
968 3250 1090 3320 dieitur,
1116 3259 1147 3310 ut
1169 3251 1217 3308 ‘in
1240 3266 1345 3326 campo
1367 3253 1425 3305 ste·

132 3355 251 3422 timus',
276 3353 325 3413 ‘in
347 3353 412 3412 foro
435 3351 651 3423 clamavimus',
676 3353 731 3414 hae
747 3352 872 3413 ablativo
887 3351 1054 3430 fungendae
1075 3359 1158 3421 sunt,
1181 3350 1233 3411 sed
1255 3351 1294 3409 ita
1317 3354 1350 3407 ut
1371 3347 1427 3407 tria

132 3466 271 3533 tempora
294 3454 563 3533 comprehendant,
587 3456 619 3514 in
641 3454 706 3515 loeo
729 3475 807 3524 esse,
831 3456 930 3524 fuisse,
946 3456 1061 3515 futuros
1077 3471 1153 3513 esse:
1177 3452 1229 3512 sed
1251 3448 1427 3528 regulariter

98 3570 121 3606 ³⁰
134 3559 213 3617 scire
236 3555 381 3616 debemus
395 3555 475 3632 quod
497 3558 691 3635 interrogatio
713 3559 948 3637 praepositiones
963 3557 1033 3617 facit
1055 3573 1118 3615 esse
1141 3555 1321 3634 perspicuas.
1359 3569 1428 3612 nam

134 3661 158 3718 si
180 3660 323 3718 convenit
339 3655 343 3733 l
361 3676 418 3737 quo
441 3658 549 3728 dicere,
573 3659 813 3739 respondendum
837 3668 881 3719 est
903 3678 956 3738 per
979 3657 1145 3719 itineralem
1167 3655 1427 3736 praepositionem,

136 3769 168 3820 ut
195 3761 329 3820 ‘amiens
356 3776 415 3836 quo
443 3763 621 3838 processitf'
645 3763 692 3820 ‘in
715 3761 903 3841 publicum';
936 3762 961 3822 si
983 3762 1134 3837 interrogo
1157 3757 1221 3828 ubi,
1246 3754 1450 3837 responden-‘

136 3861 206 3921 dum
235 3864 267 3921 in
296 3860 376 3931 loco,
406 3860 474 3922 ‘ubi
501 3864 611 3942 equitat
639 3864 784 3924 amicusl'
815 3865 862 3925 ‘in
891 3869 1025 3943 eampo'.
1057 3859 1168 3944 [super]
1200 3879 1291 3940 super
1320 3876 1429 3919 veroa

206 4084 268 4136 Cod.
288 4083 367 4132 Bern.
383 4084 417 4131 lV
436 4081 538 4133 2*—¹l.
592 4088 608 4134 4
629 4084 815 4147 eloqnutionem
835 4099 883 4133 xmo
901 4085 1045 4150 composuit
1096 4083 1283 4131 5eoutrarium
1303 4079 1372 4130 felici
1392 4081 1429 4127 iu·

136 4154 240 4202 felicem
294 4153 391 4203 ostiae
439 4154 502 4203 aliut
554 4155 640 4218 faut]
661 4165 744 4203 cirtem
797 4153 830 4204 10
847 4154 966 4203 eduilius
1017 4162 1078 4218 aput
1097 4152 1182 4200 uillam
1202 4153 1233 4200 ad
1252 4161 1276 4200 et
1292 4161 1353 4215 aput
1368 4150 1429 4198 dum

135 4226 211 4273 nnius
226 4238 321 4272 causas
338 4225 535 4286 praepositionis
549 4221 631 4285 (corr.
650 4224 704 4284 -esJ
722 4225 771 4272 sint
786 4227 817 4273 ad
839 4225 935 4272 iteralis
953 4233 990 4274 est
1007 4233 1069 4287 aput
1124 4223 1154 4271 1⁴2
1173 4222 1362 4272 comtemnerint

136 4290 280 4360 Vergilius]
301 4292 447 4342 ueroillins
518 4294 550 4345 13
564 4294 656 4358 suplex
709 4303 770 4358 oput
842 4294 873 4342 lt
888 4303 949 4357 aput
1021 4291 1053 4342 18
1072 4291 1227 4357 uolumptete
1297 4289 1430 4340 20utrius

134 4380 211 4414 rusus
285 4363 320 4409 24
342 4361 375 4409 ad
397 4362 514 4428 alterum]
538 4364 679 4412 adulterum
750 4365 784 4415 26
807 4362 1013 4426 compraehensus
1086 4361 1171 4410 loculis
1192 4360 1267 4409 fixerit
1337 4360 1371 4408 ’27
1391 4355 1428 4419 nt]

135 4447 260 4485 estwrr.
281 4434 442 4484 almum
460 4443 499 4482 est
568 4432 602 4483 28
621 4432 761 4500 hae]hace
832 4432 1097 4497 rocompraenenoat
1167 4431 1198 4481 tl
1219 4431 1428 4479 cornuenltcorr.

133 4510 168 4557 al.
187 4502 392 4554 m.eonueoit

205 4733 217 4781 1
243 4728 405 4794 postpositae
427 4728 569 4780 Maelius.
592 4727 718 4776 excidisse
742 4727 865 4791 precedam
882 4727 1012 4789 uidentur,
1037 4725 1125 4791 quibus
1142 4724 1285 4772 occrtratiua
1303 4719 1335 4767 de
1353 4719 1430 4767 collo·

134 4802 235 4850 catione
250 4800 468 4860 praepositivam
485 4798 572 4846 diction
590 4805 647 4847 erat
710 4794 812 4862 2etxm]
837 4799 915 4863 Verg.
936 4797 999 4846 Aen.
1020 4796 1082 4846 136
1144 4794 1174 4844 12
1192 4793 1225 4842 ad
1243 4785 1334 4855 quem]-
1350 4789 1428 4854 Verg.

135 4870 200 4919 Aen.
219 4867 285 4918 1⁶4
360 4864 391 4915 13
405 4864 443 4933 hi]
467 4866 724 4931 Ver9,Aen.V481
