3346 5498
702 385 937 449 COMMENTVM
1122 426 1131 438 .
1406 384 1468 448 271

1284 504 1306 546 p.
1320 495 1408 534 oel-bb
1421 493 1444 534 1.

180 577 358 657 praepositio
380 582 433 648 est,
450 556 524 653 'quia
548 591 598 633 vos
619 591 688 652 pars
711 583 754 632 est
776 573 916 633 orationis
932 590 1007 650 quae
1023 590 1124 633 casum
1140 571 1244 633 habet:
1268 575 1354 632 ‘ante
1368 591 1468 634 aman·

179 684 236 739 tem
258 682 346 747 stat’,
369 683 517 736 amantem
539 693 608 753 pars
630 681 676 735 est
697 672 746 735 illa
769 660 912 762 orationis
934 693 1009 754 quae
1037 693 1136 735 casum
1158 673 1256 735 habet.
1301 693 1372 753 crgo
1395 694 1469 755 quo·

174 778 383 857 “caseumque
405 777 598 856 praeponitur
621 778 649 836 ei
671 779 747 856 parti
770 778 910 837 orationis
932 795 1007 856 quae
1029 793 1129 837 casum
1145 773 1243 845 babet,
1266 785 1339 837 ωηο
1353 776 1469 839 videtur

171 881 369 960 praepositio.
414 880 457 939 vis
479 881 579 940 lacere
600 876 681 938 illam
704 877 894 940 adverbium?
930 897 1053 940 necesse
1075 876 1172 939 babet
1186 880 1244 939 ista
1266 897 1335 958 pars
1357 880 1467 940 oratio·

130 984 235 1053 ⁵nis,
264 1000 335 1043 cum
362 982 395 1042 tit
416 979 605 1050 adverbium,
635 979 672 1041 ab
695 982 774 1040 omni
803 998 873 1040 casu
901 979 1053 1041 recedere.
1097 989 1169 1058 puta
1197 989 1266 1040 aute
1288 981 1372 1051 iecit,
1400 987 1468 1042 ante

162 1080 261 1154 dixit,
291 1091 361 1144 ante
383 1084 517 1162 scripsit:
551 1084 602 1162 qui
630 1081 701 1142 dicit
731 1085 816 1144 ‘ante
838 1082 940 1152 iecit'‚
969 1087 1057 1143 ‘ante
1078 1080 1186 1151 dixit',
1214 1080 1300 1142 ‘aute
1321 1083 1439 1163 scripsit
1447 1087 1467 1153 ⁹,

161 1201 232 1251 non
254 1185 287 1247 id
311 1185 372 1263 egit
393 1191 425 1244 ut
446 1191 575 1245 mutaret
597 1167 697 1245 casum
719 1185 962 1264 praepositionis,
990 1183 1042 1245 sed
1071 1194 1104 1244 ut
1125 1184 1243 1263 penitus
1264 1203 1329 1245 eam
1350 1183 1468 1246 casibus

158 1297 352 1351 removeret.
385 1286 548 1347 etidcirco
571 1295 641 1346 tunc
664 1295 710 1347 est
731 1285 914 1347 adverbium.
948 1285 1027 1346 aliud
1049 1293 1095 1346 est
1116 1287 1195 1347 enim
1218 1294 1332 1348 mutare
1353 1305 1466 1355 casum,

157 1389 252 1452 abad
276 1399 322 1450 est
345 1387 462 1449 casibus
484 1406 596 1449 carere.
641 1387 760 1468 quando
790 1388 908 1449 casibus
928 1389 1048 1467 penitus
1070 1395 1167 1458 caret,
1197 1397 1268 1449 tunc
1294 1388 1467 1451 adverbium

105 1495 145 1539 ¹⁰
162 1499 219 1553 ut
240 1508 276 1553 re
298 1508 389 1559 vera;⁴
407 1490 525 1570 quando
547 1498 645 1551 autem
668 1499 763 1552 mutat
783 1509 895 1561 rasum,
917 1509 977 1552 non
993 1497 1038 1551 est
1052 1489 1235 1561 adverbium,
1259 1490 1313 1552 sed
1327 1489 1465 1553 elocutio.

160 1608 245 1670 ergo
266 1592 386 1672 quando
408 1592 475 1653 dico
498 1595 650 1671 ‘tempore
672 1599 766 1673 post’,
790 1612 850 1654 non
872 1593 967 1654 audeo
989 1591 1090 1652 dicere
1111 1600 1181 1673 post
1201 1591 1374 1654 adverbium
1389 1611 1465 1655 esse.

160 1695 283 1775 quare?
313 1712 383 1754 nam
406 1695 460 1754 etsi
483 1696 606 1754 mutavit
627 1712 737 1764 casum,
761 1703 860 1756 umen
883 1694 978 1756 adbuc
1001 1693 1124 1755 alterum
1148 1693 1239 1754 babet
1260 1712 1376 1765 casum;
1405 1713 1466 1757 non

161 1812 257 1859 suum
282 1792 288 1880 Ι
315 1795 435 1874 quidem
458 1794 563 1866 babet,
592 1798 719 1858 alterum
747 1805 855 1859 umen.
901 1797 1019 1878 quando
1048 1805 1146 1857 autem
1170 1795 1237 1857 dico
1260 1802 1345 1877 ‘post
1368 1797 1466 1867 iecit’,
1514 1876 1521 1883 Ι

164 1897 208 1960 da
231 1917 333 1960 omum
356 1898 401 1958 vel
423 1917 529 1969 unum,
560 1898 606 1959 vel
633 1917 719 1961 suum
743 1897 788 1960 vel
811 1900 953 1960 alienum:
987 1899 1073 1980 ‘post
1099 1898 1189 1960 dixit'
1211 1917 1271 1960 uon
1294 1897 1385 1960 babet
1410 1917 1467 1960 nec

103 2003 147 2047 ¹⁸
166 2019 259 2063 suum
281 2018 339 2061 nec
362 2000 502 2061 alienum.
549 2020 620 2080 ergo
643 2003 720 2080 siqui
742 2001 822 2061 dicat
844 2001 928 2082 ‘post
949 2002 1053 2070 lecit',
1081 2006 1166 2080 ‘post
1187 2000 1291 2069 dixit’,
1321 2008 1393 2062 ωηο
1414 2000 1466 2062 ad·

168 2102 274 2164 verbia
295 2102 408 2163 iaciunt
428 2104 502 2164 istae
524 2103 697 2183 particulae,
715 2112 809 2173 ωηο,
838 2102 957 2181 quando
984 2104 1103 2182 penitus
1130 2121 1232 2164 casum
1260 2120 1321 2164 non
1343 2101 1463 2164 babent

170 2203 289 2285 mvando
311 2214 410 2266 autem
432 2208 473 2266 ita
495 2214 627 2267 mutatur
648 2205 697 2266 lvic
719 2223 818 2273 casus,
843 2212 875 2265 ut
897 2191 1035 2266 alienum
1048 2204 1171 2276 lrabeat,
1201 2222 1261 2265 non
1289 2213 1334 2266 est
1361 2205 1465 2267 adver·

170 2304 262 2377 bium,
287 2307 340 2368 sed
361 2309 543 2388 praepositio
566 2316 612 2369 est
634 2327 701 2368 cum
723 2326 793 2368 casu
815 2314 938 2368 mutato.
981 2314 1026 2368 est
1047 2309 1126 2367 enim
1149 2306 1266 2368 licentia
1292 2307 1365 2368 baec
1387 2308 1464 2378 data,

169 2416 202 2469 ut
223 2410 386 2488 postposita
409 2410 588 2489 praepositio
611 2409 716 2490 perdat
737 2428 840 2471 casum
862 2418 892 2470 et
912 2417 1014 2471 mutet

113 2512 158 2561 ἢ
259 2509 365 2571 Omnis
385 2512 565 2592 praepositio
591 2511 668 2572 hanc
696 2510 786 2572 habet
812 2519 963 2582 naturam,
998 2520 1032 2572 ut
1058 2519 1108 2571 aut
1134 2519 1240 2589 augeat
1260 2511 1385 2591 aliquid,
1415 2520 1466 2573 aut
1477 2527 1566 2590 orto

170 2613 285 2674 minuat
305 2610 431 2691 aliquid,
460 2615 563 2674 autin
586 2615 768 2695 contrarium
792 2621 898 2685 vertat,
928 2621 978 2674 aut
1004 2612 1079 2673 nibil
1107 2599 1260 2691 signiticbt
1306 2621 1408 2692 auget,
1439 2616 1464 2675 si

170 2715 252 2777 dicas
274 2714 385 2776 clarus:
409 2732 485 2793 ange
500 2713 581 2785 illud,
605 2716 790 2797 praeclarus;
813 2715 882 2796 plus
897 2717 1042 2795 significat
1055 2714 1241 2797 praeclarum
1266 2733 1335 2777 ecce
1355 2715 1464 2777 adiecit

168 2816 281 2898 aliquid
302 2817 536 2895 significationis.
581 2819 702 2888 minuit,
737 2820 761 2879 si
783 2818 864 2879 dicas
885 2816 971 2879 dolus
992 2816 1149 2878 subdolus:
1192 2835 1261 2878 uam
1282 2819 1314 2879 in
1335 2817 1462 2879 subdolo

171 2920 268 2980 minus
291 2927 344 2985 est
368 2937 456 2999 quam
479 2927 526 2979 est
545 2921 576 2978 in
599 2918 683 2987 doio;
708 2938 778 2981 ecce
794 2921 907 2981 minuit.
939 2929 989 2980 aut
1009 2922 1041 2979 in
1063 2921 1247 2980 contrarium
1262 2920 1343 2980 ducit
1358 2918 1461 3000 [quam

121 3019 240 3100 sessu,
265 3020 371 3082 doctus
392 3021 538 3091 indoctus,
560 3021 629 3081 lelix
653 3021 764 3094 infelix,
788 3041 878 3083 sanus
898 3024 1034 3092 insanus;
1057 3024 1113 3083 ista
1135 3024 1166 3083 in
1188 3023 1374 3084 contrarium
1396 3041 1462 3084 ver·

171 3126 251 3184 tunt*
298 3131 349 3184 aut
376 3132 457 3183 certe
484 3122 558 3183 nibil
586 3125 745 3202 significat,
779 3125 809 3185 id
837 3134 883 3186 est
915 3124 1035 3185 additur
1062 3143 1098 3185 ex
1124 3123 1289 3204 superfluo,
1321 3125 1459 3186 confieri:

172 3225 353 3287 ‘confieri
374 3227 526 3304 possit',
549 3245 605 3305 pro
629 3246 664 3288 oo
687 3226 766 3306 quod
789 3235 834 3288 est
855 3228 934 3295 fieri;
959 3228 1052 3288 ‘iata
1074 3225 1333 3298 renarrabat’,
1356 3244 1462 3288 renar-

171 3326 256 3389 rabat
277 3347 333 3407 pro
357 3346 392 3388 eo
415 3328 494 3408 quod
518 3339 562 3388 est
583 3328 738 3390 narrabat:
761 3329 818 3390 hoc
838 3338 883 3391 est
904 3327 978 3389 nibil
999 3328 1151 3405 significat.
1190 3345 1262 3407 ergo
1283 3327 1460 3409 plerumque

170 3431 405 3510 praepositiones
427 3439 545 3508 augent,
568 3439 600 3491 ut
621 3430 809 3510 praeclarus;
833 3433 978 3499 minuunt,
1001 3437 1034 3489 ut
1054 3428 1209 3500 subdolus;
1232 3433 1263 3491 in
1278 3433 1460 3494 contrarium

136 3538 297 3601 avertunt,
320 3540 353 3591 ut
375 3535 503 3593 insanus.
548 3532 622 3592 nibil
643 3534 817 3611 significant,
840 3541 873 3593 ut
894 3533 1026 3593 confieri.
1291 3603 1296 3613 ,

254 3633 359 3694 Omnis
380 3643 536 3713 praeterea
557 3636 739 3714 praepositio
754 3634 831 3695 hanc
845 3633 935 3696 habet
952 3636 1021 3704 vim,
1042 3642 1076 3694 ut
1090 3642 1141 3695 aut
1154 3635 1274 3696 casibus
1287 3637 1396 3696 serviat
1411 3644 1461 3697 aut
1471 3650 1560 3715 etna

170 3734 316 3814 loquellis.
339 3735 456 3797 casibus
470 3739 605 3797 serviunt
615 3739 851 3817 praepositiones
865 3755 941 3816 quae
955 3739 1040 3816 iungi
1056 3745 1179 3818 possunt
1194 3745 1224 3798 et
1234 3739 1401 3818 segregari;
1416 3737 1460 3798 lo·

168 3837 276 3916 puellis
299 3840 435 3899 serviunt
450 3858 526 3918 quae
541 3857 600 3900 non
616 3847 739 3918 possunt
753 3840 914 3918 segregari.
943 3838 1063 3901 casibus
1078 3841 1212 3901 serviunt
1225 3841 1460 3920 praepositiones

168 3958 244 4019 quae
267 3949 297 4000 et
319 3939 481 4001 cohaerere
503 3950 626 4020 possunt
641 3941 676 4002 ad
698 3960 788 4002 unam
809 3950 924 4021 partem
945 3941 1088 4003 orationis
1103 3950 1133 4003 et
1147 3960 1207 4003 nou
1229 3942 1405 4014 cohaerere,
1428 3950 1461 4004 ut

134 4051 240 4121 reputa
255 4043 341 4122 ‘prae
357 4041 459 4103 dolore
475 4043 554 4103 leci'.
585 4046 641 4105 ista
657 4043 783 4106 casualis
799 4053 852 4114 est,
867 4045 946 4124 quia,
963 4046 989 4105 si
1003 4042 1078 4114 volo,
1095 4045 1172 4105 lacio
1192 4043 1272 4106 illam
1286 4063 1376 4107 unam
1390 4063 1476 4126 par-·

167 4150 237 4214 tem,
261 4143 417 4224 praetulit;
441 4163 511 4206 ecce
534 4146 623 4206 modo
645 4147 720 4207 duae
742 4154 812 4208 sunt
832 4154 941 4227 partes,
964 4146 1016 4207 sed
1037 4148 1112 4208 istae
1133 4147 1208 4208 duae
1222 4149 1254 4208 in
1268 4167 1357 4209 unam
1380 4150 1459 4209 coie-

167 4254 246 4308 runt
293 4264 365 4324 ergo
386 4266 458 4326 prae
480 4246 529 4308 illa
551 4249 746 4329 praepositio,
777 4268 853 4329 quae
881 4255 910 4310 et
936 4249 1019 4327 iungi
1047 4256 1145 4327 potest
1172 4257 1202 4310 et
1228 4252 1379 4329 segregari
1405 4268 1459 4330 po-

103 4390 106 4397 .
168 4356 239 4419 test,
272 4347 400 4409 casualis
429 4357 482 4411 est.
528 4352 553 4410 si
575 4357 672 4411 anum
694 4352 778 4430 iungi
805 4359 920 4413 tantum
948 4352 1053 4430 possit,
1087 4369 1143 4412 nec
1174 4355 1267 4431 possit
1296 4352 1458 4431 segregari,

236 4590 253 4638 4
271 4590 313 4638 uis
331 4587 397 4638 iacio
412 4588 495 4639 ABG
545 4588 617 4652 oqui
634 4587 707 4655 dicit]
726 4590 788 4654 quid
802 4598 886 4640 autem
905 4591 940 4640 C:
955 4590 998 4652 qui
1017 4589 1124 4640 dicit-
1136 4590 1238 4656 scripsit
1255 4605 1300 4642 om.
1312 4588 1348 4650 A,
1364 4588 1426 4639 aad.
1440 4606 1458 4640 o

236 4658 268 4710 13
288 4659 390 4722 quidem
409 4658 485 4726 babet
504 4658 570 4708 Bac
587 4659 690 4720 quidem
708 4660 802 4710 habent
815 4660 868 4710 AG
937 4659 970 4712 18
988 4658 1094 4726 mutato]
1114 4669 1209 4710 mutata
1226 4659 1278 4710 Bc
1294 4668 1374 4710 mutat
1386 4674 1456 4709 corr.

165 4729 303 4779 motataA
374 4729 407 4779 24
426 4744 502 4791 qvvum
523 4738 561 4778 est
581 4729 665 4782 cmc
733 4732 767 4781 27
785 4729 889 4780 conberi
908 4726 999 4795 possit]
1026 4731 1104 4796 Verp.
1124 4732 1191 4783 Aen.
1212 4731 1257 4780 1111
1273 4729 1323 4783 llo
1392 4727 1455 4793 fatal

168 4801 249 4864 Verp.
269 4799 336 4849 Aen.
355 4799 388 4849 111
407 4799 457 4850 717
532 4799 565 4848 28
584 4800 631 4849 boc
651 4799 714 4849 nibil
732 4800 860 4866 significat
878 4799 961 4850 ABG
1012 4798 1048 4850 36
1065 4802 1179 4852 coiernut
1196 4799 1241 4853 A?
1257 4800 1409 4849 cobeseruut
1422 4801 1456 4851 a*

164 4868 299 4920 subierunt
316 4868 367 4918 BC
