3346 5498
680 374 914 436 conditurum
1381 375 1443 438 217
1470 391 1472 394 ’

1260 496 1281 536 p.
1295 485 1383 526 ili—il
1397 483 1419 523 1.

155 579 211 640 per
234 561 350 630 modos,
380 580 439 622 nun
469 568 515 621 est
543 560 662 636 modus,
687 560 739 621 sed
762 561 884 622 verbum
909 571 961 622 est.
1007 562 1055 623 bic
1077 571 1175 624 autem
1206 563 1311 624 modus
1333 565 1393 625 exit
1413 564 1443 624 in

156 673 218 726 tres
240 662 382 743 syllabas,
405 664 435 723 in
459 665 573 733 tur,.iu
596 665 632 732 it,
656 664 685 722 in
710 669 753 723 et:
776 664 806 723 iu
829 672 887 733 tur,
911 663 1019 743 legitur
1041 664 1191 735 scribitur,
1214 666 1244 725 in
1267 665 1303 735 it,
1328 667 1443 726 contin·

104 790 106 795 ’
155 767 211 846 git,
236 768 266 826 in
289 773 327 835 et,
351 765 453 845 pudet.
484 765 536 827 sed
559 766 685 846 quaein
709 773 756 826 tur
779 775 808 828 et
830 767 861 826 in
882 768 906 827 it
929 775 1036 828 exeunt
1058 765 1095 827 ab
1117 766 1274 828 indicativo
1297 768 1443 836 oriuntur,

155 875 190 929 ut
211 865 278 946 lego
299 866 423 946 legitur,
446 869 586 946 contingo
608 868 760 946 contingit.
805 868 871 946 lego
893 868 1068 930 indicativus
1091 878 1149 939 est,
1173 871 1312 946 contingo
1334 868 1445 930 indica·

129 970 231 1030 stivus
262 976 323 1037 est;
353 968 422 1029 inde
450 970 584 1032 nascitur
611 969 719 1048 legitur
748 976 777 1032 et
806 973 958 1050 contingit.
1002 990 1078 1051 quae
1105 973 1136 1032 in
1165 979 1194 1032 et
1222 977 1344 1040 exeunt,
1374 970 1446 1031 duas

156 1071 269 1133 babent
288 1072 537 1150 significationes;
566 1070 724 1150 aliquando
752 1092 769 1133 a
797 1091 830 1133 se
853 1073 1005 1142 oriuntur,
1029 1072 1186 1150 aliquando
1209 1073 1246 1134 ab
1268 1072 1334 1133 aliis
1356 1073 1445 1150 origi·

156 1192 224 1235 uem
253 1173 377 1234 ducunt.
421 1193 437 1233 a
464 1191 497 1233 se
525 1175 674 1249 oriuntur,
705 1176 731 1234 si
759 1174 839 1237 dicas
865 1174 958 1255 pudet
985 1176 1097 1236 taedet:
1133 1194 1221 1236 nemo
1250 1174 1321 1235 dicit
1347 1174 1446 1254 pudeo

157 1276 278 1344 taedeo;
309 1293 381 1354 ergo
403 1275 484 1336 vides
506 1294 522 1337 a
545 1295 578 1336 se
601 1278 692 1337 nasci.
738 1274 911 1357 [aliquando
933 1296 949 1338 a
972 1295 1005 1338 se
1031 1275 1180 1357 oriuntur]
1209 1276 1366 1357 aliquando
1395 1275 1447 1336 ali·

157 1377 236 1439 unde
258 1380 400 1456 originem
423 1384 557 1439 sumunt:
581 1379 606 1437 si
629 1377 701 1440 velis
722 1378 823 1440 dicere
838 1382 997 1450 misereor,
1022 1398 1091 1441 ecce
1108 1379 1229 1440 verbum
1246 1387 1304 1449 est,
1328 1387 1358 1439 et
1379 1378 1448 1438 lacit

119 1499 145 1538 10
158 1481 228 1542 inde
250 1482 381 1541 miseret.
424 1480 502 1540 scire
524 1479 617 1541 debes
639 1482 779 1560 quoniam
806 1483 845 1542 ita
873 1482 1024 1543 delinitum
1049 1490 1093 1542 est
1114 1483 1144 1542 in
1167 1489 1240 1542 arte.
1285 1489 1314 1542 tu
1337 1488 1446 1548 tamen,

156 1585 182 1644 si
206 1581 332 1644 volueris
359 1583 443 1660 sequi
464 1600 549 1651 vera,
577 1583 706 1662 require.
751 1583 806 1643 ista
835 1582 924 1644 rerba
953 1585 1095 1645 defectiva
1123 1590 1205 1652 sunl;
1235 1582 1288 1643 sed
1311 1582 1549 1663 quoniam437,8

158 1684 346 1754 deiecerunt,
375 1691 557 1765 acceperunt
582 1686 726 1762 imagines
754 1687 980 1764 pronominum,
1009 1693 1041 1747 ut
1069 1684 1150 1746 illum
1179 1684 1326 1746 delectum
1349 1685 1447 1763 expri-

158 1794 287 1855 merent;
312 1792 443 1847 ceterum
467 1784 555 1846 verba
577 1792 646 1847 sunt
668 1787 823 1849 delectiva.
866 1789 909 1847 vis
931 1788 1008 1848 scire
1031 1789 1171 1865 quoniam
1195 1786 1283 1848 verba
1306 1793 1375 1847 suut
1397 1784 1447 1846 de·

160 1890 283 1951 tecuvat
311 1890 388 1967 finge
415 1887 654 1958 similitudinem,
684 1896 713 1948 et
739 1889 871 1949 invenies
904 1890 1002 1951 omnia
1031 1888 1119 1950 rerba
1146 1887 1346 1969 inpersonalia
1374 1906 1449 1968 quae

94 1986 188 2052 'isin
217 2000 245 2052 et
274 1998 383 2051 exeunt
410 1988 489 2071 quod
517 2009 533 2051 a
562 1990 691 2052 secunda
726 1992 932 2070 coniugatione
965 1994 1095 2053 veniunt.
1141 1999 1210 2072 puta
1241 1991 1333 2052 doceo
1361 1990 1450 2051 doces

159 2093 260 2163 docet,
290 2093 379 2153 sedeo
407 2093 493 2153 sedes
521 2092 620 2162 sedet;
650 2111 720 2153 ecce
748 2095 777 2153 in
801 2099 831 2152 ει
853 2100 970 2153 esetmt.
1015 2094 1060 2154 lac
1083 2101 1112 2153 et
1134 2092 1207 2153 illud
1230 2092 1321 2172 pudet
1343 2092 1449 2162 taedet,

158 2197 205 2257 iac
231 2195 300 2255 inde
328 2197 453 2275 primam
480 2213 654 2274 personam;
685 2194 850 2264 videamus,
880 2195 906 2254 si
934 2213 993 2255 non
1021 2197 1078 2256 erit
1105 2194 1234 2256 secunda
1264 2191 1448 2277 conliugatio,

158 2296 256 2376 pudeo
279 2296 372 2376 pudes
394 2297 499 2376 pudet,
523 2299 627 2357 taedeo
648 2297 750 2357 laedes
771 2297 878 2357 toedet.
910 2297 1116 2376 sedquoniam
1140 2296 1245 2359 taedeo
1267 2296 1368 2358 taedes
1390 2315 1449 2356 non

158 2400 322 2468 invenitur,
352 2409 557 2460 remanserunt
586 2396 654 2460 illae
682 2400 787 2459 tertiae
814 2417 975 2478 personae,
1004 2407 1035 2459 et
1063 2407 1150 2459 erunt
1177 2398 1265 2460 verba
1294 2399 1448 2459 delectiva.

121 2519 147 2558 ao
160 2519 252 2580 quare
274 2501 331 2560 boc
354 2499 407 2561 tibi
429 2500 507 2561 dixi?
530 2502 667 2579 quoniam
691 2502 757 2581 ipse
772 2501 902 2562 Donatus
923 2502 954 2560 iu
969 2500 1097 2580 quodam
1121 2500 1186 2562 loco
1202 2502 1337 2562 variavit:
1361 2498 1450 2562 modo

160 2602 233 2663 dixit
260 2600 456 2681 inpersnnalia
485 2602 572 2682 plane
600 2621 678 2672 esse;
707 2602 764 2663 alio
792 2603 859 2664 loco
887 2602 972 2664 aliter
1001 2602 1132 2664 delinivit
1158 2611 1187 2664 ει
1210 2604 1284 2663 dixit
1306 2603 1449 2663 defectiva

161 2723 235 2765 esse.
267 2709 298 2763 et
320 2703 378 2764 dixi
403 2705 541 2783 quoniam
564 2704 632 2766 ideo
648 2704 783 2766 addimus
797 2707 982 2784 pronomina,
1008 2713 1040 2766 ut
1061 2705 1207 2765 delectum
1230 2703 1312 2765 illum
1335 2702 1450 2784 inplere

160 2808 314 2886 possimus
361 2808 429 2867 item
460 2806 538 2886 quod
566 2808 595 2867 in
624 2815 672 2868 tur
700 2809 760 2868 exit
781 2806 930 2876 similiter,
953 2807 1036 2886 legor
1058 2806 1166 2886 legeris
1188 2806 1311 2885 iegitur,
1335 2804 1450 2866 scribor

161 2907 301 2969 scriberis
323 2907 473 2969 scribitur.
520 2927 589 2970 ecce
612 2911 697 2970 tertia
726 2929 851 2989 persona
875 2919 920 2970 est
946 2907 1150 2970 declinationis
1172 2909 1320 2988 passivae,
1343 2906 1449 2985 legitur

122 3009 300 3072 asscribitur
322 3028 337 3070 a
361 3029 422 3080 me,
447 3029 462 3071 a
485 3018 529 3080 te,
554 3009 590 3071 ab
613 3010 673 3073 illo.
712 3013 783 3091 ergo
806 2998 1071 3091 quotienscumque
1094 3017 1163 3072 sunt
1185 3010 1328 3071 defectiva
1351 3007 1450 3077 rerba,

161 3112 324 3174 succedunt
344 3113 398 3172 ista
421 3130 508 3172 causa
530 3111 691 3174 brevitatis.

247 3214 298 3275 Est
321 3216 407 3274 etiam
430 3214 554 3291 gerundi
577 3214 684 3277 modus
699 3233 787 3293 quem
811 3215 921 3276 dicunt.
951 3214 1077 3292 gerundi
1092 3213 1213 3275 modum
1229 3213 1330 3274 dicunt
1350 3215 1449 3281 istum,
1463 3232 1523 3292 412,
1538 3232 1569 3281 tt

161 3318 278 3396 legendi
301 3315 426 3395 legendo
449 3315 605 3395 legendum
629 3317 737 3382 lectum
760 3316 849 3378 lectu.
878 3315 1014 3397 plerique
1029 3315 1133 3377 dicunt
1147 3333 1211 3397 ¹rum
1234 3314 1353 3376 modum
1377 3333 1450 3385 esse,
1464 3301 1522 3361 504,
1536 3303 1570 3350 ³⁰

162 3419 212 3481 sed
235 3420 389 3499 participia
412 3417 566 3479 declinata.
611 3421 832 3504 participiorum
856 3418 1069 3479 declinationes
1091 3419 1203 3478 scimus
1225 3419 1264 3478 ita
1288 3436 1365 3478 esse:
1402 3425 1453 3477 aut

123 3523 292 3583 soluturum
326 3529 371 3582 est
402 3522 590 3600 participium
623 3541 639 3581 a
672 3517 788 3602 passivo
821 3526 870 3581 aut
897 3521 1105 3601 praeteritum,
1136 3521 1269 3582 luturum
1298 3518 1451 3598 legendus,

163 3625 353 3704 praeteritum
376 3623 479 3684 lectus
517 3622 631 3683 declina
653 3625 708 3684 ista
730 3624 900 3703 participia,
924 3631 954 3683 et
972 3623 1114 3683 invenies.
1144 3621 1275 3682 loturum
1298 3620 1451 3699 legendus,

163 3727 341 3787 nominativo
363 3725 412 3784 bic
435 3724 590 3804 legendus,
614 3727 748 3805 genetivo
771 3726 859 3787 buius
881 3725 1014 3804 legendi,
1038 3724 1135 3786 dativo
1156 3723 1225 3784 huic
1247 3722 1381 3802 legendo,
1404 3743 1452 3785 ac·

163 3830 293 3889 cusativo
316 3827 396 3889 bunc
418 3825 584 3905 legendum.
621 3827 735 3890 declina
759 3829 960 3908 praeteritum.
999 3827 1047 3887 bic
1069 3825 1162 3887 lectus
1184 3824 1271 3886 buius
1293 3824 1361 3886 lecti
1383 3825 1453 3886 buic

162 3930 238 3992 lecto
266 3930 346 3990 bunc
373 3929 490 3990 lectum.
537 3948 571 3989 ex
601 3929 696 4010 aliqua
725 3937 807 4010 parte
830 3928 1034 3990 declinationis
1055 3929 1207 4009 praeteriti
1230 3927 1392 4007 participii,
1417 3947 1451 3989 ex

124 4031 257 4113 aealiqua
286 4041 371 4112 parte
395 4030 398 4111 l
423 4028 628 4093 declinationis
656 4032 747 4092 luturi
775 4033 921 4111 participii
949 4033 1085 4093 lecerunt
1111 4029 1190 4091 bunc
1218 4029 1353 4099 modum,
1382 4036 1453 4109 puta

163 4133 280 4213 legendi
302 4132 427 4212 legendo
451 4133 607 4210 legendum
631 4132 755 4204 lectum,
780 4141 812 4194 ut
834 4133 967 4194 videatur
989 4152 1048 4195 non
1071 4132 1178 4193 modus
1200 4150 1279 4202 esse,
1309 4130 1360 4192 sed
1383 4151 1451 4212 par·
1543 4153 1545 4156 ⁴

164 4238 260 4316 ticipia
284 4235 373 4296 simul
396 4235 548 4298 declinata.
587 4236 687 4297 lutura
710 4242 739 4297 et
760 4236 920 4316 praeterita
944 4235 1018 4296 baec
1040 4234 1155 4304 dicunt,
1178 4234 1230 4295 sed
1253 4253 1313 4295 uon
1336 4241 1383 4295 est
1405 4254 1452 4294 re-

231 4372 325 4439 llego
345 4373 436 4438 legitur
455 4383 479 4422 et
499 4375 523 4422 in
543 4373 562 4420 it
583 4373 716 4438 (contingo
734 4373 795 4422 odd.
815 4389 845 4435 a,
864 4373 912 4423 aed
925 4380 1015 4435 postea
1037 4373 1143 4422 deletum
1161 4372 1210 4431 est)
1230 4372 1353 4437 contingit
1371 4370 1455 4421 Aac

231 4444 364 4493 8alinnde
383 4445 505 4507 originem
525 4452 628 4493 sumunt
646 4442 686 4492 Gn
704 4441 812 4492 aliorum
832 4443 954 4507 originem
973 4450 1075 4491 sumunt
1093 4441 1117 4489 Α
1137 4441 1240 4491 aliunde
1261 4443 1384 4506 originem
1406 4441 1452 4489 du·

165 4513 265 4563 euntB
337 4514 365 4564 ll
389 4528 570 4576 ueresequere
590 4512 673 4562 Aac
724 4514 771 4562 ista
790 4512 846 4562 AB
862 4512 909 4561 sed
927 4512 975 4561 ista
994 4512 1033 4563 Cb
1087 4510 1455 4560 uerbadel‘ectiuasuntBC

164 4584 364 4633 deiectiuasunt
385 4583 501 4632 uerboA
572 4583 604 4633 12
623 4583 692 4631 illum
707 4582 746 4633 Cb
764 4581 827 4631 illud
846 4581 901 4631 AB
970 4583 1003 4633 14
1021 4582 1135 4630 invenies
1153 4580 1453 4631 Lindemannueinuenis

165 4655 219 4704 AB
237 4653 363 4703 inueniG
433 4654 465 4703 18
483 4654 571 4702 taedeo
590 4652 677 4701 taedes
696 4653 780 4702 taedet
797 4667 843 4704 om.
864 4650 947 4702 ABG
1014 4652 1046 4702 21
1068 4647 1153 4716 plane]
1175 4650 1287 4717 plenuO
1354 4650 1452 4698 wde-

165 4724 285 4773 leetiuum
299 4723 362 4771 illud
380 4723 464 4773 Aac
518 4724 553 4772 ‘23
570 4723 699 4787 possimus
717 4722 764 4772 aa
782 4736 916 4787 possemus
934 4721 1004 4772 Ado
1069 4723 1102 4770 27
1122 4729 1160 4769 est
1178 4720 1252 4769 etiem
1271 4720 1377 4786 gerundi
1393 4718 1453 4785 (ge-

166 4794 233 4842 rendi
256 4792 319 4856 Bc)
337 4795 405 4844 modi
423 4792 491 4855 quod
512 4793 599 4841 dicunt
617 4792 758 4858 gerundum
779 4792 929 4857 (gerendum
948 4792 1013 4854 Bc)
1031 4792 1133 4841 modum
1150 4789 1236 4839 ABG
1306 4789 1341 4840 ab
1361 4790 1452 4839 lectum

166 4863 228 4913 lectu
246 4863 272 4916 B
344 4863 479 4913 ariniara
500 4892 531 4899 -
550 4863 610 4924 218,
629 4862 642 4913 1
661 4862 786 4913 declinata
803 4878 849 4915 om,
864 4861 900 4928 A,
915 4862 977 4912 add.
993 4878 1011 4911 a
1080 4857 1154 4926 baec]
1175 4859 1223 4910 boc
1241 4860 1315 4910 acu
