3346 5498
474 361 672 423 EXCERPTA
697 361 898 424 uouiuusm
920 359 1058 423 ‹tl—43
1352 365 1414 428 653

1225 485 1246 526 p.
1262 475 1306 514 lu.
1324 474 1350 514 75
1363 473 1391 514 V.

125 556 266 615 discretio
289 561 335 613 est
357 555 436 612 inter
459 553 611 632 deponens
625 560 712 632 atque
729 571 902 621 commune,
926 552 1003 631 quod
1020 553 1172 632 deponens
1188 554 1308 634 quidem
1324 556 1413 617 alter·

126 667 236 725 utram,
260 674 416 716 commune
440 674 510 714 vero
533 661 689 734 utramque
714 655 961 732 significationem
985 657 1102 734 recipit.
1140 656 1207 715 ideo
1230 659 1319 718 etiam
1342 678 1414 738 qua·

126 767 192 818 tuor
220 766 387 837 temporum
417 759 574 836 participia
602 765 699 826 creat,
736 757 805 817 bina
832 775 867 815 ex
899 763 1023 835 utraque
1051 757 1235 835 producens;
1263 759 1415 839 deponens

126 880 194 920 vero
217 862 273 920 tria
304 860 541 920 tantummodo:
571 880 637 921 nam
662 869 743 920 earet
765 858 922 938 participio
944 859 1038 918 luturi
1062 861 1204 938 temporis
1227 880 1242 921 a
1265 864 1414 940 signitica-

38 950 40 954 ⁴
98 965 202 1023 stione
225 941 355 1040 passiva,
380 961 504 1041 ideoque
521 964 610 1022 etiam
626 963 778 1042 deponens
794 959 938 1040 appellari
962 979 1020 1020 non
1045 960 1118 1020 nulli
1143 962 1344 1034 crediderunt,
1369 964 1414 1025 rel

123 1063 201 1143 ‹puod
225 1082 315 1123 unum
337 1081 373 1122 ex
396 1066 579 1143 participiis,
608 1064 652 1124 vel
681 1064 759 1144 quod
782 1063 906 1123 alteram
928 1081 962 1122 er
985 1063 1253 1140 significationibus
1275 1065 1412 1144 deponat

124 1165 213 1226 multa
236 1165 283 1224 his
305 1165 416 1225 similia
439 1166 516 1244 apud
540 1166 668 1226 Graecos
690 1168 778 1227 etiam
802 1166 1009 1244 reperiuntur:
1039 1183 1072 1224 ac
1101 1166 1198 1242 primo
1228 1170 1358 1237 neutris,
1383 1175 1414 1228 ut

124 1274 191 1327 sunt
215 1265 278 1336 illa,
303 1267 345 1341 ζῶ
368 1263 503 1327 πλοντώ
524 1260 665 1347 ὑπάρχω
688 1263 829 1347 ἑορτάζω
850 1262 955 1344 τρέχω
981 1257 1106 1342 decerni
1129 1266 1301 1344 περιπατῶ
1322 1269 1413 1330 νοσῶ

123 1363 319 1448 ὀφθαλμιώς
344 1368 413 1428 dein
437 1369 671 1448 deponentibus,
695 1378 728 1429 ut
744 1376 812 1430 sunt
828 1368 889 1436 illa,
906 1363 1052 1447 κήδομαί
1063 1380 1139 1446 σου,
1163 1366 1324 1450 φείδομαί
1337 1383 1412 1449 σου,

86 1491 109 1526 ιι
124 1464 322 1549 ἐπιμέλομαί
341 1482 415 1547 σον,
439 1466 622 1550 λππάζομαί
641 1485 705 1548 σοι,
727 1465 877 1550 μάχομαί
888 1481 952 1545 σοι,
976 1464 1174 1549 ὃιαλέγομαί
1186 1484 1250 1549 σοι,
1275 1465 1418 1552 εὔχομαί

125 1585 194 1647 σοι,
219 1568 223 1651 Ι
247 1564 373 1649 ἄγαμαί
395 1584 448 1644 σε,
473 1566 718 1652 περιβλέπομαί
736 1586 790 1645 σε;
820 1571 872 1631 sed
901 1588 957 1632 nec
979 1572 1187 1631 communibus
1209 1573 1315 1633 desunt
1337 1592 1413 1654 quae

123 1674 329 1742 conferantur,
355 1680 387 1731 ut
408 1682 478 1733 sunt
500 1673 564 1741 illa,
587 1669 746 1753 βιάζομαί
768 1686 804 1733 σε
828 1669 884 1733 καὶ
906 1668 1059 1751 βιάζομαι
1081 1660 1149 1733 ὑπὸ
1173 1675 1257 1752 σοῦ,
1285 1667 1412 1753 ἄνδρα-

123 1771 301 1853 ποδίζομαί
325 1787 363 1834 σε
392 1770 448 1834 καὶ
476 1767 760 1856 ἀνδραποδίζομαι
787 1767 853 1835 ὑπὸ
878 1772 957 1852 σοῦ,
986 1793 1061 1854 quae
1089 1777 1177 1835 etiam
1200 1770 1286 1855 μέσα
1309 1796 1411 1839 vocare

123 1885 314 1938 consuerunt.
359 1877 415 1938 hoc
443 1880 533 1938 ctiam
560 1880 591 1937 in
614 1878 774 1939 verborum
797 1876 959 1956 generibus
981 1876 1197 1944 adnotandum,
1221 1879 1299 1957 quod
1321 1899 1411 1960 quae·

86 1981 189 2040 radam
218 1978 307 2039 verba
336 1979 423 2040 modo
451 1981 536 2059 quasi
565 1988 685 2049 neutra,
717 1980 803 2040 modo
831 1981 915 2058 quasi
940 1978 1118 2057 deponentia
1140 1980 1348 2057 proferuntur,
1379 1989 1412 2040 ut

124 2082 188 2142 lavo
217 2080 298 2141 lavor
327 2080 381 2139 sub
411 2099 468 2140 una
500 2081 662 2161 eademque
691 2082 906 2160 significatione
936 2080 1076 2140 dicuntur
1105 2074 1160 2140 ἐπὶ
1186 2075 1248 2141 τοῦ
1269 2078 1412 2162 λούομαι

122 2174 178 2242 dcci
193 2179 255 2242 τοῦ
268 2179 391 2261 μικροῦ
411 2179 507 2260 βῆτα,
530 2182 596 2242 lavo
619 2184 713 2252 lavas,
738 2182 816 2244 lavor
838 2182 962 2249 lavaris,
992 2182 1069 2243 unde
1092 2184 1166 2242 liunt
1187 2184 1320 2262 perlecta
1344 2177 1410 2245 ἀπὸ

122 2283 182 2343 τοῦ
203 2284 268 2344 iaro
289 2283 361 2351 lavi,
386 2275 451 2342 ἀπὸ
473 2283 534 2342 τοῦ
557 2283 637 2344 lavor
660 2284 773 2346 lavatus
789 2304 852 2345 sum
869 2293 899 2344 et
922 2303 957 2344 ex
980 2283 1036 2343 hoc
1058 2284 1156 2345 lautus
1178 2303 1242 2344 sum
1266 2294 1297 2346 et
1319 2306 1356 2347 au
1379 2290 1410 2347 in

122 2405 303 2446 econverso
325 2383 403 2444 lotus
426 2403 507 2454 sum;
537 2392 567 2444 et
592 2384 659 2444 labo
682 2385 765 2445 labor
788 2387 891 2446 itidem
915 2384 971 2444 sub
996 2404 1052 2445 una
1075 2385 1237 2465 eademque
1260 2389 1409 2466 significa·

85 2492 203 2549 notione
233 2482 288 2548 ἐπὶ
314 2483 376 2546 τοῦ
403 2480 604 2555 ὀλισθαίνω,
632 2485 755 2548 ‘labat
783 2489 905 2547 ariete
934 2486 1074 2546 crebro
1102 2489 1230 2548 ianua'
1260 2496 1290 2547 et
1319 2489 1410 2550 ‘levi

122 2609 200 2650 rum
233 2591 415 2666 sanguine
439 2588 550 2648 Nisus
577 2588 722 2649 lahitur
751 2588 920 2653 inlelix':
950 2597 980 2648 et
1007 2587 1123 2648 fabrico
1146 2595 1176 2647 et
1198 2587 1330 2649 labricor
1353 2586 1411 2650 ἐπὶ

122 2692 181 2752 τοῦ
204 2685 385 2769 οἰκοδομῶ,
409 2698 438 2749 et
462 2697 546 2749 ructo
569 2698 600 2749 et
622 2683 723 2750 ructor
745 2682 783 2750 τὸ
807 2685 996 2770 ἑρεύγομαι.
1037 2689 1115 2768 quod
1139 2691 1236 2769 ipsum
1259 2691 1408 2751 etiamne

122 2796 226 2854 Graeci
249 2793 369 2872 quidem
392 2794 542 2870 ignorant:
567 2811 634 2852 nam
658 2793 726 2851 inde
750 2799 819 2851 sunt
840 2791 906 2859 illa,
930 2787 1137 2870 βουλεύομαι
1158 2787 1323 2871 βουλεύω,
1347 2810 1409 2852 no

123 2890 290 2974 λιτεύομαι
311 2888 478 2954 erodendo
502 2900 532 2952 et
554 2894 601 2954 his
623 2893 742 2953 similia.

83 3066 109 3104 ss
622 3076 669 3121 nn
693 3074 899 3121 orrucrrvrs

194 3183 280 3244 ‘Sunt
302 3182 447 3262 quaedam
470 3183 500 3240 in
524 3180 721 3241 declinatione
737 3180 897 3240 verborum
912 3200 985 3260 quae
1009 3182 1146 3261 plurimis
1162 3182 1301 3244 deficiant
1323 3203 1405 3245 more
1420 3173 1479 3230 628,
1492 3175 1524 3222 ⁹¹¹

122 3287 317 3352 Graecorum,
347 3285 425 3363 apud
454 3302 528 3364 quos
556 3282 653 3342 trihus
682 3283 778 3343 modis
800 3282 957 3352 deliciunt,
986 3292 1036 3343 aut
1058 3303 1113 3363 per
1136 3287 1406 3348 inconvenientiam
1419 3241 1477 3302 633,
1492 3244 1524 3291 ³¹

121 3388 303 3454 litterarum,
333 3394 384 3445 aut
412 3384 467 3460 ulii¹
492 3378 699 3464 πεποιημένη
722 3379 811 3458 λέξις
832 3392 891 3452 est,
916 3392 967 3444 ant
988 3403 1043 3445 usu
1066 3393 1095 3445 et
1118 3387 1333 3448 consuetudine
1356 3387 1406 3446 de·

122 3491 257 3549 sistente.
289 3506 342 3565 per
365 3488 481 3547 litteras
503 3503 562 3545 non
584 3485 660 3546 bene
683 3487 739 3546 sihi
764 3486 974 3553 cohaerentes,
999 3494 1031 3545 ut
1053 3505 1213 3567 νενεμκιιε
1238 3489 1305 3550 ideo
1327 3491 1406 3550 enim

82 3605 108 3644 ao
122 3588 325 3651 intercedente
347 3609 368 3667 η
391 3590 423 3649 lit
444 3582 628 3666 νενέμηιια,
653 3596 683 3648 et
706 3607 764 3648 non
787 3583 946 3667 ἐνεμθην,
969 3588 1020 3647 sed
1045 3581 1226 3669 ἐνεμήθην,
1250 3609 1305 3653 nec
1326 3610 1406 3672 νεμ-

120 3695 285 3770 θησομαι,
313 3690 365 3751 sed
394 3685 639 3769 νεμηθήσομαι.
685 3710 739 3770 per
767 3685 996 3768 πεποιημένην
1023 3683 1114 3762 λέξιν
1143 3692 1173 3750 in
1202 3691 1249 3753 his
1271 3710 1346 3772 quae
1369 3694 1405 3754 ad

121 3792 347 3871 exprimendum
362 3791 488 3852 alicuius
503 3794 547 3852 rei
564 3810 669 3853 sonum
684 3794 807 3853 conficta
824 3799 907 3858 sunt,
933 3800 965 3851 ut
980 3787 1070 3869 λίγξε
1085 3788 1174 3870 βίος,
1191 3792 1258 3869 otia
1273 3787 1406 3873 ὀφθαλ-

120 3890 194 3974 poc:
225 3894 297 3953 haec
326 3896 406 3954 euim
436 3894 563 3954 ulterius
592 3912 651 3953 non
675 3894 883 3962 inflectuntur,
907 3893 958 3951 sed
982 3892 1028 3953 his
1050 3899 1165 3954 tantum
1187 3894 1308 3955 vocibus
1329 3914 1405 3975 quae

120 3995 211 4057 semel
240 3995 337 4055 dictae
361 4004 429 4055 sunt
459 4003 633 4075 permanent
661 3996 727 4056 lura.
773 4013 920 4075 perusus
949 3996 1100 4055 raritatem
1123 3996 1169 4057 vel
1191 3997 1404 4058 consuetudine

82 4099 300 4165 todesistente,
332 4105 365 4156 ut
393 4097 441 4158 illa
470 4115 546 4176 quae
574 4099 604 4156 in
633 4115 681 4155 νω
711 4105 833 4166 exeunt,
868 4090 1029 4156 λανθάνω
1060 4090 1196 4157 doddoni
1228 4094 1404 4178 μανθάνω,

187 4316 576 4380 2utrumqueeigniticetionem
591 4316 723 4381 recepitB
781 4317 924 4382 iprimum
936 4331 1005 4367 corr.
1018 4314 1138 4381 primoB
1197 4315 1404 4383 Ιθνππαζομαι

120 4401 171 4438 σον
183 4400 311 4452 μαχομαι
324 4398 376 4436 σον
389 4383 561 4451 διαλεγομαι
573 4398 625 4435 σον
638 4399 757 4449 ενχομαι
769 4398 821 4434 σον
833 4384 858 4434 Β
923 4386 953 4433 11
968 4383 1014 4433 sed
1026 4384 1201 4433 communibus
1213 4383 1239 4433 B
1251 4399 1297 4433 neo
1308 4386 1348 4435 oet
1359 4385 1404 4434 sed

120 4471 166 4505 nec
179 4454 356 4503 communibus
375 4453 456 4503 Ianne
525 4455 556 4503 13
568 4467 624 4503 νπο
636 4466 682 4503 σοι
692 4453 838 4518 posteriore
856 4456 911 4503 loeo
925 4450 950 4500 B
1019 4453 1050 4501 l'i
1068 4452 1127 4518 laio
1144 4451 1404 4519 hpasloiporlapnria

119 4520 324 4586 -labolauiB
392 4518 516 4585 tutabat]
533 4521 804 4587 Verp.Aen.llt92.
858 4517 920 4585 levi]
938 4519 1194 4585 Verp.Aen.V328
1262 4521 1294 4568 21
1308 4520 1404 4570 inielex

120 4607 187 4642 corr.
201 4588 328 4640 inseiixB
396 4590 429 4638 26
450 4600 510 4638 sunt
530 4588 654 4652 quaedam
676 4589 810 4638 verborum
831 4590 938 4652 quaein
955 4587 1124 4639 declinatione
1146 4588 1263 4654 plurimis
1284 4587 1405 4639 deficiant

120 4662 227 4708 coniecit
244 4658 329 4708 editor
350 4657 553 4707 Vindobonenoie
620 4658 653 4707 29
667 4665 847 4722 αινενεμηιια
860 4655 886 4705 Β
954 4658 988 4706 30
1000 4665 1025 4704 et
1037 4669 1086 4706 non
1100 4655 1272 4723 νενεμφθην
1283 4656 1330 4705 aed
1344 4671 1403 4707 eve-

120 4726 253 4792 νεμηθην
271 4740 319 4774 nee
339 4739 497 4790 νεμησομαι
520 4725 566 4775 sed
587 4724 788 4790 νεμηθησομαι
803 4724 829 4774 Β
896 4726 927 4776 31
946 4723 979 4773 ad
995 4724 1194 4789 primendumB
1262 4722 1342 4774 3211
1359 4720 1402 4790 ξε]

120 4794 196 4846 Hom.
208 4794 242 4847 11.
256 4795 282 4842 Δ
295 4796 343 4845 tto
411 4792 480 4856 νίζε]
494 4793 571 4844 Hom.
585 4791 633 4847 od.
649 4795 666 4844 1
679 4794 730 4844 ³94
797 4795 829 4843 34
846 4793 929 4842 dictae
945 4803 1007 4842 aunt
1018 4802 1166 4858 permanent
1177 4791 1230 4844 fixa
1241 4792 1322 4843 Ianus
1339 4743 1404 4843 licta

120 4871 159 4910 est
170 4873 318 4927 permanent
329 4861 396 4911 lixae
407 4860 433 4911 B
