3346 5498
676 397 850 460 llllGVLdE
1347 397 1408 462 521

1213 519 1234 560 p.
1248 508 1305 547 rora.
1320 509 1344 546 ιι
1359 507 1380 546 r.

121 587 225 647 obrem
253 605 345 666 quare
374 589 550 666 praesertim
580 589 651 647 item
680 588 810 667 itemque
839 594 972 647 ceterum
999 586 1147 665 alioquin,
1181 587 1341 648 rationales
1369 590 1409 647 ita

121 675 221 752 itaque
250 674 329 732 enim
360 675 512 733 enimvero
540 674 608 751 quia
637 679 819 752 quapropter
847 674 956 751 quippe
984 674 1123 751 quoniam
1150 672 1411 752 quoniamquidem

122 776 193 835 ergo
221 759 313 835 igitur
342 758 409 817 ideo
439 758 552 817 idcirco
575 757 696 817 ,scilicet
722 765 891 836 propterea.
937 776 972 817 ex
999 757 1046 818 his
1074 765 1104 817 et
1132 757 1297 837 copulativa
1319 757 1411 817 multa

121 843 279 920 significat.
324 862 411 922 saepe
441 849 539 903 autem
568 845 675 903 transit
701 844 732 902 in
760 842 882 903 alterius
910 846 1042 920 speciem
1064 845 1233 922 potestatis:
1272 842 1358 902 niodo
1381 844 1411 902 in

96 928 313 1007 xexpletivam,
338 936 369 987 ut

274 1020 309 1072 et
331 1031 424 1092 quae
449 1020 552 1073 tanta
576 1013 650 1071 luit
671 1011 814 1072 llomam
839 1011 910 1072 tibi
933 1030 1042 1073 causa
1065 1012 1234 1074 videndi?

122 1098 209 1158 modo
231 1116 287 1176 pro
309 1097 462 1176 qualitatis
476 1097 523 1157 vel
546 1099 737 1177 quantitatis,
754 1105 786 1157 ut
802 1099 932 1157 ‘timeo
948 1096 1089 1159 Danaos
1112 1105 1148 1157 et
1170 1097 1261 1158 dona
1283 1098 1412 1157 leren-

122 1184 206 1242 tis’:
229 1183 317 1243 niodo
341 1201 393 1262 pro
416 1183 612 1252 disiunctiva,
636 1190 670 1242 ut

474 1275 509 1327 et
531 1269 726 1347 quisquam
749 1285 880 1327 numen
904 1266 1057 1327 lunonis
1079 1267 1210 1328 adorat

85 1376 109 1412 m
273 1360 475 1431 praeterea
498 1360 559 1413 aut
583 1352 738 1432 supplex
762 1355 837 1413 aris
860 1355 1010 1431 inponit
1032 1352 1229 1414 honorem?

123 1437 209 1497 modo
233 1455 286 1516 pro
309 1437 418 1498 causali
442 1440 578 1517 ponitur,
603 1446 635 1497 ut
656 1438 709 1497 ‘et
732 1437 834 1498 clavo
857 1436 972 1498 silvas
994 1456 1020 1498 c.
1037 1457 1062 1498 a.
1079 1443 1130 1498 m.’
1153 1457 1207 1518 pro
1223 1439 1309 1498 ‘nam
1331 1438 1413 1498 claro

123 1543 146 1584 s.
171 1541 196 1582 c.
221 1541 247 1582 a.
271 1524 324 1582 m’
346 1542 365 1577 a
401 1531 431 1582 ut

728 1625 881 1687 quorum
905 1566 1053 1686 iphitus
1075 1625 1163 1667 aevo

273 1694 343 1751 iarn
366 1694 531 1769 gravior,
556 1692 680 1752 Pelias
703 1701 740 1752 et.
761 1693 917 1752 vulnere
941 1692 1072 1751 tardus
1095 1691 1208 1760 Vlixi,

84 1796 176 1856 aspro
199 1778 305 1836 ‘etiarn
334 1777 454 1837 vulnere
483 1777 618 1838 tard'us':
648 1777 734 1837 ruodo
761 1797 816 1856 pro
844 1775 985 1836 advenitio
1011 1777 1156 1855 accipitur
1183 1776 1356 1844 ordinandi,
1379 1785 1412 1837 ut

122 1862 349 1941 ‘corpusque
372 1861 498 1922 lavant
520 1864 702 1939 frigentis
724 1870 761 1921 et
784 1865 954 1938 ungunt’,
979 1880 1033 1940 pro
1056 1861 1162 1921 deinde
1185 1869 1308 1939 ungunt.
1339 1865 1412 1923 item

122 1955 173 2006 aut
195 1948 365 2006 cordunctio
387 1948 477 2008 ruvdta
501 1948 657 2024 significat.
702 1947 788 2006 modo
810 1948 889 2005 enirn
913 1965 966 2025 pro
989 1945 1130 2007 adverbio
1153 1947 1341 2008 discretionis
1364 1966 1411 2008 ae·

122 2034 248 2111 cipitur,
273 2039 305 2090 ut

274 2124 357 2175 ante
382 2115 506 2175 urltevn
529 2119 637 2195 pueri
661 2124 697 2176 et
719 2118 912 2194 primaevo
934 2116 1030 2176 llore
1053 2117 1233 2177 iuventus

84 2224 109 2260 m
274 2208 506 2260 exercentur
529 2203 636 2278 equis
658 2201 914 2279 domitantque
939 2203 973 2260 in
997 2200 1149 2279 pulvere
1174 2221 1308 2262 currus

274 2294 336 2345 aut
359 2289 457 2345 acris
480 2285 638 2345 tendunt
661 2304 770 2345 arcus
794 2294 854 2346 aut.
878 2286 977 2347 lenta
1000 2287 1159 2347 lacertis

274 2371 418 2449 spicula
442 2380 707 2449 contorquent:

124 2455 209 2514 aitardo
233 2474 286 2535 pro
309 2457 452 2533 temporis
474 2456 704 2532 significatione,
729 2463 761 2515 ut

276 2548 337 2598 aut
360 2547 445 2599 ante
469 2558 531 2599 ora
555 2541 661 2600 deum
684 2543 836 2621 pinguis
859 2544 1047 2621 spatiatur
1070 2542 1111 2602 ad
1135 2561 1232 2611 aras,

85 2647 110 2684 aa
125 2625 152 2684 id
177 2632 221 2684 est
245 2643 322 2684 nurro
345 2632 411 2684 ante
435 2644 485 2684 ora
509 2627 597 2685 doum
621 2630 764 2705 spatiatur
787 2627 823 2687 ad
846 2645 928 2695 aras:
951 2629 1024 2687 item

728 2719 789 2771 aut
812 2713 954 2789 agmina
978 2730 1090 2771 curru

275 2797 441 2874 proterit
464 2805 524 2856 aut
547 2805 676 2875 raptas
699 2795 935 2873 fugientibus
958 2798 1101 2873 ingerit
1125 2795 1261 2858 liastas.

208 2881 335 2957 Figurae
359 2883 601 2941 coniunctionum
628 2881 702 2941 duae
725 2890 808 2950 sunt,
837 2881 978 2959 simplex,
1008 2888 1038 2939 ut
1061 2899 1143 2948 narn,
1168 2884 1350 2961 conposita,
1380 2891 1412 2942 ut

125 2985 260 3045 namque.
306 2965 378 3024 ordo
401 2968 646 3025 coniunctionum
669 2968 698 3025 iu
721 2966 776 3024 lroc
799 2973 859 3032 ost,
883 2968 951 3043 quia
976 2972 1025 3023 aut
1047 2967 1265 3044 praepositivae
1289 2969 1411 3026 coniun-

85 3072 110 3109 ιι
124 3053 237 3110 ctiones
260 3059 343 3119 sunt,
367 3059 399 3110 ut
418 3051 421 3103 l
439 3058 467 3110 at
489 3059 548 3117 ast,
573 3059 623 3111 aut
645 3049 864 3117 subiunctivae,
888 3057 998 3127 utque
1021 3058 1135 3117 autem,
1159 3058 1209 3110 aut
1230 3070 1412 3120 communes,

124 3144 154 3195 nt
178 3144 208 3194 et
230 3137 333 3212 igitur.
372 3143 441 3194 sunt
464 3137 552 3194 ctiam
576 3134 722 3194 dictiones
749 3153 822 3213 quas
851 3136 997 3193 incertum
1020 3144 1065 3193 est
1094 3143 1192 3194 utrum
1216 3138 1411 3215 praepositio·

124 3240 175 3279 nes
199 3240 234 3279 an
259 3219 399 3279 adverbia
423 3223 624 3287 nominemus,
648 3237 722 3296 aquae
745 3227 843 3277 tamen
867 3236 969 3277 ornnes
992 3218 1078 3278 iacile
1102 3218 1307 3280 dinoscuntur.
1344 3239 1412 3281 narn

124 3313 153 3363 et
176 3306 400 3364 coniunctiones
427 3323 482 3382 pro
511 3304 578 3363 aliis
607 3302 867 3381 coniunctionibus
898 3305 1012 3382 positae
1047 3306 1239 3365 inveniuntur
1265 3314 1411 3385 potestate

124 3398 244 3450 ruutata.

579 3506 627 3566 111]
650 3504 951 3567 PRAEPOSITIONE

209 3628 318 3683 tiuuaes
341 3627 578 3702 praepositiones
600 3624 740 3685 dicuntur
761 3626 952 3701 generaliter.
987 3629 1104 3706 species
1127 3635 1225 3687 autem
1247 3627 1311 3698 hae,
1335 3627 1411 3688 aliae

125 3711 322 3776 accrrsativac‚
347 3710 419 3771 aliae
443 3709 601 3779 ablativae,
625 3710 698 3770 aliae
722 3712 886 3789 utriusque.
921 3713 1104 3772 accusativae
1127 3730 1181 3790 per
1203 3730 1303 3772 casum
1325 3731 1411 3772 arcu·

194 3914 209 3959 2
228 3914 345 3975 (paconium
365 3928 411 3965 oar.
429 3914 453 3962 F
521 3911 537 3962 3
557 3921 581 3962 et
599 3908 753 3978 copulativa]
773 3915 853 3967 Diom.
866 3929 895 3977 p.
914 3915 974 3979 411,
995 3916 1007 3966 l
1078 3916 1135 3964 din
1153 3914 1280 3980 explana
1301 3924 1327 3964 ιιι
1346 3931 1412 3978 quae

127 3982 162 4031 F:
181 3983 260 4046 Verp.
279 3983 359 4032 bacol.
378 3984 402 4040 l,
421 3982 455 4033 26
541 3983 558 4034 d
578 3983 718 4033 uidendis.
737 3994 755 4037 ι.
776 4000 799 4037 e.
819 4000 845 4037 u.
866 3999 890 4032 u.
911 4000 957 4052 pro
975 3986 1000 4035 F
1014 3984 1119 4035 uidendi
1137 4000 1183 4052 pro
1202 4001 1219 4041 ς
1304 3987 1411 4036 itimeo

125 4053 219 4100 clarnos
241 4061 265 4099 et
285 4054 351 4101 alona
375 4051 485 4101 terentes
505 4055 563 4103 item
588 4063 631 4101 aut
654 4055 795 4103 coniunctio
815 4068 832 4111 ς
854 4055 930 4105 timeo
956 4055 1023 4104 dona
1041 4053 1146 4106 ferentis
1166 4056 1281 4120 proximo
1298 4057 1412 4121 'gemala

124 4123 266 4170 coniunctio
284 4123 322 4173 F.-
339 4123 417 4186 Verp.
437 4122 503 4176 Aen.
516 4124 538 4170 ll
554 4122 596 4174 49.
613 4125 710 4188 reliqua
726 4132 750 4172 et
765 4125 943 4174 coniunctionis
960 4126 1075 4188 exempla
1092 4140 1172 4188 avepra
1185 4141 1213 4189 p.
1228 4124 1288 4188 519,
1302 4124 1336 4175 39
1353 4129 1378 4175 ia
1391 4126 1415 4174 F

123 4195 221 4255 scripta
238 4193 284 4240 dac
301 4194 458 4256 transposuit
474 4192 606 4242 Paracletus
674 4191 733 4242 liet
749 4208 795 4244 om.
816 4194 852 4244 F:
875 4195 953 4259 Verp.
974 4196 1040 4244 Aea.
1060 4193 1123 4245 148
1192 4195 1301 4244 lanionis
1322 4196 1356 4258 F,

124 4264 212 4312 adoret
231 4262 364 4311 Porsenna
448 4262 481 4312 10
496 4272 630 4327 propterea
648 4260 673 4310 F
739 4263 888 4327 imponets·
959 4265 989 4315 11
1009 4275 1033 4314 et
1051 4278 1096 4316 om.
1111 4266 1145 4313 F:
1165 4275 1190 4315 et
1205 4264 1362 4313 claro—a.
1377 4279 1411 4315 m.

125 4340 150 4379 ιιι
168 4349 215 4385 om,
229 4345 259 4387 ς.·
281 4333 359 4396 Verp.
378 4346 466 4396 peorp.
486 4332 496 4380 1
514 4332 574 4384 460.
593 4335 720 4390 lacunam,
736 4349 786 4396 qua
804 4334 870 4382 alias
886 4334 1074 4397 significationis
1091 4335 1202 4398 definitio
1219 4334 1328 4395 excidit,
1347 4334 1411 4382 indi-

124 4402 180 4450 eavi
251 4403 282 4452 12
302 4399 338 4465 ιιι]
365 4401 428 4449 etF
497 4402 529 4452 13
548 4416 654 4465 qnorum
674 4403 783 4467 impetus
804 4405 900 4452 neniam
918 4404 1023 4469 grauior
1041 4404 1129 4468 paleas
1147 4414 1171 4453 et
1191 4403 1294 4452 uulnere
1314 4402 1411 4452 tardius

125 4472 178 4520 uixi
197 4471 233 4522 F:
253 4473 332 4535 Verp.
352 4471 418 4520 Aen.
438 4471 458 4519 lt
478 4471 528 4522 435
599 4470 631 4522 lli
647 4467 800 4537 corpusque]
826 4473 904 4536 Verp,
920 4473 986 4523 Aen.
1005 4473 1038 4522 Vl
1057 4472 1108 4524 219
1177 4473 1412 4538 figmentisetun·

125 4551 206 4606 gamul
227 4556 272 4605 pro
296 4541 354 4589 inde
374 4549 489 4604 unguent
505 4542 530 4589 F
598 4541 629 4591 lv
647 4551 690 4589 aut
708 4539 863 4608 coniunctio]
882 4544 961 4595 Biora.
974 4558 1002 4605 p.
1016 4544 1076 4602 417,
1095 4543 1128 4593 29
1199 4543 1231 4593 19
1248 4550 1307 4590 ante
1324 4541 1408 4591 orben

126 4613 195 4674 pueri
221 4621 245 4659 et
269 4612 350 4675 prima
370 4610 463 4660 euolda
483 4619 509 4659 ιιι
532 4611 596 4659 caris
620 4619 755 4659 accusant
774 4610 841 4660 lenta
860 4614 877 4661 l.
896 4629 918 4662 s.
939 4629 960 4663 c.
977 4621 1002 4661 et
1022 4611 1240 4677 antuersiterga
1258 4610 1410 4662 dedeceant

127 4682 182 4744 ipso
202 4689 272 4745 porte
287 4682 361 4730 llodo
382 4696 427 4746 pro
447 4679 531 4744 tempi·
547 4679 730 4745 significantes.
749 4695 800 4733 um.
819 4680 853 4731 el.
872 4690 916 4730 aut
935 4692 994 4732 ante
1013 4682 1047 4732 F:
1071 4683 1149 4746 Verg.
1168 4681 1234 4731 Aen.
1249 4681 1293 4730 Vll
1313 4680 1362 4732 162

125 4751 158 4797 att
178 4765 223 4813 pro
241 4761 354 4815 tempore
372 4749 498 4814 significat
517 4759 543 4796 ut
563 4760 606 4799 aut
626 4759 683 4799 aute
701 4762 731 4804 5:
755 4752 833 4815 Verg.
853 4751 918 4801 Aen.
939 4752 985 4801 1111
1003 4751 1037 4800 62
1103 4752 1136 4801 ad
1154 4766 1211 4800 aras
1230 4751 1257 4804 d.
1277 4766 1303 4815 p.
1318 4765 1340 4804 s.
1355 4765 1369 4798 a
1385 4767 1409 4804 a.

127 4819 152 4866 id
172 4827 209 4866 est
222 4820 245 4867 F
257 4822 289 4869 ad
308 4836 366 4869 aras
385 4823 509 4869 instaurat
527 4819 601 4868 donis
618 4820 705 4884 epulas
723 4820 748 4869 id
767 4829 805 4869 est
822 4835 839 4876 ς
896 4820 931 4872 211
949 4830 991 4871 aut
1009 4823 1106 4888 agmini
1125 4837 1198 4871 curro
1216 4821 1308 4888 pererit
1320 4831 1363 4870 aut
1375 4819 1412 4874 F,-

132 4890 209 4953 Verp.
228 4890 291 4941 Aea.
312 4889 360 4939 Xll
379 4890 430 4941 329
482 4889 515 4940 35
534 4905 565 4939 nn
585 4904 802 4941 vaavosrrroaraos
820 4891 846 4939 F

177 4977 354 5021 cmuuancr
367 4979 459 5021 mmm
474 4980 502 5025 v.
1168 4975 1211 5040 34
