3346 5498
646 379 717 441 uns
746 362 874 441 'tr—a
1340 375 1405 443 eus

141 494 164 539 p.
176 483 234 528 nro.
249 483 272 525 n
288 483 311 526 a.
1224 500 1246 540 p.
1261 489 1305 530 ne.
1319 491 1342 528 rr
1358 487 1380 528 t.

114 566 309 652 praeteritum
336 565 502 644 perlectum
520 566 648 646 'tempus
675 568 706 627 in
737 569 767 627 ri
795 568 924 637 iaciens,
954 575 988 627 ut
1014 567 1164 646 praedixi,
1187 567 1304 647 quando
1325 568 1403 648 quod

113 685 222 746 graece
252 662 406 746 προλέγω
440 675 600 739 monstrat;
634 668 775 747 praedico
808 675 905 729 autem
939 669 1093 749 praedicas
1122 671 1194 729 item
1228 669 1403 730 brevitatem

113 771 261 850 primitivi
283 787 404 830 servans
426 772 540 848 primae
563 777 624 838 est,
647 773 843 849 praeteritum
859 771 1025 850 perlectum
1042 779 1157 849 tempus
1171 773 1203 830 in
1219 773 1265 832 avi
1282 773 1403 839 iaciens,

114 879 150 934 ut
170 871 355 952 praedicavi,
384 889 451 932 cum
480 872 559 951 quod
586 890 693 950 graece
716 867 876 952 κηρύσσω
901 874 1058 950 significat.
1104 881 1133 932 et
1155 873 1253 933 indico
1275 882 1333 933 tam
1357 874 1403 933 in·

86 963 193 1036 luicis
213 975 300 1052 longa
323 976 332 1033 i
356 973 564 1045 antecedente,
588 982 620 1033 ut
642 974 720 1053 apud
736 974 893 1052 Virgilium
914 973 992 1035 libro
1010 974 1184 1036 {Aeneidos
1205 975 1259 1034 ‘et
1281 973 1402 1034 divum

112 1076 269 1156 templis
292 1075 432 1135 indicit
454 1074 658 1146 honorem',
682 1076 759 1155 apud
783 1076 909 1136 eundem
932 1075 1010 1137 libro
1033 1075 1083 1136 Vll

265 1177 333 1237 hoc
354 1184 390 1237 et
411 1183 485 1236 tum
508 1177 693 1238 Aeneadis
716 1178 890 1239 indicere
914 1177 1013 1239 bella
1036 1178 1204 1249 Latinus,

114 1297 151 1340 ex
173 1298 233 1359 quo
253 1279 418 1357 perlectum
443 1279 537 1340 indixi
559 1281 607 1350 lit,
631 1287 663 1340 ut
677 1279 814 1341 Lucanus
836 1280 914 1341 libro
937 1278 985 1361 lll
1008 1281 1241 1359 ‘indixitque
1265 1283 1403 1350 nelas';

113 1381 358 1462 quamindieas,
382 1388 415 1441 ut
437 1380 517 1461 apud
539 1381 694 1443 Horatium
716 1384 880 1466 carminum
904 1381 982 1443 libro
1005 1381 1017 1442 1

74 1503 102 1544 ιο
468 1501 520 1543 me
542 1483 670 1545 tabula
693 1502 798 1545 sacer

268 1586 392 1644 sotira
414 1587 543 1663 paries
566 1586 712 1647 indicat
733 1586 842 1648 uvida

268 1686 514 1766 suspendisse
537 1690 686 1766 potenti

267 1790 489 1849 vestimenta
511 1790 624 1849 maris
646 1789 726 1859 deo,

116 1899 145 1951 et
169 1890 247 1970 apud
270 1890 408 1952 Ovidimn
432 1892 464 1950 in
487 1889 526 1950 Xl
549 1888 627 1950 libro
649 1891 927 1971 metamorphoseon

75 2011 101 2050 rs
267 1995 387 2052 omnia
409 1994 588 2062 servarit,
611 1992 755 2071 lapidis
777 1993 880 2053 color
901 1993 1047 2054 indicat
1071 1993 1180 2063 illud,

115 2095 194 2176 apud
217 2094 344 2155 eundern
367 2096 399 2154 in
422 2093 472 2154 XV

267 2188 402 2256 e'ornua
424 2195 551 2255 ironte
574 2197 690 2272 gerit,
713 2215 817 2275 quem
841 2196 945 2257 robis
968 2197 1113 2258 indicat
1135 2206 1278 2269 auctor;

115 2318 151 2360 ex
173 2317 232 2378 quo
254 2299 421 2377 perlectum
443 2299 475 2357 lit
498 2297 636 2359 indicavi.
681 2299 756 2359 duco
784 2316 901 2379 quoque
923 2319 943 2359 u
966 2300 1051 2377 longa
1075 2300 1268 2361 antecedente
1292 2309 1350 2360 tam
1373 2303 1403 2360 in

114 2401 244 2481 simplici
271 2417 360 2478 quam
389 2401 418 2458 in
447 2398 584 2461 omnibus
612 2401 879 2480 compositionibus
907 2403 1011 2463 tertiae
1040 2404 1257 2480 coniugationis
1285 2410 1343 2472 est,
1372 2413 1401 2463 ut

74 2521 102 2560 ao
116 2503 232 2565 abduco
248 2501 386 2570 abducis,
411 2501 524 2562 adduco
539 2501 681 2571 adducis,
704 2503 837 2564 subduco
852 2505 1008 2575 subducis,
1033 2504 1141 2564 induco
1156 2505 1287 2574 inducis,
1311 2505 1404 2564 educo

116 2605 234 2674 educis,
260 2603 290 2663 id
313 2612 357 2663 est
381 2603 514 2663 extraho.
558 2606 589 2664 in
614 2624 670 2665 una
693 2613 806 2666 tautum
835 2609 1047 2687 compositione
1071 2606 1165 2668 educo
1186 2625 1206 2665 u
1230 2605 1312 2666 brevi
1335 2625 1402 2685 pro·

112 2709 212 2769 iertur
235 2706 420 2766 differentiae
444 2724 547 2775 causa,
571 2708 742 2784 significans
765 2710 879 2778 nutrio,
903 2716 934 2769 et
948 2716 1010 2769 tum
1026 2708 1121 2769 solum
1144 2711 1258 2787 primae
1270 2714 1319 2768 est
1334 2726 1402 2767 con·

113 2810 290 2887 iugationis‚
314 2817 346 2868 ut
368 2807 446 2886 apud
468 2807 624 2885 Virgilium
648 2811 678 2870 in
701 2809 780 2870 libro
802 2810 829 2871 X

267 2917 446 2990 quattuor
468 2909 528 2969 hic
551 2912 720 2980 iuveneS,
744 2911 901 2972 totidem
924 2930 1014 2991 quos
1036 2911 1168 2971 educat
1189 2908 1311 2972 erns.

76 3031 103 3072 es
118 3023 218 3088 tamen
240 3012 357 3072 videtur
379 3012 473 3072 educo
496 3011 604 3071 eclucas
620 3012 743 3072 verbum
766 3012 974 3074 rationabilius
996 3032 1011 3072 a
1035 3013 1154 3072 nomine
1178 3010 1300 3082 verbali,
1324 3013 1401 3092 quod

115 3123 161 3177 est
183 3114 241 3175 dur
264 3114 364 3184 ducis,
388 3114 553 3174 derivatum
577 3116 641 3173 iure
663 3117 776 3192 primae
793 3134 859 3175 esse
875 3116 1108 3192 coniugationis,
1132 3123 1165 3176 ut
1182 3122 1298 3193 tempus
1312 3116 1401 3175 etiam

115 3219 245 3279 nominis
268 3219 297 3277 in
322 3213 502 3295 paenultima
525 3214 608 3276 verbi
630 3224 778 3276 servatum
800 3217 956 3293 significat.

201 3320 386 3380 consonante
412 3336 530 3397 qnoque
559 3336 742 3397 quacumque
772 3317 882 3398 absque
910 3337 924 3378 s
951 3318 1144 3379 antecedente
1172 3321 1210 3385 in
1225 3336 1260 3378 eo
1283 3319 1364 3378 linita
1388 3314 1400 3400 Ι

115 3419 206 3482 verba
234 3423 348 3500 primae
376 3429 445 3481 sunt
473 3422 705 3496 coniugationis,
734 3427 768 3480 ut
794 3438 886 3498 pecco
919 3438 1039 3499 peccas,
1069 3420 1149 3480 calco
1177 3420 1287 3490 calcas,
1321 3420 1403 3495 sulco

75 3524 228 3593 aosulcas,
252 3522 349 3583 mnlco
371 3522 500 3590 rnulcas,
526 3530 630 3582 trunco
652 3530 785 3591 truncaS,
816 3522 953 3583 Lucanus
975 3523 1006 3581 in
1029 3521 1107 3582 libro
1129 3521 1166 3581 Vl
1195 3522 1402 3582 ‘caesorum

116 3606 292 3685 truncare
321 3624 503 3685 cadavera
530 3624 683 3701 regum',
713 3643 748 3684 ex
775 3643 834 3704 quo
856 3625 1043 3703 componitur
1066 3622 1210 3685 obtrunco
1232 3622 1402 3684 obtruncas.

116 3728 160 3787 sic
192 3729 283 3787 etiam
318 3726 439 3787 verbum
478 3727 578 3786 inesco
610 3728 740 3796 ineseas,
774 3725 852 3805 qnod
886 3725 1045 3786 Terentius
1073 3728 1103 3786 iu
1136 3724 1277 3805 Adelphis
1309 3726 1403 3805 ponit,

116 3830 257 3888 ‘nescis
280 3830 455 3890 inescare
479 3828 661 3899 homines,
686 3828 852 3899 Sannio’,
876 3831 990 3908 primae
1013 3835 1058 3888 est
1080 3808 1311 3905 coniug'ationis,
1333 3827 1404 3889 licet

186 4085 202 4134 5
220 4084 284 4132 libro
302 4084 383 4147 primo
402 4092 466 4133 tecta
485 4083 559 4133 simul
577 4084 666 4135 diuum
685 4082 785 4149 templis
802 4085 897 4133 indicet
916 4083 1036 4134 honorem
1055 4091 1079 4134 t:
1095 4084 1161 4138 Aen.
1176 4085 1186 4134 l
1199 4083 1251 4136 632
1307 4085 1403 4137 lilibro

117 4150 282 4219 vinomo
352 4153 515 4202 ttatintsP
583 4153 737 4203 8Lueanos
756 4152 819 4203 libro
833 4151 866 4219 ll]
888 4157 944 4204 md
997 4151 1156 4218 uur]ee1²
1203 4153 1400 4221 carnelibrol]

116 4222 194 4286 5,13
278 4223 308 4273 11
330 4222 407 4272 uuida
421 4225 457 4275 at.
475 4238 540 4272 mun.
554 4221 996 4284 superser.inBuioidatniuido
1009 4223 1054 4284 Pf
1136 4221 1168 4274 13
1186 4227 1337 4276 uestimenta
1356 4225 1403 4274 deo

118 4294 194 4342 maris
211 4293 328 4342 Procris
346 4293 393 4342 deo
413 4294 588 4342 uestimentat
670 4292 702 4341 ll
722 4290 794 4340 inXl
815 4291 878 4341 libro
897 4289 965 4357 met]
986 4291 1075 4346 υ,405
1163 4293 1195 4344 15
1214 4303 1238 4343 et
1256 4294 1317 4344 illud
1334 4308 1401 4343 cerr.

119 4362 189 4412 illum
208 4363 234 4413 B
305 4362 336 4414 16
356 4364 381 4412 in
396 4360 453 4427 XV]
473 4362 499 4409 in
515 4360 562 4409 llll
582 4359 641 4423 Bis
656 4361 682 4409 in
701 4360 851 4410 duodecimo
864 4362 903 4412 P:
920 4376 943 4414 υ.
961 4359 1012 4411 5911
1095 4361 1126 4413 17
1144 4365 1237 4428 geritq.
1253 4379 1321 4417 corr.
1337 4363 1403 4428 gerit

119 4448 191 4497 quern
212 4432 237 4481 B
257 4434 323 4499 gerit
341 4445 440 4497 quaes
510 4431 583 4481 nobis
606 4431 648 4495 ille
666 4430 759 4479 indicat
777 4439 865 4479 auctor
882 4430 908 4480 B
977 4438 1058 4495 seton,
1077 4430 1103 4485 d.
1120 4447 1143 4486 e.
1163 4441 1302 4484 aetorumt
1368 4431 1402 4480 20

118 4505 198 4552 educo
216 4504 253 4551 eis
271 4504 297 4552 id
316 4512 354 4553 est
372 4500 477 4551 extraho
496 4501 521 4549 in
541 4515 591 4549 une
610 4507 620 4549 t
644 4500 723 4549 ednco
745 4498 833 4548 educis
851 4500 877 4549 id
898 4506 936 4548 est
955 4499 1058 4550 extraho
1078 4501 1153 4551 Extra
1176 4500 1239 4551 haec
1262 4503 1286 4551 in
1311 4514 1362 4549 rins
1379 4502 1405 4551 P

118 4574 198 4623 educo
217 4572 276 4622 inde
291 4573 377 4622 educis
391 4587 423 4621 ex
442 4571 523 4635 (corr,
542 4566 627 4630 extra)
647 4569 695 4618 hoc
713 4570 738 4618 in
758 4583 808 4617 uns
823 4568 848 4617 B
899 4567 932 4618 ²3
951 4570 977 4618 in
995 4569 1059 4623 libro
1077 4568 1113 4636 Χ]
1132 4589 1156 4622 o.
1176 4570 1227 4622 518
1296 4572 1329 4622 25
1346 4585 1402 4618 uer·

119 4643 179 4692 biali
197 4642 252 4691 BP
319 4643 353 4693 30
371 4642 488 4691 Lucanus
509 4642 533 4690 in
553 4640 615 4689 libro
632 4637 678 4706 Vl]
699 4655 722 4692 o.
741 4639 792 4689 584
863 4653 994 4688 caesorum
1013 4639 1079 4690 bello
1098 4650 1214 4690 truncare
1233 4654 1264 4697 52
1287 4655 1401 4691 cesorum

118 4720 233 4761 truncare
253 4713 319 4778 cepit
335 4713 459 4761 cadauera
474 4710 597 4776 regums
662 4710 696 4760 32
714 4709 816 4759 incesso
829 4709 944 4758 insessas
959 4710 984 4757 P
1039 4712 1064 4759 in
1081 4707 1212 4776 Adelphis]
1236 4711 1256 4759 ll
1275 4711 1300 4770 2,
1322 4711 1353 4761 12

118 4781 152 4832 33
176 4784 257 4831 neseis
280 4784 407 4831 inerescere
426 4783 450 4829 P
467 4783 591 4844 inescare,
609 4795 738 4846 superser.
760 4779 795 4834 al,
819 4795 882 4832 mun.
904 4780 987 4830 nescis
1008 4780 1034 4830 B
1111 4777 1206 4828 Sannio
1224 4791 1241 4836 ς
1260 4779 1359 4831 insanie
1379 4781 1403 4831 B

119 4865 180 4901 sane
198 4853 259 4916 Pes
