3346 5498
680 384 916 448 cotthntttvtt
1384 380 1447 445 243

1263 504 1284 545 p.
1297 492 1386 534 ter-:ts
1401 491 1423 532 t.

154 583 251 639 metra
272 576 405 655 scripsit,
430 573 705 652 quemadmodum
729 572 822 635 habes
843 573 962 635 dicere?
990 572 1185 634 Terentianus
1207 571 1256 632 ille
1278 572 1400 640 dicitur;
1423 573 1449 633 si

154 677 229 740 velis
251 678 463 739 derivationem
485 675 555 737 inde
577 678 689 746 lacere,
713 675 857 752 numquid
881 677 1016 755 sequitur
1038 676 1181 736 tutionem
1198 675 1302 735 istam?
1324 674 1376 734 sed
1392 672 1449 734 boc

154 788 359 860 contemptum
381 787 426 840 est
447 797 535 839 causa
559 778 725 858 euphoniae
750 776 840 856 [male
863 771 995 858 sonantl.
1028 794 1099 855 ergo
1123 774 1260 837 adverbia
1283 784 1334 837 aut
1356 794 1371 835 a
1394 794 1448 836 no·

154 881 287 943 minibus
314 881 442 961 propriis
471 888 646 949 nascuntur,
678 888 711 940 ut
737 878 850 939 Tullius
877 878 1026 948 Tulliane,
1055 887 1105 939 aut
1133 876 1170 937 ab
1198 876 1395 958 appellativis,
1418 884 1451 936 nt

128 983 263 1045 edoctus
284 982 385 1052 docte,
409 981 507 1043 clarus
529 982 624 1051 clare,
648 990 697 1043 aut
718 999 734 1041 a
758 979 916 1050 vocabulo,
942 989 973 1040 ut
988 981 1097 1041 ostium
1112 981 1243 1040 ostiatim
1266 967 1448 1058 [absolutum

156 1093 216 1156 est,
245 1088 277 1145 in
305 1082 488 1164 appellativis
516 1082 595 1145 nulla
623 1081 769 1144 dubitatio
797 1075 871 1162 est];
905 1089 956 1143 aut
983 1089 1064 1143 certe
1095 1101 1111 1142 a
1140 1083 1331 1162 pronomine,
1367 1099 1450 1142 mens

157 1188 297 1255 meatim
324 1195 391 1246 tuus
420 1187 531 1245 tuatim,
578 1194 607 1245 et
634 1183 707 1245 nihil
735 1183 814 1244 aliud
847 1185 993 1262 significat
1019 1186 1138 1245 meatim
1167 1186 1269 1246 tuatim
1299 1184 1354 1244 nisi
1383 1201 1451 1243 meo

156 1308 256 1358 more,
281 1297 331 1348 tuo
354 1305 446 1347 more.
494 1296 564 1366 puta
592 1288 729 1347 ‘meatim
758 1285 886 1346 lecisti':
925 1286 994 1367 quid
1024 1295 1067 1346 est
1095 1287 1230 1346 ‘meatim
1254 1286 1385 1347 lecisti’i
1421 1284 1450 1344 id

157 1399 202 1453 est
230 1408 298 1451 meo
328 1408 426 1457 more;
459 1391 581 1449 ‘tuatim
609 1388 732 1458 lecisti',
760 1387 790 1449 id
819 1395 865 1449 est
887 1397 936 1449 tuo
965 1406 1056 1449 more.
1101 1389 1212 1449 iterna
1235 1386 1391 1456 vocabulo,
1421 1394 1452 1446 ut

122 1494 268 1553 roostium
303 1493 442 1552 ostiatim.
488 1490 539 1551 sed
574 1498 603 1551 et
629 1491 736 1550 ostium
765 1507 873 1550 nomen
908 1498 961 1551 est.
1008 1489 1077 1568 quid
1105 1508 1177 1569 ergo
1204 1492 1344 1559 interest,
1374 1487 1451 1568 quod

158 1593 230 1654 dicit
252 1612 360 1654 nomen
384 1602 413 1653 et
436 1592 629 1653 vocabulum?
652 1591 722 1671 quid
736 1593 878 1654 interest?
901 1590 979 1669 quod
1003 1609 1112 1653 nomen
1135 1590 1196 1653 vult
1218 1610 1284 1653 esse
1307 1590 1450 1660 animalis,

158 1694 334 1757 vocabulum
363 1693 424 1754 vult
452 1711 518 1754 esse
545 1697 590 1755 rei
616 1693 792 1754 inanimalis.
838 1700 908 1773 puta
936 1695 1044 1755 ostium
1067 1695 1196 1755 fenestra
1218 1695 1329 1773 paries,
1354 1694 1451 1754 omnia

158 1799 212 1857 ista
240 1795 383 1857 vocabula
412 1802 490 1857 sunt.
535 1814 552 1855 e
580 1797 729 1857 contrario
757 1797 782 1855 si
811 1795 922 1858 dixeris
951 1794 1056 1857 doctus
1079 1795 1191 1866 clarus,
1214 1797 1270 1856 ista
1293 1797 1357 1875 ipsa
1380 1814 1453 1875 quo·

159 1901 237 1959 niam
261 1907 386 1978 possunt
407 1906 436 1958 et
458 1899 488 1958 in
512 1897 662 1958 hominem
686 1896 793 1958 cadere
808 1904 838 1958 et
851 1900 882 1958 in
898 1916 962 1959 vern
977 1896 1168 1959 inanimalem
1188 1895 1310 1967 cadere,
1333 1899 1452 1957 nomina

124 2006 237 2061 nsunt.
281 1997 424 2060 vocabula
449 2017 520 2077 ergo
543 2017 644 2060 rerum
667 2007 737 2059 sunt
759 1997 762 2078 l
787 1998 988 2061 inanimalium
1011 2001 1142 2079 propria.
1179 2001 1285 2060 ostium
1309 2001 1452 2060 ostiatim:

160 2101 350 2163 ‘ostiatim
385 2109 504 2161 totum
537 2101 713 2181 oppidum
746 2100 1007 2180 compilatim'.
1052 2104 1124 2163 item
1156 2120 1172 2162 a
1206 2100 1310 2171 verbo,
1335 2103 1453 2179 ,cursim

160 2204 294 2265 strictim.
339 2224 355 2263 3
379 2204 499 2265 nomine
522 2211 552 2262 et
574 2202 664 2264 verbo
687 2202 789 2273 simul,
813 2201 1020 2282 pedetemtim,
1045 2202 1143 2282 [quasi
1164 2221 1218 2282 pes
1240 2211 1270 2264 et
1290 2203 1393 2282 teneo]
1417 2202 1453 2264 ab

162 2325 196 2365 eo
219 2305 297 2383 quod
321 2314 366 2365 est
387 2323 440 2384 pes
463 2313 492 2365 et
515 2313 617 2374 teneo;
642 2306 791 2383 utrimque
807 2305 916 2366 iactum
933 2313 978 2366 est
992 2304 1200 2383 pedetemtim,
1223 2305 1252 2365 id
1277 2313 1321 2366 est
1343 2307 1453 2366 sensim

160 2409 223 2468 sine
244 2409 474 2468 intermissione.
505 2409 577 2468 item
599 2397 757 2485 indulgens
778 2406 969 2484 indulgenter
991 2409 1045 2477 ait,
1075 2424 1145 2468 eece
1167 2426 1183 2467 a
1206 2408 1363 2487 participio
1385 2426 1451 2467 nas-

131 2511 253 2577 3331133,
277 2508 306 2568 id
330 2517 374 2568 est
397 2528 466 2569 ecce
481 2507 653 2569 adverbium
677 2507 755 2586 quod
778 2526 794 2568 a
816 2510 975 2589 participio
996 2516 1097 2571 natum
1120 2515 1173 2569 est.
1205 2515 1314 2587 negant
1334 2514 1453 2577 omnes;

162 2610 240 2671 solus
264 2609 394 2671 Donatus
416 2611 505 2671 audet
528 2609 584 2670 hoc
606 2609 721 2680 dicere;
745 2613 873 2690 sumpsit
894 2610 1051 2673 consihum
1074 2631 1091 2672 a
1113 2612 1219 2690 Capro.
1265 2619 1398 2673 ceterum
1420 2630 1454 2671 ro

162 2731 229 2774 vera
252 2730 312 2773 non
335 2711 424 2772 debet
445 2713 526 2772 nasci
549 2711 722 2772 adverbium
738 2730 753 2772 3
770 2715 941 2793 participio;
967 2721 996 2774 et
1014 2713 1162 2793 decipitur
1184 2715 1319 2784 nomine,
1332 2721 1374 2773 *et
1387 2712 1455 2773 ideo

162 2814 218 2876 hoc
240 2820 332 2894 putat.
364 2813 488 2892 legimus
510 2816 540 2874 in
564 2815 708 2893 principio
732 2832 796 2875 esse
819 2815 939 2876 nomina
961 2817 1067 2876 eudem
1089 2824 1119 2876 et
1139 2817 1304 2895 participia.
1340 2814 1454 2876 idcirco

162 2915 303 2995 indulgeo
329 2915 488 2995 indulgens
516 2917 703 2994 participium
728 2924 785 2987 est,
817 2924 846 2977 et
868 2936 927 2978 non
950 2917 1021 2978 vidit
1048 2918 1187 2996 quoniam
1210 2915 1267 2979 hoc
1288 2919 1385 2996 ipsum
1409 2917 1453 2977 in·

116 3017 285 3097 esdulgens
312 3024 411 3105 potest
439 3035 504 3077 esse
534 3025 564 3078 et
595 3036 713 3078 nomen.
758 3018 837 3079 unde
864 3027 988 3099 apparet
1015 3020 1153 3098 quoniam
1176 3027 1273 3099 potest
1295 3027 1325 3080 et
1345 3036 1454 3079 nomeu

163 3120 243 3180 esse?
280 3120 521 3197 conparationem
557 3121 676 3199 recipit;
719 3122 789 3181 lacit
823 3123 901 3180 enim
935 3120 1138 3199 indulgentior
1169 3119 1453 3199 indulgentissimus.

158 3224 187 3281 si
217 3222 406 3300 participium
446 3229 538 3290 esset,
584 3241 643 3282 non
682 3224 830 3301 reciperet
868 3224 1123 3301 conparationem:
1167 3224 1339 3302 conparatio
1375 3224 1454 3282 enim

163 3324 275 3383 nomini
312 3322 433 3392 accidit,
472 3341 631 3402 numquam
670 3325 836 3403 participio.
882 3341 953 3401 ergo
990 3323 1108 3403 quando
1140 3323 1342 3403 indulgentior
1376 3313 1454 3393 lecit,

164 3440 221 3484 non
255 3423 358 3485 videor
390 3423 602 3485 derivationem
636 3426 722 3486 istam
751 3424 882 3486 adverbii
911 3424 1030 3487 trahere
1058 3446 1074 3487 a
1108 3427 1278 3506 participio,
1315 3426 1367 3488 sed
1395 3436 1455 3488 tra·

108 3524 234 3586 aohere
262 3543 279 3586 a
309 3528 438 3587 nomine.
485 3536 529 3587 est
557 3535 655 3587 tamen
688 3526 810 3586 validior
838 3546 887 3589 res
916 3545 991 3605 quae
1019 3527 1126 3607 probat
1154 3547 1214 3588 non
1243 3546 1308 3589 esse
1335 3530 1455 3608 partici-

163 3629 253 3706 pium.
300 3645 377 3705 quae
399 3648 448 3689 res
470 3628 577 3708 probat
605 3648 664 3688 non
695 3647 759 3689 esse
789 3630 996 3709 participium?
1018 3649 1107 3690 omne
1129 3631 1317 3716 participium
1340 3639 1456 3709 tempus

164 3728 252 3791 babet
280 3731 344 3790 sine
373 3729 472 3791 dubio.
519 3729 636 3811 quando
665 3730 730 3791 dico
760 3727 976 3812 ‘indulgenlter
1004 3731 1089 3801 leci',
1119 3733 1202 3793 cuius
1229 3734 1372 3812 temporis
1394 3735 1457 3793 est?

165 3830 307 3910 numquid
345 3833 489 3911 significat
525 3841 574 3893 aut
590 3850 753 3911 ›praesens
790 3841 908 3912 tempus
944 3841 995 3894 aut
1021 3835 1215 3914 praeteritum
1252 3842 1370 3915 tempus
1406 3843 1458 3895 aut

165 3934 313 3996 iuturuml
357 3935 483 3995 cuiusvis
521 3936 663 4015 temporis
701 3942 759 4005 est,
801 3943 871 4014 puta
907 3935 1097 4015 indulgenter
1131 3936 1263 3999 tacturus
1296 3956 1377 4007 sum,
1412 3940 1457 3999 in·

119 4034 320 4114 acdulgenter
355 4036 426 4104 leci,
464 4036 654 4116 indulgenter
692 4038 777 4097 lacio.
824 4056 896 4098 ecce
934 4035 1053 4118 [quare]
1091 4037 1283 4118 indulgenter
1319 4042 1457 4118 congruit

166 4137 302 4198 omnibus
325 4138 519 4217 temporibus.
558 4138 610 4200 sed
633 4137 790 4216 indulgens
812 4142 977 4219 praesentis
999 4143 1142 4221 temporis
1164 4149 1210 4201 est
1231 4149 1354 4203 tantum.
1385 4159 1458 4220 ergo

167 4255 222 4316 quo
244 4238 333 4299 modo
356 4248 454 4318 potest
477 4242 540 4301 heri
564 4249 596 4301 ut
617 4242 805 4320 participium
827 4243 993 4321 praesentis
1009 4243 1151 4322 temporis
1174 4243 1262 4304 iaciat
1284 4241 1456 4304 adverbium

233 4464 249 4512 2
268 4463 332 4511 ratio
347 4464 396 4511 ista
414 4463 496 4513 ABG
582 4462 757 4512 bubsolutum
777 4472 815 4514 est
832 4463 857 4512 B
864 4464 919 4513 Ca:
940 4471 978 4513 est
996 4478 1043 4516 om.
1062 4464 1087 4515 A
1173 4464 1205 4514 10
1223 4464 1296 4515 sedet
1314 4462 1456 4528 hospicium

167 4533 295 4586 moed
313 4542 337 4581 et
355 4533 447 4582 ostium
467 4533 491 4580 A
554 4532 622 4595 quod
640 4532 732 4582 dicitur
751 4547 842 4583 nornen
861 4532 969 4596 Bquod
987 4533 1048 4583 dicit
1066 4534 1282 4584 1333333330
1350 4533 1458 4595 liquid

168 4603 268 4652 interest
285 4603 353 4665 quod
374 4617 464 4652 nomen
481 4602 553 4651 cua
574 4603 622 4650 nisi
641 4604 709 4665 quod
729 4616 819 4652 nomen
838 4602 862 4651 A
934 4603 966 4652 14
986 4611 1093 4669 potsunt
1109 4603 1136 4653 in
1160 4603 1287 4653 homiuem
1304 4602 1390 4652 ABG

168 4672 192 4720 iu
214 4688 266 4722 rem
286 4672 420 4721 animalem
439 4673 522 4722 ABG
590 4672 621 4722 15
641 4673 745 4738 proprie
763 4672 875 4737 ABG,
912 4671 1023 4723 hostium
1042 4672 1172 4723 hostiatim
1191 4672 1331 4733 (hostiatim
1353 4670 1413 4722 add.
1430 4672 1458 4731 3)

168 4751 244 4792 totum
263 4742 385 4807 oppidum
399 4742 450 4791 AB
469 4744 559 4792 octium
580 4742 690 4791 ostiatim
705 4751 784 4793 totum
803 4742 907 4806 opidum
920 4743 956 4794 G:
973 4744 1024 4794 (b'c.
1038 4745 1062 4793 iu
1078 4745 1158 4799 Verr.
1175 4753 1224 4794 art.
1243 4758 1294 4793 rec.
1309 4743 1353 4792 llll
1371 4742 1414 4801 et,
1427 4740 1460 4790 53

234 4811 268 4862 18
286 4811 514 4873 utrumqueABG
565 4811 598 4862 23
617 4812 865 4864 eedemmmABG
915 4813 948 4864 34
967 4814 1081 4864 cuiusuis
1100 4813 1172 4864 BCu
1191 4811 1307 4862 euiusA
1358 4809 1458 4872 bdsed

168 4879 302 4947 indulgens
319 4908 353 4918 -
369 4883 429 4946 244,
450 4884 462 4932 l
484 4882 640 4948 temporibus
658 4898 703 4934 orn.
726 4883 759 4945 A,
777 4883 838 4932 cdd.
858 4897 874 4930 3

1194 4965 1257 5029 16*
