3346 5498
615 388 852 451 COMMENTVM
1354 385 1394 451 99

1236 496 1370 550 ps-ttt.
1430 537 1432 540 ,

106 577 274 638 dividuntur
290 577 503 657 'principaliter
525 578 554 636 in
578 575 651 636 duas
673 584 786 656 partes,
811 579 840 637 in
856 576 971 637 vocales
984 585 1013 636 et
1028 577 1058 636 iu
1074 586 1280 638 consonantes.
1314 579 1396 655 ipsae

106 681 173 740 item
202 685 403 740 consonantes
429 677 600 739 dividuntur
628 680 660 737 in
688 677 761 738 duas
782 686 895 758 partes,
920 680 949 737 in
973 679 1164 740 semivocales
1186 686 1216 738 et
1237 679 1267 738 in
1290 686 1394 739 mutas.

106 799 174 859 ergo
196 780 274 841 duae
296 789 364 841 sunt
386 782 500 860 primae
522 789 636 859 parteS,
660 779 775 840 vocales
798 788 828 839 et
849 789 1053 840 consonantes.
1091 783 1116 839 si
1139 798 1197 840 nou
1220 787 1289 839 suut
1311 798 1396 840 voca-

105 883 158 951 les,
189 891 388 943 consonantes
409 890 490 950 sunt;
520 884 545 942 si
568 901 627 942 non
649 890 718 943 suut
739 890 950 950 consonantes,
979 880 1094 942 vocales
1115 890 1193 941 suut.
1238 883 1308 942 item
1332 883 1396 943 fieri

85 991 303 1044 tconsonantes
326 983 436 1063 duplici
451 983 539 1045 modo
562 985 679 1044 scimus,
711 990 762 1043 aut
784 984 863 1043 enim
887 980 891 1060 l
914 981 1104 1044 semivocales
1126 990 1195 1043 sunt
1216 992 1266 1043 aut
1287 992 1394 1043 mutae.

104 1088 160 1145 sive
184 1086 265 1145 enim
289 1083 480 1146 semivocales
502 1088 561 1146 sint
582 1087 642 1144 sive
665 1091 777 1154 mutae,
800 1104 861 1145 uno
884 1087 1005 1146 nomine
1028 1093 1222 1146 consonantes
1245 1084 1394 1164 appellau-

106 1199 161 1248 tur.
208 1187 360 1248 videamus
388 1205 459 1265 ergo
489 1206 564 1266 quae
592 1195 661 1248 sunt
688 1184 817 1256 vocales,
841 1205 917 1266 quae
939 1197 1150 1257 consonantes,
1174 1205 1248 1266 quae
1271 1187 1395 1246 semivo-

106 1287 195 1357 cales,
220 1307 298 1368 quae
320 1297 429 1350 mutae.
474 1290 525 1350 setl
549 1291 631 1368 prius
653 1287 818 1349 delinienda
842 1297 888 1349 est
908 1290 969 1367 ipsa
992 1289 1099 1350 littera.

185 1392 249 1451 Vox
278 1390 386 1451 dicitur
414 1383 553 1471 quicquid
582 1392 728 1459 sonuerit,
759 1391 820 1450 sive
847 1393 990 1469 strepitus
1017 1393 1056 1452 sit
1082 1393 1199 1461 ruinae,
1231 1391 1292 1450 sive
1314 1389 1393 1449 lluvii
1409 1399 1467 1460 519,
1480 1400 1512 1448 12

76 1495 267 1562 ocurrentis,
296 1493 358 1552 sive
379 1511 434 1552 vox
456 1501 572 1561 nostra,
601 1494 662 1552 sive
684 1493 813 1569 mugitus
835 1491 940 1554 boum:
969 1495 1065 1553 omnis
1087 1512 1177 1553 sonus
1200 1510 1254 1552 vox
1276 1491 1394 1555 dicitur.

105 1614 204 1656 verum
234 1595 291 1655 bae
321 1594 397 1656 duae
424 1603 494 1656 sunt
521 1601 636 1674 partes,
665 1593 818 1654 articulata
848 1604 877 1654 et
904 1595 1035 1655 conlusa.
1080 1593 1233 1655 articulata
1264 1600 1310 1653 est
1342 1611 1396 1652 vox

107 1714 180 1776 quae
202 1706 304 1776 potest
326 1696 431 1765 scribi;
455 1704 488 1756 ut
511 1715 579 1756 ecce
602 1694 658 1756 hoc
681 1697 777 1775 ipsum
800 1695 878 1775 quod
902 1696 961 1756 dixi
984 1704 1082 1775 potest
1103 1694 1204 1755 scribi.
1235 1693 1303 1755 ideo
1326 1696 1395 1755 arti-

105 1798 197 1860 culata
222 1798 300 1859 dicta
325 1806 382 1870 est,
407 1796 484 1875 quod
508 1806 607 1876 potest
628 1796 752 1858 articulo
776 1797 876 1858 scribi.
915 1805 995 1857 artus
1017 1798 1094 1856 enim
1117 1796 1242 1857 dicimus
1263 1796 1395 1857 membra

104 1903 230 1971 maiora,
254 1898 532 1974 articulosminora
555 1899 689 1960 membra
711 1901 742 1959 in
765 1901 845 1959 omni
868 1917 1004 1978 corpore.
1049 1897 1121 1958 nibil
1144 1889 1263 1959 binius
1285 1897 1394 1975 digitis

76 1983 215 2064 citicirco
238 1999 392 2062 articulata
416 2019 471 2060 vox
492 2001 569 2063 dicta
594 2010 653 2070 est,
677 2001 756 2081 quod
777 2009 874 2079 potest
897 1999 1028 2060 articulis
1050 2000 1263 2079 conprehendi.
1298 1999 1396 2077 digitis

104 2113 200 2164 autem
231 2111 366 2163 tenemus
393 2102 531 2165 calamos.
576 2104 643 2164 ideo
673 2120 744 2180 ergo
772 2101 880 2162 dicitur
908 2121 963 2162 vox
991 2100 1158 2170 articulata,
1193 2100 1271 2181 quod
1299 2108 1397 2179 potest

103 2205 234 2266 articulis
260 2203 363 2265 scribi.
407 2206 527 2266 contusa
555 2203 604 2265 illa
632 2205 738 2264 dicitur
765 2221 837 2290 ror,
867 2222 942 2284 quae
971 2222 1030 2264 non
1058 2211 1157 2283 potest
1178 2202 1301 2264 articulo
1324 2221 1395 2262 con-

104 2305 264 2385 prehendi,
293 2313 328 2365 ut
355 2315 424 2385 puta
452 2308 579 2383 mugitus
606 2305 710 2375 boum,
745 2306 905 2384 digitorum
938 2307 1062 2366 sonitus.
1107 2324 1191 2384 ergo·
1213 2303 1330 2365 litterae
1359 2304 1396 2364 ad

104 2425 189 2486 qnam
218 2425 323 2467 vocem
350 2408 520 2487 pertinenti
547 2406 583 2469 ad
612 2409 750 2468 omnem?
778 2426 847 2468 non.
885 2408 920 2467 ad
949 2408 1101 2468 contusam
1130 2408 1297 2487 pertinenti
1326 2424 1395 2475 non,

74 2510 155 2571 atsed
177 2509 215 2570 ad
239 2508 424 2570 articulatam
447 2511 608 2587 pertinent.
639 2512 703 2588 ipsa
725 2509 821 2570 littera
838 2527 913 2589 quae
936 2527 1005 2589 pars
1027 2512 1106 2571 vocis
1128 2508 1316 2570 articulatae?
1337 2511 1396 2569 ima

105 2620 132 2672 et
152 2612 324 2672 novissima.
368 2628 436 2670 nam
464 2628 520 2671 toa
549 2618 592 2672 est
620 2611 757 2690 quicquid
785 2610 948 2691 loquimur,
978 2618 1010 2670 ut
1036 2619 1105 2689 puta
1128 2613 1153 2671 si
1176 2611 1256 2673 dicas
1279 2616 1396 2672 ‘orator

106 2715 182 2774 veuit
209 2721 240 2772 et
269 2711 398 2772 docuit’.
445 2719 542 2791 potest
570 2720 668 2772 tamen
697 2720 726 2773 et
747 2713 834 2781 solvi,
862 2720 977 2782 orator,
1002 2715 1096 2782 venit,
1120 2722 1163 2783 et,
1188 2714 1301 2775 docuit:
1326 2732 1396 2774 ecce

106 2814 215 2875 solvisti
238 2815 402 2874 orationem
424 2816 454 2874 iu
478 2812 577 2873 verba.
615 2822 700 2893 potes
720 2816 784 2893 ipsa
807 2813 896 2874 verba
918 2813 1033 2875 solvere
1055 2818 1086 2875 itt
1108 2815 1234 2894 syllabas
1256 2836 1273 2876 o
1296 2824 1326 2876 et
1347 2833 1395 2883 ra;

104 2923 186 2994 potes
214 2917 308 2994 ipsam
337 2915 480 2994 syllabam
507 2914 622 2975 solvere
651 2917 682 2976 in
710 2915 831 2976 litteras.
877 2916 1019 2996 numquid
1046 2925 1131 2996 potes
1151 2919 1245 2996 ipsam
1267 2917 1395 2978 litteram

75 3016 217 3077 asolvcre
248 3015 252 3096 l
283 3016 426 3078 ulterius?
460 3035 646 3096 nequaquam
678 3026 771 3096 potes.
818 3036 890 3096 crgo
923 3026 1047 3098 propter
1080 3019 1133 3078 bas
1160 3038 1209 3079 res
1235 3037 1308 3099 quas
1336 3019 1396 3079 disi

105 3137 206 3180 omnes
229 3117 295 3178 vide
324 3127 353 3177 et
381 3117 583 3179 definitionem
606 3120 727 3187 Donati,
758 3118 872 3181 ‘littera
895 3120 965 3200 quid
990 3122 1052 3181 esti
1082 3139 1152 3199 pars
1174 3123 1293 3181 minima
1316 3123 1396 3181 vocis

105 3218 305 3280 articulatae’.
350 3219 423 3280 dicit
451 3219 566 3280 ‘littera
595 3228 735 3299 estpars
764 3222 884 3281 minima
914 3224 1018 3281 vocis'.
1066 3225 1173 3298 quare?
1211 3222 1290 3302 quod
1319 3221 1395 3307 ultra

104 3323 196 3401 ipsam
220 3339 382 3400 numquam
406 3320 537 3382 solvitur.
583 3322 640 3382 boc
663 3330 761 3383 autem
784 3322 910 3383 dicendo
934 3324 1031 3382 ‘vocis
1054 3323 1243 3386 articulatae’
1267 3323 1395 3384 ostendit

104 3442 168 3484 esse
182 3431 214 3483 et
234 3410 358 3483 alteram
381 3424 536 3484 contusam
560 3432 590 3484 et
611 3442 669 3485 non
692 3443 779 3504 posse
801 3423 925 3484 articulo
948 3424 1160 3504 conprehendi.
1193 3432 1221 3484 et
1243 3424 1315 3485 dicit
1336 3426 1393 3486 iam
1407 3438 1495 3500 tant

75 3528 228 3604 optimam
262 3524 450 3592 divisionem,
486 3524 670 3586 ‘litterarum
687 3526 779 3586 'aliae
807 3535 875 3587 suut
903 3526 1032 3595 vocales,
1066 3527 1139 3588 aliae
1168 3530 1393 3589 consonantes'.

104 3626 268 3687 litterarum
291 3628 386 3706 prima
409 3625 512 3686 divisio
535 3628 590 3686 ista
615 3633 671 3694 cst,
696 3627 810 3689 vocales
831 3628 969 3690 dicuntur
992 3638 1021 3690 ct
1043 3639 1248 3692 consonantes
1280 3630 1395 3693 vocales

172 3898 188 3949 3
204 3912 268 3964 ergo
289 3898 355 3948 duae
376 3907 434 3948 sunt
452 3899 550 3964 primae
566 3909 651 3964 partes
669 3899 743 3950 BGa
757 3916 818 3966 ergo
836 3903 935 3966 primae
950 3912 1008 3952 sunt
1025 3902 1089 3952 duae
1106 3911 1191 3968 partes
1207 3903 1231 3954 A
1250 3917 1311 3967 ergo
1329 3904 1395 3952 duae

105 3969 201 4034 primae
217 3977 305 4033 partes
322 3978 381 4016 sunt
401 3970 424 4018 L
477 3972 498 4016 si
516 3984 567 4035 pon
587 3981 645 4018 sunt
663 3970 765 4019 uocales
780 3980 948 4022 consonantes
967 3982 1025 4021 suut
1043 3974 1065 4021 si
1081 3989 1130 4022 uon
1147 3982 1205 4023 sunt
1223 3981 1394 4022 consonantes

105 4038 205 4089 uocales
224 4049 285 4087 sunt
301 4039 325 4087 L
345 4038 368 4088 si
389 4053 437 4088 non
460 4048 518 4088 suut
537 4048 705 4089 consonantes
723 4041 825 4089 uocales
844 4049 902 4090 sunt
922 4043 944 4090 si
962 4056 1010 4090 non
1031 4052 1089 4090 sunt
1108 4043 1209 4092 uocales
1227 4057 1394 4092 consonantes

104 4118 162 4156 snat
180 4108 205 4156 A
224 4109 247 4156 si
267 4123 316 4158 uon
335 4118 394 4157 sunt
412 4120 580 4159 consonantes
600 4111 703 4159 uocales
719 4120 777 4158 suut
797 4110 850 4162 BG
917 4112 932 4159 7
951 4113 1085 4162 uideamus
1103 4127 1164 4178 ergo
1186 4129 1251 4177 quae
1271 4124 1330 4163 suut
1348 4128 1394 4163 tto-

104 4179 172 4227 eales
195 4192 262 4240 qnae
281 4187 450 4228 consonantes
474 4195 539 4240 quae
560 4180 726 4229 sentiuocales
745 4195 809 4243 qnae
829 4181 934 4239 mutae!
954 4181 991 4230 Dc
1009 4197 1071 4232 uoce
1090 4192 1115 4229 et
1133 4184 1215 4231 littera
1230 4195 1234 4240 ι
1250 4182 1302 4232 Sed
1322 4185 1394 4246 prius

104 4247 249 4298 definienda
266 4256 305 4298 est
324 4249 381 4312 ipsa
399 4263 449 4297 uox
462 4251 522 4311 qnid
541 4260 579 4299 est
594 4250 643 4299 boe
661 4264 712 4298 uox
729 4250 822 4299 dicitur
839 4253 874 4300 L:
892 4252 1067 4301 videamus-
1081 4262 1252 4302 consonantes
1266 4269 1311 4306 om,
1324 4252 1396 4301 Aac

174 4318 206 4368 12
225 4326 251 4365 nt
269 4332 328 4366 ecce
348 4317 418 4367 boc'
413 4334 495 4384 ipsum
510 4320 578 4383 quod
598 4322 652 4370 dixi
674 4328 756 4385 potest
773 4322 848 4369 scribi
862 4329 923 4402 post
940 4323 1045 4370 articulo
1063 4323 1141 4370 scribi
1156 4321 1248 4371 babent
1268 4324 1324 4371 AL

105 4385 137 4438 13
150 4401 222 4436 artus
247 4389 315 4436 enim
335 4386 443 4437 dicimus
466 4390 580 4438 membra
603 4392 699 4439 maiora
721 4390 840 4440 articulos
863 4392 959 4439 minora
983 4392 1138 4440 membrata
1158 4393 1226 4441 omni
1245 4407 1351 4458 corptre
1370 4391 1394 4438 L

104 4466 173 4506 artas
197 4459 309 4506 dicimus
329 4458 428 4507 minora
453 4460 563 4520 (maiora
577 4459 613 4520 B)
632 4459 773 4509 membra
767 4474 791 4508 m
819 4461 887 4509 omni
909 4475 1015 4525 corpore
1039 4461 1121 4512 ABG
1191 4462 1223 4512 18
1241 4456 1390 4526 digitorum]

104 4539 238 4576 aconitum
258 4527 295 4576 L:
313 4528 428 4589 sortasse
446 4530 558 4594 crepitus
575 4531 727 4596 digitorum,
746 4530 990 4580 sonitttsneutorum
1061 4529 1096 4579 20
1114 4528 1272 4596 articulatae]
1294 4530 1392 4580 articuli

104 4597 160 4647 AG
210 4599 245 4646 ‘ll
264 4599 498 4714 pptes(potestB)
518 4600 598 4682 ipsam
618 4599 930 4653 soluercinlitterasBC
945 4608 1039 4665 potes.
1054 4601 1148 4665 .ipsa.
1163 4603 1283 4667 (potest
1277 4597 1392 4665 ipsin*)
1444 4631 1447 4638 -

104 4667 229 4717 salnere'
222 4682 286 4715 mr
300 4679 367 4716 teras
385 4668 409 4716 A
424 4678 561 4733 potuerunt
577 4670 649 4734 ipsae
665 4669 751 4718 solui
746 4683 770 4717 m
790 4669 888 4718 litteras
906 4670 930 4719 L
1002 4670 1124 4733 numquid
1143 4683 1216 4735 potes
1231 4668 1256 4718 B
1271 4669 1392 4730 numquid

104 4745 187 4801 potest
205 4736 290 4787 ACL
362 4737 396 4786 28
415 4737 463 4786 hoc
481 4748 565 4787 atatem
587 4738 694 4788 dicendo
714 4737 782 4786 nocis
805 4738 952 4787 articulatae
971 4739 995 4788 L
1014 4739 1063 4789 boc
1081 4740 1188 4790 dicendo
1208 4753 1259 4787 uox
1277 4748 1315 4787 est
1332 4738 1393 4785 arti-

104 4807 184 4856 culata
200 4806 287 4856 ABG
356 4806 390 4856 29
407 4816 432 4856 et
451 4808 538 4857 dicit'
533 4823 582 4858 ram
602 4808 788 4858 Lindemaantts
806 4818 830 4856 et
848 4808 964 4858 diuidit
957 4823 1008 4858 tam
1026 4811 1052 4860 A
1059 4809 1112 4860 BG
1126 4818 1151 4858 et
1170 4808 1261 4858 diuidit
1280 4807 1348 4856 illam
1368 4806 1392 4855 L

170 4877 204 4928 at
224 4878 364 4928 litterarum
383 4877 484 4927 uocales
502 4878 620 4929 dicuntur
638 4886 662 4928 et
675 4887 844 4928 consonantes
861 4878 943 4945 prima
959 4879 1053 4932 diuiaio
1070 4880 1119 4929 ista
1137 4887 1175 4929 est
1190 4876 1284 4937 Aac,
1303 4892 1350 4928 ont.
1368 4878 1392 4929 L

1148 4962 1191 5028 7*
