3346 5498
471 387 669 448 extantia
694 388 893 449 adornasti
916 385 1052 450 35—38
1344 382 1408 448 649

1216 507 1237 547 p.
1252 496 1341 536 tat-to
1355 493 1383 535 V.

117 591 184 635 curn
207 593 262 635 nec
285 583 371 635 nator
392 593 447 634 nec
470 575 605 636 ambulor
628 575 686 636 dici
710 578 815 655 possit.
853 579 924 636 item
947 577 1000 636 ‘ad
1025 575 1211 636 salutandum
1235 576 1289 635 eo'
1313 577 1408 654 parti-

116 678 227 756 ripium
256 695 321 737 esse
350 679 407 737 iam
439 678 563 746 desinit,
592 680 650 737 nisi
680 678 827 738 adieceris
854 675 900 736 vel
929 678 1077 738 hotttinem
1101 677 1147 737 vel
1169 679 1307 737 amicum.
1354 676 1406 736 liar

116 780 195 838 enim
219 780 385 839 adiectione
408 781 599 859 participium
623 779 783 847 obtinebit,
808 781 859 840 sed
876 788 946 841 tunc
962 799 1029 840 cum
1045 798 1080 838 ex
1097 778 1188 839 rerlto
1212 786 1256 839 est
1279 777 1407 839 habente

116 888 146 939 et
176 883 323 961 passivam
346 880 591 949 declinationem,
621 889 653 941 ut
676 881 711 941 ad
735 882 910 952 videndum,
942 882 976 942 ad
1000 864 1201 949 salutandum:
1231 880 1286 940 ‘ad
1310 880 1408 940 derla-

90 983 273 1043 trnandum'
303 1002 373 1043 vero
395 1001 461 1042 cum
485 983 567 1053 dico,
598 1002 654 1043 non
686 1000 805 1061 possum
828 985 928 1043 dicere
951 984 1051 1052 illum,
1079 985 1149 1062 quia
1172 982 1320 1042 declamor
1342 983 1408 1042 lati·

116 1102 185 1144 num
210 1104 268 1144 non
292 1094 345 1145 est.
392 1085 519 1163 denique
542 1103 610 1145 cttm
634 1085 707 1144 dicit
729 1088 796 1165 quis
819 1087 866 1145 ‘eo
889 1086 924 1146 ad
949 1085 1135 1145 salutandum
1159 1084 1204 1143 rel
1226 1083 1262 1142 ad
1285 1083 1407 1144 audien·

116 1187 186 1246 dum
209 1187 254 1245 rel
278 1187 313 1247 ad
336 1186 495 1246 videndum
519 1186 565 1246 vel
589 1185 592 1266 l
618 1187 653 1247 ad
677 1187 897 1255 osculandum',
920 1190 989 1266 quia
1011 1194 1108 1266 potest
1131 1185 1198 1245 addi
1221 1193 1252 1245 et
1273 1185 1355 1245 illum
1379 1193 1408 1244 et

117 1288 244 1359 abillo,
268 1291 293 1349 si
318 1287 392 1348 nihil
422 1288 561 1356 addatur,
591 1289 738 1349 incertum
768 1287 963 1368 relinquitur,
993 1298 1093 1350 utrum
1116 1289 1209 1347 activa
1233 1304 1269 1346 an
1294 1288 1408 1365 passiva

116 1391 333 1467 significatione
357 1389 503 1468 prolatum
527 1391 582 1459 sit;
606 1392 631 1450 si
655 1410 724 1451 vcro
746 1391 850 1451 dixero
874 1390 927 1450 ‘ad
951 1389 1129 1468 loquendum
1140 1394 1158 1457 '‚
1183 1387 1237 1447 ltoc
1260 1389 1406 1465 significo,

81 1502 104 1540 ¹0
118 1499 150 1550 nt
173 1492 208 1551 de
233 1492 289 1552 alio
311 1490 428 1570 loquar,
452 1510 510 1551 non
533 1493 622 1551 etiam
646 1501 678 1553 ut
700 1493 775 1552 alins
798 1492 834 1551 de
856 1510 903 1551 me
926 1491 1073 1569 loquatur,
1097 1493 1165 1570 qnia
1189 1490 1295 1569 loquor
1318 1490 1408 1568 tlepo-

116 1611 191 1653 nens
223 1601 281 1661 est,
316 1612 373 1653 non
408 1610 572 1652 commune.
619 1595 687 1653 inde
721 1601 766 1654 est
799 1594 971 1672 ‘uritque
1000 1593 1158 1652 ridendo
1192 1592 1348 1651 lemina'
1378 1598 1409 1650 et

116 1696 233 1772 ‘picis
255 1696 291 1754 in
315 1713 448 1754 morem
464 1694 507 1756 ad
528 1694 670 1771 digitos
692 1695 873 1755 lentescit
894 1694 1081 1755 habendo'
1104 1704 1134 1753 et
1155 1691 1409 1752 ‘verberando

117 1798 269 1866 necati',
292 1800 362 1877 quia
384 1802 415 1855 et
435 1795 538 1856 videor
561 1804 591 1855 et
614 1797 725 1857 habeor
748 1806 778 1857 et
800 1797 942 1856 terberor
966 1815 1023 1856 non
1048 1795 1242 1875 deponentia,
1266 1794 1316 1853 sed
1340 1812 1407 1872 pas·

116 1900 177 1958 siva
202 1907 279 1959 sunt.
324 1902 394 1960 item
418 1900 712 1980 interloquendum,
742 1902 819 1958 inter
847 1899 993 1976 agendum
1023 1898 1066 1956 iel
1097 1898 1133 1957 de
1163 1896 1342 2001 inperando,
1372 1897 1408 1954 tle

80 2011 103 2049 10
116 1999 230 2059 edendo
253 2000 341 2061 rerba
365 2005 536 2082 usurpativa
559 2002 706 2062 dixerunt
742 2000 795 2060 scd
818 2008 847 2060 et
870 1999 936 2069 illa,

264 2121 329 2162 nec
354 2106 433 2163 risu
457 2104 596 2171 facilis,
622 2121 685 2163 nec
708 2102 767 2161 dic
777 2110 815 2162 tn
837 2101 1013 2161 ellaltilis
1035 2101 1119 2170 ulli,

116 2202 206 2263 rerba
234 2211 303 2263 sunt
331 2204 365 2263 ad
395 2205 519 2265 candem
552 2206 677 2264 lormam
711 2204 908 2282 pertinentia,
943 2221 1018 2282 qnae
1052 2202 1190 2262 latinitati
1219 2221 1277 2261 non
1313 2201 1407 2262 solum

117 2313 247 2382 praestat
275 2316 426 2374 ornatum,
456 2305 507 2365 sed
531 2313 560 2366 et
582 2305 654 2366 illud
681 2323 812 2384 qnoque,
837 2312 869 2363 nt
891 2304 1003 2384 aliquid
1025 2304 1137 2365 haltere
1160 2302 1305 2372 rideatur,
1328 2304 1407 2383 quod

119 2405 226 2466 Graeci
250 2409 314 2467 iure
338 2408 524 2476 desiderent,
549 2409 735 2486 quamvisct
756 2408 814 2486 ipsi
837 2413 954 2485 partem
976 2424 1077 2468 eornm
1100 2406 1245 2484 aliquam,
1269 2405 1338 2465 licet
1361 2409 1406 2466 in-

77 2515 163 2567 oter
197 2508 335 2568 adverbia
370 2511 514 2588 positam,
555 2507 667 2568 haltere
701 2515 799 2568 tamen
839 2492 1061 2576 existimentur,
1103 2515 1135 2566 ut
1167 2515 1213 2567 est
1250 2503 1409 2587 ποιητέον

115 2603 286 2685 γραπτέον
309 2604 461 2670 λεκτέονι
485 2609 557 2669 haec
581 2611 660 2668 enim
685 2609 743 2669 illis
765 2611 872 2671 similia
896 2617 982 2676 sunt,
1006 2611 1084 2667 ‘aut
1107 2626 1231 2687 pacem
1247 2608 1407 2668 Troiano

116 2729 131 2769 a
156 2729 245 2789 rege
268 2712 496 2791 petendum'.
527 2719 597 2772 sunt
618 2720 717 2772 autem
740 2715 877 2772 universa
900 2711 938 2780 V,
963 2709 1079 2770 amandi
1103 2710 1228 2769 amando
1251 2711 1406 2770 amandum

116 2821 244 2873 amatum
268 2821 385 2882 amatu,
415 2815 553 2877 monendi
577 2815 723 2873 monendo
745 2813 924 2873 monendum
948 2813 1091 2871 monitum
1115 2813 1243 2878 monitu,
1267 2810 1404 2870 audiendi

116 2914 265 2976 audiendo
293 2915 471 2976 audiendum
500 2915 632 2975 auditum
660 2915 777 2982 auditu,
810 2913 925 2988 legendi
956 2913 1082 2988 legendo
1110 2912 1267 2987 legendnm
1297 2911 1403 2970 lertum

77 3015 203 3077 ²⁵lectu.
230 3012 233 3090 l

555 3182 602 3229 Du
625 3181 752 3230 uotiuis
774 3181 964 3229 VERBORVM

200 3288 324 3348 Formae
348 3287 507 3347 verborum
530 3289 591 3348 sive
615 3289 729 3366 species
752 3294 821 3345 sunt
844 3286 892 3356 lV,
915 3285 1025 3365 quilius
1046 3304 1081 3345 ex
1106 3285 1195 3346 rebus
1217 3305 1288 3365 quas
1310 3286 1401 3362 sigui·
1415 3298 1523 3363 uenat

116 3390 205 3448 strant
227 3389 318 3448 indita
341 3388 482 3448 vocabula
505 3395 582 3448 sunt.
615 3407 682 3448 nam
705 3389 801 3466 prima
823 3388 934 3448 dicitur
949 3386 1135 3457 meditativa,
1159 3405 1234 3466 quae
1256 3387 1405 3462 significat

115 3489 337 3550 meditationem
360 3493 425 3549 eius
447 3492 491 3549 rei
514 3508 589 3569 quae
611 3491 746 3549 imminet
769 3496 798 3548 et
819 3491 904 3549 cuius
926 3497 1068 3567 speratur·
1085 3489 1224 3556 ellectus,
1248 3495 1281 3546 ut
1302 3497 1403 3566 partu·

77 3607 102 3643 :n
116 3592 177 3659 rio,
201 3591 277 3668 quod
302 3600 348 3651 est
370 3609 475 3670 parere
499 3591 639 3660 meditor,
663 3592 764 3649 esurio
786 3609 851 3650 esse
874 3591 1017 3661 meditor;
1041 3594 1084 3652 sic
1108 3591 1253 3650 amatorio
1275 3589 1403 3651 lecturio

116 3700 145 3751 et
167 3690 282 3751 similia.
327 3694 455 3753 secunda
483 3694 665 3761 inchoativa,
694 3711 769 3770 qnae
799 3692 908 3772 aliquid
942 3695 1006 3767 lteri
1030 3695 1087 3753 iam
1111 3693 1244 3768 coepisse
1266 3698 1401 3761 testatur,

182 3912 198 3960 8
210 3913 316 3961 addatur
328 3913 352 3961 in
366 3914 487 3961 inoemunt
500 3913 523 3962 B
568 3915 597 3962 11
612 3914 709 3974 utrique
719 3912 757 3962 B:
775 3915 852 3976 Verp.
861 3928 949 3976 peorp.
962 3912 994 3961 ΙΙΙ
1007 3913 1057 3961 215
1102 3912 1132 3959 1⁶2
1146 3909 1218 3975 piris]
1229 3911 1401 3976 Verppeorp.

116 3980 199 4029 tteao
235 3981 265 4029 16
279 3977 333 4046 nec]
347 3982 423 4045 Vera.
436 3982 541 4032 Aemili
555 3983 603 4030 021
640 3983 671 4031 18
684 3979 847 4046 praestantB
880 3978 1095 4046 ἳθκοιηαιονΒ
1129 3977 1400 4045 21οοι]7ονρ.Αεη.

115 4047 213 4097 X1230
258 4050 290 4097 22
303 4058 374 4112 agate
388 4050 471 4108 (corr
484 4049 583 4113 arege)
596 4048 777 4114 pedcudumB
822 4050 855 4097 25
867 4048 942 4100 lectu
962 4048 1096 4096 declinatio
1109 4048 1315 4112 inpersooaliutn
1334 4063 1400 4112 qnae

115 4117 139 4163 in
158 4127 198 4163 tur
214 4127 308 4164 exeunt
324 4117 498 4181 persingulas
515 4118 706 4181 coniugationea
723 4117 755 4165 ad
772 4115 960 4166 similitudinem
979 4115 1140 4194 passinorum
1157 4131 1188 4163 ex
1207 4117 1278 4164 tertia
1290 4130 1400 4180 persona

116 4183 254 4246 ligurantur
270 4194 426 4245 curruntque
443 4201 488 4250 per
505 4199 593 4233 omnes
612 4186 702 4233 modos
719 4196 883 4248 temporaque
899 4184 1074 4246 unusquisque
1092 4198 1177 4233 cortun
1199 4184 1300 4262 recepit.
1324 4185 1400 4231 modo

116 4251 256 4300 indicatiuo
274 4264 421 4303 amatur—
424 4253 524 4302 ‚modo
541 4252 638 4301 infinito
656 4252 744 4300 eadem
765 4263 837 4301 erunt
853 4251 1024 4316 inpersonalia
1042 4265 1085 4314 per
1102 4265 1189 4299 omnes
1210 4249 1400 4329 coniugatiopea

116 4333 181 4381 quae
194 4318 290 4366 infinita
304 4335 417 4385 paastua
441 4322 485 4368 sed
498 4320 560 4369 haec
573 4321 619 4367 erit
631 4319 758 4369 discretio
783 4336 804 4369 st
797 4320 905 4369 dixero
918 4318 965 4382 le
943 4319 1119 4367 “reiceronem
1123 4318 1192 4383 legi
1205 4318 1367 4381 salustium
1362 4334 1400 4367 nt-

115 4387 178 4434 liniti
192 4394 242 4442 esu
261 4387 281 4434 si
296 4402 356 4436 nero
375 4387 423 4451 legi
440 4399 536 4436 tantum
550 4388 634 4447 modo,
647 4387 806 4449 inpersonale
819 4397 865 4441 eat,
878 4402 928 4436 non
943 4387 1010 4435 enim
1023 4385 1089 4434 hunc
1102 4396 1144 4434 ant
1157 4387 1224 4433 illurn
1238 4385 1400 4449 intellegitur,

117 4455 161 4503 sed
176 4455 231 4518 ipsa
245 4455 437 4518 qualiacumque
450 4455 523 4504 lectio
537 4456 732 4504 demonstratur.
745 4458 821 4504 amari
832 4482 864 4492 -
874 4457 964 4505 lectam
974 4455 1012 4506 iri.
1025 4456 1124 4516 quaein
1139 4463 1164 4502 et
1175 4464 1268 4502 exeunt
1280 4454 1399 4516 quioniam

116 4537 148 4570 rx
165 4537 192 4571 se
210 4536 259 4570 uon
278 4538 413 4585 numquam
431 4524 545 4571 oriuntur
564 4538 612 4572 non
631 4521 771 4571 referentur
786 4523 818 4572 ad
835 4525 1039 4588 coniugationea,
1058 4531 1084 4570 ut
1096 4531 1134 4571 eat
1145 4522 1228 4569 taedet
1240 4521 1318 4585 pudet
1329 4522 1399 4585 piget

116 4591 227 4654 poenitet
241 4591 341 4639 miseret
355 4603 462 4656 oportet,
477 4592 524 4639 nisi
538 4591 603 4654 quod
617 4599 702 4655 potest
714 4589 851 4640 similitudo
864 4591 987 4653 quaedam
1003 4592 1026 4640 in
1041 4590 1080 4640 hia
1093 4604 1149 4638 esse
1162 4590 1344 4652 coniugationis
1357 4605 1399 4636 se·

116 4658 225 4722 candae,
239 4671 360 4721 quantum
374 4659 405 4707 ad
420 4660 516 4707 tertiam
530 4673 662 4723 personam
677 4659 764 4707 attinet
777 4658 938 4723 singularem.
951 4660 1026 4708 modo
1039 4658 1175 4707 indication
1187 4657 1298 4721 poenitet
1307 4683 1338 4691 —
1348 4666 1400 4704 tae·

116 4727 193 4776 debit.
220 4727 252 4774 ad
266 4727 454 4775 similitudinem
468 4728 627 4792 superiorum
640 4726 771 4787 etreliqua
784 4726 975 4776 declinabuntnr
984 4742 1030 4792 per
1039 4741 1128 4776 omnes
1137 4725 1227 4774 modos
1240 4735 1264 4772 rt
1277 4735 1398 4789 tempora.

118 4792 259 4842 Deformis
279 4795 310 4844 B.
334 4796 515 4845 declinationes
537 4794 667 4845 verboram
689 4795 883 4857 inperronallam
905 4806 1002 4845 amatur
1020 4796 1122 4844 docetur
1143 4792 1244 4842 auditur
1263 4792 1352 4854 legitur
1373 4800 1398 4841 et

114 4861 224 4925 poenitet
242 4864 319 4926 pudet
337 4864 405 4927 piget
423 4863 479 4911 licet
497 4864 570 4912 omisi
628 4866 661 4913 30
673 4864 755 4928 parire
767 4862 792 4911 B

164 4949 339 4995 unaunancr
354 4951 444 4993 tantu
460 4951 488 4996 v.
1152 4942 1194 5006 42
