3346 5498
122 351 185 416 606
679 355 860 417 utcttottu

147 474 170 516 p.
183 464 286 503 arar-oe
299 460 322 501 r.

122 544 258 603 invenies
280 541 433 621 trisyllaho
456 544 564 603 miuus
608 561 731 603 necesse
761 551 807 604 est
829 545 909 604 enim
931 551 962 605 ut
984 545 1081 623 prima
1103 541 1215 623 sulaha
1238 540 1433 605 declinatio·

122 645 170 706 nis
191 646 244 714 sit,
273 652 306 706 ut
329 642 383 721 λε,
411 644 539 706 εεωιιιάι
561 646 700 723 originis,
725 652 757 705 ut
778 644 838 723 tv,
864 646 952 707 tertia
976 644 1086 714 linaiis,
1115 652 1149 706 ut
1169 664 1224 707 κα.
1269 643 1430 726 quicquid

122 747 212 824 igitur
235 747 301 826 plus
322 747 428 817 luerit,
457 747 493 807 ad
516 742 521 829 Ι
551 747 678 808 molliam
700 745 859 826 syllabam,
887 765 963 826 quae
985 747 1106 827 quidem
1128 748 1257 825 originis
1279 754 1346 817 ast,
1373 765 1428 815 ro·

122 849 235 919 lertur;
258 847 417 910 declinatio
438 867 509 909 vero
537 856 567 910 ct
594 852 662 911 linis
684 845 815 927 singulas
836 849 1006 928 possident,
1035 856 1067 909 ut
1088 857 1134 910 est
1155 847 1349 931 πεφίληκα,
1380 865 1427 911 κε

123 949 347 1018 declinationis,
377 949 459 1030 φιλη
481 951 623 1029 originis,
652 969 695 1011 κα
722 953 800 1012 linis.
844 969 916 1030 ergo
937 948 1198 1031 παρακείμενος,
1222 950 1253 1012 id
1276 958 1328 1012 est
1348 962 1456 1032 par-⁵

123 1054 247 1121 lectum,
271 1054 369 1113 rninus
390 1051 545 1132 trisyllaho
567 1072 625 1113 non
649 1055 799 1115 invenitur
815 1056 940 1133 excepto
955 1044 1042 1132 olda,
1065 1053 1144 1133 quod
1166 1051 1352 1132 hispllahum
1376 1062 1429 1114 est

124 1162 154 1215 et
175 1153 429 1235 παρακείμενος.
475 1173 530 1216 nec
552 1156 676 1225 mirum,
700 1172 767 1216 cum
791 1155 848 1214 hoc
870 1154 995 1216 verhum
1018 1156 1049 1215 iu
1072 1154 1171 1216 multis
1194 1152 1318 1233 regulae
1340 1156 1425 1223 resi·

124 1264 191 1318 stat.
237 1255 349 1317 nullum
377 1274 503 1336 namque
531 1257 697 1336 perlectum
724 1257 781 1317 hoc
803 1265 926 1337 excepto
948 1256 985 1317 ah
1013 1275 1046 1317 oc
1068 1256 1251 1336 diphthongo
1273 1255 1426 1329 inchoare

124 1361 268 1438 reperies.
312 1359 385 1419 item
406 1377 473 1420 curn
496 1360 591 1438 prima
614 1357 698 1419 verbi
720 1361 827 1439 positio
850 1377 879 1420 ει
901 1358 1084 1439 diphthongo
1111 1358 1247 1428 inchoat,
1281 1358 1425 1429 iontdlo

124 1469 258 1540 tempore
280 1468 426 1521 mutatur:
449 1461 539 1521 huius
560 1459 642 1520 rerhi
665 1461 757 1538 origo,
780 1461 811 1522 id
834 1469 879 1522 ost
901 1457 993 1538 eldaa,
1016 1462 1141 1522 mutarit
1162 1478 1192 1521 ει
1213 1462 1245 1521 in
1268 1478 1312 1521 oc.
1342 1474 1466 1542 quo-1⁰

124 1565 202 1625 tiens
224 1563 392 1642 perlectum
414 1581 429 1622 a
452 1560 538 1640 longa
560 1564 671 1632 oritur,
694 1581 817 1623 necesse
840 1571 886 1623 est
907 1561 1228 1642 plusquamperfectum
1251 1560 1424 1624 abeodem

33 1736 35 1741 ,
125 1683 243 1744 semper
279 1666 428 1744 incipere,
457 1664 536 1743 quod
572 1664 628 1724 hoc
661 1663 784 1725 rerhum
817 1663 960 1742 neglegit:
995 1682 1062 1724 uani
1091 1662 1423 1742 plusquamperfectum

125 1759 223 1848 ᾔδειν
245 1774 304 1834 est,
328 1784 395 1825 eum
418 1767 584 1845 perlectum
606 1757 682 1826 otta
705 1768 753 1826 sit.
788 1766 896 1826 deiude
919 1784 1014 1839 omna
1029 1766 1221 1845 participium
1243 1766 1275 1825 in
1298 1784 1346 1837 ως
1369 1765 1424 1827 de·

125 1871 227 1928 sinous
254 1867 346 1928 solam
375 1866 508 1928 ultimam
536 1867 677 1948 syllabam
706 1870 737 1927 in
766 1861 859 1946 ἄλφα
892 1867 1033 1927 undando
1060 1867 1138 1926 idem
1168 1874 1286 1946 tempus
1313 1867 1423 1937 ellicit,

125 1965 347 2049 γεγραφηκως
368 1965 577 2048 γεγράφηκα,
594 1956 742 2041 teloneis
757 1965 896 2030 λέλνκαε
921 1962 1017 2040 εἰδώς
1039 1975 1138 2029 autem
1160 1986 1218 2029 nou
1241 1968 1315 2029 lacit
1331 1958 1423 2047 εἶάα,
1439 1981 1465 2022 ¹⁵

127 2070 177 2130 sed
207 2061 292 2130 οἶδα.
338 2069 417 2131 solus
444 2072 537 2148 igitur
564 2074 621 2132 iste
649 2069 892 2151 παρακείμενος
920 2072 1001 2131 vitiis
1029 2069 1168 2131 obsessus
1197 2089 1256 2130 non
1286 2070 1424 2132 nocebit.

127 2190 214 2233 omne
237 2172 362 2232 rerlnuu
385 2189 540 2249 graecum,
564 2173 589 2233 si
613 2175 642 2233 iu
666 2175 815 2252 praesenti
839 2193 855 2233 a
879 2168 1007 2251 simplici
1031 2179 1155 2252 excepto
1178 2190 1198 2250 ρ
1220 2172 1329 2251 incipit
1352 2191 1424 2233 con-

127 2280 267 2342 sonante,
292 2275 418 2351 primam
442 2276 472 2333 iu
488 2281 620 2352 ternpore
637 2276 769 2353 perlecto
784 2274 927 2354 syllabam
949 2275 1095 2352 geminat,
1118 2266 1238 2352 γράφω
1252 2270 1425 2354 γέγραφα,

128 2369 213 2452 λέγω
237 2370 363 2453 λέλεγα,
395 2392 449 2434 nec
472 2374 539 2435 talis
560 2377 721 2452 geminatio
744 2377 975 2455 praepositionis
998 2374 1114 2436 adiectu
1137 2375 1310 2453 impeditur,
1335 2394 1427 2455 προ-

128 2474 248 2555 κομίζω
271 2471 511 2555 προκεκόμικα,
534 2471 720 2558 συγγράφω
742 2473 971 2555 συγγέγραφα.
1002 2494 1088 2536 omno
1112 2478 1278 2555 perlectum
1299 2485 1465 2558 tempusa

127 2581 158 2639 in
182 2580 402 2657 perispomeuis
423 2579 468 2638 rel
492 2580 586 2638 solum
609 2580 737 2658 priuuuu
761 2582 790 2639 iu
814 2579 966 2657 harytonis
989 2578 1100 2639 desiuit
1122 2586 1173 2638 aut
1195 2581 1225 2640 in
1249 2598 1292 2639 κα
1314 2588 1369 2641 aut
1391 2583 1425 2642 in

128 2698 176 2760 φα
199 2687 248 2740 aut
271 2682 301 2740 iu
324 2698 376 2758 χα,
399 2675 563 2760 τετήρηκα
577 2676 731 2759 γέγραφα
746 2675 909 2760 meninge,
932 2680 1005 2740 arleo
1021 2688 1053 2740 ut
1068 2699 1155 2741 onurc
1178 2698 1272 2759 paene
1296 2680 1426 2755 rerhunr

128 2780 270 2843 similium
293 2782 521 2842 declinationum
544 2790 699 2861 sequatur,
722 2781 958 2861 rhodopaeis,
980 2780 1079 2861 χωρῶ
1101 2788 1231 2861 χωρεῖς,
1253 2777 1427 2863 τετήρηκα

128 2877 317 2962 κεχάρηκα·
335 2879 457 2963 γράφω
471 2879 623 2963 γράφεις,
640 2879 752 2962 τρέφω
766 2879 911 2962 τρέφεις,
927 2878 1081 2962 γέγραφα
1096 2878 1261 2964 τέτραφα·
1285 2880 1427 2965 niciam

128 2980 298 3064 πλάττεις,
327 2980 432 3046 τάττω
458 2981 601 3064 τάττεις,
629 2981 781 3065 αέττληχα
808 2979 937 3063 τέταχα.
983 3003 1039 3045 noc
1067 2992 1095 3045 te
1124 2993 1238 3047 moreat
1267 2987 1364 3066 quod,
1397 2992 1426 3050 si
1441 3001 1466 3042 ²⁵

127 3104 266 3165 graecum
295 3086 418 3147 rerhum
446 3089 570 3166 incipiat
597 3086 634 3147 ah
663 3106 719 3148 una
750 3087 786 3146 de
815 3087 861 3148 his
889 3087 998 3148 litteris
1026 3105 1099 3166 qrras
1126 3082 1230 3148 δασέα
1253 3084 1428 3168 σύμφωνα

99 3241 102 3245 ,
128 3197 249 3257 vocarit,
279 3207 345 3248 cum
374 3188 409 3249 acl
439 3190 668 3266 geminationem
697 3191 829 3257 verritur,
860 3208 917 3249 nou
947 3183 1034 3248 δασύ
1062 3189 1203 3258 iteratur,
1241 3189 1294 3250 sed
1327 3182 1429 3253 άντί-

130 3303 265 3368 στοιχον
287 3292 369 3360 eius,
397 3290 518 3369 θαρρῶ
540 3285 751 3370 τεθάρρηκα,
779 3286 915 3369 φονεάω
936 3284 1147 3370 πεφόνευκα,
1176 3288 1257 3368 χρίω
1272 3287 1427 3371 κέκρικα.

128 3394 159 3452 in
182 3390 283 3452 latinis
306 3411 375 3452 reru
398 3392 501 3453 eadem
524 3392 622 3453 littera
644 3394 829 3469 geminatur,
854 3390 923 3453 tatto
946 3391 1048 3452 lelclli.
1095 3392 1116 3452 F
1140 3394 1218 3452 euim
1241 3393 1319 3472 apud
1345 3393 1431 3456 Lati-

129 3512 183 3555 nos
205 3487 295 3553 δασύ
318 3513 376 3554 nou
401 3502 461 3563 cst,
485 3496 554 3573 quia
578 3513 637 3554 non
653 3493 765 3554 hahent
779 3502 975 3555 consonantes
998 3490 1145 3572 δασείας,
1168 3501 1198 3554 et
1213 3493 1236 3554 F
1253 3494 1470 3572 digammonao

129 3605 173 3656 est
196 3591 359 3665 Αἰολέων,
384 3595 462 3674 quod
493 3595 655 3656 illisolent
679 3597 773 3673 magis
803 3602 907 3655 contra
932 3598 992 3655 vim
1019 3597 1211 3675 aspirationis
1235 3595 1400 3658 adhihere:
1429 3598 1434 3681 Ι

128 3704 240 3758 tantum
265 3697 348 3758 abest
371 3705 402 3756 ut
425 3716 478 3776 pro
501 3716 526 3775 φ
550 3696 717 3758 hahendam
741 3699 789 3757 sit'.
821 3699 918 3775 ipsum
940 3704 1038 3757 autem
1061 3717 1087 3776 φ
1111 3698 1184 3758 adeo
1207 3697 1340 3759 latinitas
1364 3718 1428 3760 nou

129 3800 255 3877 recipit,
279 3808 311 3858 ut
334 3817 388 3877 pro
411 3818 446 3857 oo
469 3800 557 3859 etiarn
582 3800 612 3859 iu
640 3800 757 3876 graccis
780 3798 950 3859 uoruiuibus
972 3818 991 3878 p
1014 3806 1043 3859 et
1065 3799 1083 3859 h
1108 3806 1222 3868 utatur,
1255 3807 1286 3859 ut
1308 3798 1431 3882 Philip-

128 3918 183 3979 pus
205 3899 354 3959 Phaedon.

216 4000 324 4077 Frigeo
352 4002 423 4061 lrixi
452 4002 523 4062 lacit
551 4022 565 4061 a
594 4002 724 4062 secunda
752 4002 974 4079 corriugatione,
998 4002 1076 4079 frigo
1100 4021 1169 4062 vero
1191 4003 1261 4064 lrixi
1285 4021 1301 4062 a
1325 4004 1431 4074 tertia,
1446 4017 1472 4060 aa

131 4102 208 4163 orado
236 4104 346 4162 frixum
374 4103 545 4171 lriroriuur,
575 4102 604 4163 id
634 4110 678 4161 est
706 4103 936 4164 calefactorium.
982 4103 1121 4165 similiter
1150 4123 1221 4165 acco
1249 4121 1317 4163 aces
1348 4108 1433 4176 acui,

130 4204 208 4265 unde
237 4204 438 4265 inchoativum
467 4223 586 4271 acesco,
610 4212 640 4264 et
662 4223 735 4264 aruo
758 4207 841 4265 acuis
863 4207 945 4276 acui;
969 4208 1033 4266 lero
1057 4205 1111 4266 tuli
1134 4215 1164 4266 et
1188 4205 1258 4267 tollo
1280 4203 1356 4276 tuli,
1379 4226 1435 4269 su·

131 4306 208 4367 stulo
236 4306 341 4375 sustuli
370 4306 468 4367 adtulo
492 4307 599 4367 adtuli:
629 4307 736 4366 Acrius
763 4325 833 4367 vero
857 4309 886 4367 iu
911 4307 1095 4369 Andromeda
1118 4309 1204 4370 etiam
1228 4327 1263 4367 ex
1287 4310 1434 4388 eoquod

132 4471 177 4477 -
210 4469 367 4478 ——---——--·

203 4561 234 4612 13
255 4551 348 4626 ᾔδειν]
369 4558 459 4611 rudeto
479 4561 502 4609 Ρ
573 4562 603 4612 li
624 4571 764 4626 exceptop
788 4563 1068 4626 IurrusexcrptopP
1138 4560 1313 4627 Ιιιττρομιζω
1335 4563 1360 4611 P

131 4631 165 4681 '20
182 4643 538 4695 σννγραφωσννγεγραφα
557 4632 581 4680 Ρ
650 4632 682 4680 22
705 4629 853 4697 τεθηρηκα
869 4632 893 4679 P
960 4631 995 4681 23
1013 4646 1279 4697 τετηκακεκωρηκα
1297 4632 1322 4680 Ρ
1397 4635 1437 4686 28

132 4715 239 4763 φονειω
259 4699 283 4748 Ρ
336 4699 369 4750 33
389 4715 434 4763 pro
452 4715 482 4747 ea
502 4699 526 4746 P
575 4701 608 4748 37
628 4698 694 4765 uerri]
714 4702 820 4750 aciritP
872 4701 968 4750 sustulo
988 4701 1079 4750 sustuli
1099 4701 1184 4749 adtulo
1201 4697 1290 4761 adtuli,
1312 4704 1437 4768 equibus

132 4768 230 4818 stratulo
246 4776 270 4819 et
288 4768 374 4818 adtulo
393 4773 430 4819 ‘ct
447 4783 494 4818 non
509 4772 678 4820 conuenientia
700 4771 913 4821 antecedentidua’
932 4772 1002 4819 uaris
1020 4773 1117 4821 inclusit
1133 4771 1220 4827 Inane,
1241 4784 1290 4818 non
1309 4779 1381 4825 recte
1399 4777 1437 4826 ab

132 4847 283 4903 errerptore
302 4843 386 4889 relata
408 4854 464 4889 esse
487 4839 609 4888 cillentur.
636 4842 751 4903 fortunae
770 4841 824 4889 lero
842 4840 886 4890 tuli
906 4850 930 4889 ot
950 4841 1009 4890 tollo
1028 4841 1082 4904 tuli,
1103 4841 1198 4890 sindero
1215 4840 1307 4890 sosruti
1327 4852 1353 4892 et
1372 4860 1437 4897 sua-
