3346 5498
125 343 190 408 304
695 343 849 408 ΡΟΜΡΕΙΙ

152 451 311 506 plut-titii„

210 530 285 591 Sunt
306 533 375 591 item
399 530 473 591 duae
496 532 615 609 figurae,
641 529 871 610 homoeoptoton
899 540 928 592 et
950 531 1241 596 homoeoteleuton.··
1264 536 1343 595 inter
1365 535 1421 595 hc·

127 639 316 712 monoptoton
344 640 374 692 et
401 632 660 693 homoeoteleuton
683 634 740 693 hoc
761 635 901 703 interest,
931 615 1012 714 quod
1031 635 1263 716 homoeoptoton
1285 635 1323 697 de
1345 639 1422 698 casi-

121 734 181 795 hus
203 735 249 804 lit,
273 733 532 795 homoeoteleuton
556 732 593 793 de
615 731 715 794 verbis
737 734 778 795 tn.
823 733 1055 815 homoeoptoton
1079 745 1139 806 est,
1162 738 1187 797 si
1208 739 1248 798 ita
1271 737 1369 808 dieas,

277 844 466 897 merentes
489 834 630 896 tientes
653 835 901 898 lacrimantes
924 839 1251 899 commiserantes:

125 939 179 999 hos
211 947 375 1006 merentes,
406 937 461 997 hos
493 922 613 1006 llentes,
642 937 696 998 ltos
725 927 929 1009 lacrimantes,
968 939 1023 1000 hos
1053 941 1312 1010 commiserantes:
1349 960 1449 1003 eccea

124 1059 228 1101 omues
261 1059 347 1100 casus
380 1041 539 1100 accusativi
571 1047 648 1098 sunt.
693 1039 763 1099 intle
801 1039 912 1101 dictum
946 1049 991 1100 est
1023 1040 1270 1122 homoeoptoton:
1313 1043 1423 1104 Graeci

125 1144 203 1203 enim
232 1144 326 1222 ptosis
354 1141 457 1201 dicunt
484 1157 579 1200 casus.
624 1139 883 1203 homoeoteleuton
905 1152 969 1212 est,
999 1144 1136 1222 quotiens
1157 1145 1187 1203 in
1210 1142 1299 1205 verba
1322 1146 1423 1206 exitus

126 1253 169 1304 cst
184 1245 273 1303 unius
288 1243 362 1304 soni.
393 1251 464 1321 puta
486 1239 628 1302 habemus
649 1240 727 1321 apud
744 1235 925 1321 Cilceronem
949 1246 1134 1324 apertissime
1156 1247 1300 1324 positum,
1324 1249 1420 1307 ‘ita-

125 1364 192 1425 que
220 1347 255 1405 in
284 1343 388 1405 illum
416 1362 488 1404 non
516 1342 835 1416 animadvertisti,
870 1346 935 1407 sed
963 1345 1151 1425 hospitem
1182 1345 1422 1426 reliquisti';

124 1466 219 1527 paene
246 1465 322 1507 unus
350 1453 394 1506 est
421 1446 515 1505 exitus
542 1435 641 1506 rerum
668 1446 810 1506 omnium.
856 1448 1008 1526 antiquum
1038 1454 1084 1508 est
1110 1446 1167 1508 hoc
1195 1455 1303 1519 totum,
1327 1448 1421 1510 hodie
1435 1469 1456 1509 n

125 1567 212 1609 nemo
235 1547 321 1617 lacit:
346 1547 563 1626 siquitiecerit,
587 1545 712 1607 ridetur.

208 1651 384 1730 Polyptoton
400 1656 445 1710 est
460 1647 617 1710 multitudo
632 1666 771 1719 casuum,
792 1649 845 1711 sed
861 1649 979 1711 diverso
994 1651 1082 1712 modo
1098 1653 1207 1732 posita,
1225 1659 1258 1713 ut
1273 1660 1319 1714 est
1333 1652 1420 1723 illud,

275 1751 390 1812 litora
412 1750 595 1811 litoribus
618 1755 825 1822 contraria,
850 1752 1033 1814 lluetihus
1054 1753 1179 1814 undas.

126 1852 248 1934 [collige
276 1861 306 1914 et
332 1855 466 1914 invenies
493 1872 597 1913 omues
630 1872 730 1914 casus:
770 1864 814 1915 est
845 1855 1042 1914 nominativus
1073 1856 1225 1932 genetivus
1258 1854 1421 1938 ablativus]

125 1955 209 2016 litora
239 1955 376 2015 litoriltus
403 1953 541 2014 lluctihus
569 1954 677 2024 undas,
707 1955 864 2017 multitudo
893 1963 940 2016 est
965 1974 1084 2017 casuum
1114 1959 1145 2018 in
1174 1976 1234 2017 uuo
1257 1956 1340 2029 loco,
1365 1959 1456 2020 seda

124 2061 205 2117 vario
234 2057 322 2118 modo
351 2057 519 2116 constituta.
565 2058 678 2117 hirmos
706 2065 751 2117 est
779 2059 961 2119 continuatio
990 2058 1133 2138 quaedam
1164 2059 1238 2137 (vide
1269 2078 1306 2121 ue
1329 2069 1419 2140 putes

126 2159 183 2219 hoc
206 2177 269 2219 esso
293 2159 426 2229 hirmou,
451 2158 529 2235 quod
553 2164 598 2218 est
619 2159 706 2218 etiam
730 2165 869 2237 zeugma:
904 2159 975 2219 satis
1002 2162 1080 2220 enim
1108 2158 1203 2219 simile
1227 2171 1272 2220 est
1293 2179 1418 2240 zeugma

126 2261 179 2340 ei),
201 2259 232 2320 id
255 2271 301 2322 est
323 2260 503 2321 continuatio
525 2278 632 2320 sensus
654 2278 709 2339 per
730 2259 876 2339 plurimos
899 2278 1010 2322 versus.
1057 2261 1169 2321 hirmos
1191 2269 1236 2322 est
1256 2269 1327 2340 puta

275 2363 467 2442 principio
490 2361 634 2422 caelum
659 2381 698 2422 ac
722 2371 846 2422 terras
869 2379 1092 2441 camposque
1114 2362 1317 2442 liquentes

124 2484 216 2544 nsque
245 2464 280 2524 ad
309 2463 392 2524 illum
415 2462 527 2532 locum,
553 2467 669 2541 faune
691 2469 793 2541 agc',-
829 2465 925 2524 omnis
952 2462 1002 2524 ille
1030 2462 1113 2525 locus
1135 2463 1329 2544 quadraginta
1351 2484 1450 2528 ver-tt

125 2586 208 2627 suum
231 2584 308 2626 uutts
330 2584 434 2626 seusus
457 2575 515 2635 cst,
538 2566 652 2625 animas
673 2563 845 2625 inmortales
867 2564 1013 2645 possead
1037 2583 1162 2644 corpora
1186 2583 1332 2626 remeare.

208 2669 284 2729 Sunt
310 2669 380 2727 item
414 2667 489 2729 duae
523 2668 648 2744 figurae,
681 2666 895 2746 polysyndeton
924 2674 954 2725 et
981 2666 1154 2747 asyndeton.
1199 2666 1415 2747 polysyndeton

124 2772 246 2840 (licitur,
276 2768 327 2830 uhi
356 2775 426 2830 sunt
453 2765 572 2847 mulltae
601 2769 794 2834 conationes:
823 2767 999 2849 asyndeton,
1029 2767 1079 2829 ubi
1109 2766 1188 2829 nulla
1211 2771 1338 2830 conexio
1361 2776 1415 2830 est.

125 2872 336 2954 polysyndeton
360 2878 404 2931 est
871 2864 877 2875 “

765 2974 990 3051 Acamasque
1013 2972 1208 3049 Thoasque
1427 2996 1451 3037 ss

276 3075 504 3154 Pelidesque
527 3074 870 3155 Neoptolemusquc
893 3076 1110 3154 primusque
1132 3073 1323 3135 Machaon:
1397 3114 1400 3119 -

124 3200 181 3260 que
212 3180 370 3257 quinquies
404 3178 485 3238 dixit.
532 3185 600 3237 sunt
634 3175 748 3256 aliquae
781 3185 897 3257 partes,
931 3174 960 3234 id
996 3183 1041 3235 est
1067 3182 1138 3235 sunt
1165 3174 1221 3234 alia
1254 3174 1336 3246 loca,
1366 3175 1417 3237 uhi

123 3282 202 3343 nulla
225 3284 349 3343 conexio
372 3289 428 3350 est,
452 3288 486 3340 ut
509 3290 553 3339 est
575 3278 661 3349 illud,

1147 3380 1211 3448 ite,

276 3488 374 3546 lerte
398 3486 464 3545 citi
487 3483 668 3550 flammas,
692 3481 774 3541 tlatc
798 3481 886 3550 tela,
910 3478 1087 3560 inpellite
1110 3499 1242 3542 remos.
1427 3501 1456 3540 u

124 3596 241 3667 poterat
262 3587 346 3648 aliter
368 3587 477 3654 dicere,
501 3587 542 3644 itc
565 3592 594 3643 et
616 3584 691 3643 ierte
715 3585 765 3643 citi
787 3583 920 3643 llammas
943 3590 971 3642 et
993 3582 1060 3642 date
1084 3581 1140 3642 tela
1161 3590 1192 3642 et
1214 3579 1348 3659 inpellite
1370 3601 1417 3644 re·

124 3709 203 3757 mos;
227 3688 278 3749 sed
302 3688 403 3748 maluit
425 3690 600 3746 inconexam
623 3687 787 3744 orationem
810 3702 931 3763 ponere.

193 3859 262 3906 dita
286 3857 373 3909 συκῆ
443 3853 614 3920 emerentes]
637 3854 703 3905 Ena,
723 3856 833 3904 nonnul
856 3854 904 3904 107
922 3856 963 3907 ed.
987 3856 1061 3904 Valtl.
1133 3849 1417 3904 lacrimantescumnti·

124 3939 237 3976 set-antes
256 3927 354 3976 BSPc
371 3929 530 3976 lacrimantes
550 3926 596 3972 hos
616 3925 856 3974 cotnntiserautesC
938 3929 959 3976 5·
977 3924 1024 3973 hos
1043 3952 1076 3959 —
1096 3924 1305 3973 commiserantes
1322 3939 1371 3975 um.
1388 3925 1417 3987 0,

124 3999 185 4047 add.
199 4013 214 4043 c
282 3996 403 4046 dGraeci
423 3997 490 4044 enim
509 4011 554 4043 ora.
576 3993 636 4041 l’S:
657 3995 723 4042 enim
740 4009 786 4043 ona
805 3994 830 4041 11
901 3999 915 4046 7
935 3995 1018 4043 exitus
1038 3996 1112 4042 unius
1131 3994 1188 4042 soni
1203 3994 1280 4042 uerha
1298 4003 1384 4044 tamen
1396 3993 1420 4042 S

196 4067 227 4117 lu
248 4067 390 4131 Poliptoton
410 4077 448 4115 est
466 4076 569 4114 ornatus
585 4064 734 4112 ascltronem
754 4063 881 4126 hodieque
897 4065 947 4113 hoa
960 4066 987 4112 ht
1006 4064 1150 4128 Poliptnton
1171 4072 1210 4112 est
1222 4065 1247 4112 P
1264 4061 1417 4129 Polyptoton

124 4145 163 4186 est
181 4137 229 4185 hoc
247 4145 350 4185 ornatur
366 4151 496 4186 necaonem
511 4136 663 4198 hadie'quae
682 4133 729 4181 hoc
743 4133 802 4183 lecit
817 4135 964 4199 polyptoton
977 4141 1014 4182 est
1030 4132 1064 4181 S:
1080 4137 1161 4182 litura
1171 4135 1244 4182 staina
1254 4135 1315 4197 sere
1329 4148 1416 4184 verm

124 4215 183 4256 ante
201 4207 348 4271 polyptoton
369 4208 449 4255 estin
466 4207 490 4254 B
545 4204 576 4254 13
598 4201 680 4267 litora]
704 4205 781 4267 Verp.
803 4205 867 4252 Aea.
889 4206 932 4253 llll
951 4204 1002 4254 628
1076 4205 1107 4253 14
1126 4203 1218 4268 collige
1237 4228 1270 4238 -
1288 4203 1413 4253 ablativus

124 4293 159 4325 ex
170 4278 287 4341 pancrati
298 4277 441 4338 defiuitione
456 4277 585 4339 polypum,
598 4290 663 4338 perne
678 4289 725 4322 aon
740 4275 776 4322 ad
791 4275 899 4336 Verpitii
910 4278 1054 4336 enetnpltna,
1067 4274 1115 4322 aed
1125 4274 1162 4321 ad
1174 4287 1257 4321 onmes
1267 4285 1345 4322 eneae
1352 4287 1412 4338 per·-

123 4348 230 4410 tiaelmt‚
252 4351 332 4410 petita
354 4353 379 4395 ct
398 4347 480 4395 alicam
505 4348 558 4393 toro
574 4346 726 4405 interposita
746 4351 804 4391 vacant
887 4344 919 4393 lh
938 4345 1018 4392 nudas
1037 4342 1128 4408 collige
1148 4353 1173 4391 et
1189 4342 1312 4392 inuenies·
1324 4355 1409 4391 omnes

124 4432 199 4467 ausus
217 4418 330 4467 suumin
351 4429 400 4464 ttno
420 4415 474 4463 loco
492 4414 513 4462 S
601 4415 633 4463 tu
651 4411 788 4478 principio]
809 4413 888 4476 Verp.
907 4414 970 4462 Aea.
987 4414 1021 4462 Vl
1039 4414 1090 4461 724
1160 4411 1194 4461 20
1214 4426 1283 4461 nunc
1301 4409 1362 4478 age]
1378 4411 1407 4463 t'd.

123 4504 145 4535 u.
162 4486 213 4538 756
283 4486 314 4535 21
335 4486 481 4533 inmortales
499 4499 574 4549 posse
588 4483 639 4533 SP
662 4483 808 4531 inmortales
827 4489 851 4529 et
872 4498 946 4548 posse
964 4484 1017 4533 BC
1086 4483 1120 4532 ‘25
1140 4478 1311 4548 Acamasque]
1332 4482 1407 4545 Verp.

124 4555 298 4609 [41111262
383 4554 417 4603 ’26
437 4554 610 4616 neoptolemus
630 4555 776 4619 primusque
794 4552 845 4602 CI'
928 4554 1101 4615 macltaonqne
1121 4567 1219 4615 queque
1239 4549 1408 4614 quinquiesd

125 4627 246 4675 machaon
267 4641 366 4688 queque
386 4623 612 4688 quinquaglettsS
636 4624 809 4686 ntarhaottquc
831 4637 945 4685 quaeque
970 4623 1140 4688 quinquagies
1160 4625 1184 4672 P
1270 4621 1304 4671 28
1324 4630 1353 4669 ut
1373 4626 1407 4669 est

125 4697 187 4743 illud
205 4699 238 4746 ite
258 4696 321 4745 lette
341 4696 384 4743 citi
407 4694 521 4742 llnmmas
537 4696 556 4741 S
575 4703 601 4741 nt
620 4703 658 4741 est
683 4695 746 4742 illud
765 4696 798 4741 ite
823 4694 866 4740 alti
889 4692 953 4743 ferte
971 4695 1085 4741 llamntas
1102 4693 1158 4741 BC
1180 4692 1215 4739 uti
1237 4699 1263 4740 te
1282 4691 1325 4740 etti
1348 4688 1407 4741 terta

125 4766 241 4814 ilammas
259 4766 295 4813 1¹:
319 4766 398 4827 Verp.
418 4764 483 4816 Aea.
505 4765 549 4812 llll
566 4764 616 4811 frua
687 4764 717 4813 31
738 4764 772 4810 ite
786 4762 883 4811 adl'erte
903 4764 945 4812 citi
964 4763 985 4812 S
1002 4765 1035 4812 ite
1051 4761 1114 4811 lerte
1133 4763 1176 4811 citi
1196 4762 1222 4811 B
1241 4762 1274 4812 ile
1288 4761 1331 4811 citi
1347 4757 1407 4813 lette

125 4835 146 4887 G
214 4835 443 4884 [lammasdateC
