3346 5498
659 347 730 410 ARS
760 347 800 409 lli
821 352 936 412 8-16
1381 343 1445 413 425

183 466 205 507 p.
220 455 276 495 racc
288 454 315 495 os
327 452 350 494 r.
1261 467 1284 510 p.
1298 456 1344 499 sse.
1358 459 1384 498 α
1396 455 1419 497 1.

158 534 281 594 coontis.
326 540 355 592 et
382 552 457 612 quae
484 535 514 594 in
542 553 579 607 ος
605 535 765 613 genitivum
793 537 929 606 mittunt,
960 536 1139 617 paenultima
1162 533 1273 616 syllaba
1295 554 1313 595 ο
1336 536 1444 615 produ·

159 642 237 696 ctam
260 634 372 695 habent
392 635 423 695 in
445 633 571 715 obliquis
597 636 730 706 casibus;
760 656 835 717 quae
857 639 890 698 in
911 656 982 710 τος,
1010 646 1194 717 correptam,
1218 637 1350 716 exceptis
1372 637 1444 699 duo·

158 736 225 807 hus,
248 756 324 817 quae
347 738 377 797 in
399 755 435 808 ος
456 738 617 814 genitivum
644 738 772 801 ellerunt
801 747 831 800 et
851 759 870 800 o
892 738 1075 820 corripiunt,
1104 741 1240 801 Memnon
1266 738 1438 808 Memnonis,

158 839 357 916 Agamemnon
387 839 622 915 Agamemnonis.
666 840 696 900 in
725 859 761 901 an
790 842 944 902 masculini
978 843 1097 921 generis
1124 843 1242 902 nomina
1271 840 1444 909 desinentia,

131 952 193 1000 sea
224 958 342 1020 quoque
378 941 481 1001 tertiae
509 949 577 1001 sunt
607 940 826 1013 declinationis,
861 952 893 1004 ut
920 944 967 1005 bic
995 944 1080 1005 Titan
1108 943 1235 1013 Titanis,
1271 942 1318 1002 hic
1352 960 1446 1022 paean

158 1043 289 1121 paeanis.
334 1042 439 1102 horum
462 1044 658 1103 accusativum
681 1050 740 1103 tam
762 1047 879 1105 numeri
906 1045 1064 1123 singularis
1085 1063 1173 1124 quarn
1195 1043 1318 1124 pluralis
1338 1062 1445 1104 secun·

158 1143 228 1204 dum
251 1143 380 1224 Graecos
411 1144 612 1222 proferemus,
642 1152 673 1204 ut
701 1145 778 1206 bunc
808 1146 912 1208 Titana
934 1166 1059 1226 paeana,
1090 1147 1144 1207 hos
1165 1146 1285 1207 Titanas
1306 1163 1445 1225 paeanas.

158 1264 249 1306 unum
272 1247 360 1305 etiam
382 1247 543 1322 genitivum
566 1245 746 1323 singularem
763 1246 775 1328 ll
793 1258 916 1328 propter
931 1249 1127 1309 differentiam
1150 1250 1180 1308 in
1203 1267 1236 1309 os
1258 1249 1339 1308 iuxta
1361 1265 1445 1325 grae-

158 1367 223 1409 cam
245 1347 471 1408 declinationem
494 1348 598 1416 mittit,
622 1347 669 1407 hic
691 1348 752 1409 Pan
775 1349 887 1420 Panos,
911 1359 944 1411 ut
958 1349 1105 1428 Vergilius
1126 1350 1260 1410 ‘Panos
1283 1349 1324 1408 de
1346 1367 1445 1410 more

120 1450 321 1528 ¹0Lycaei'.
366 1449 395 1509 in
424 1450 453 1509 in
482 1448 635 1510 masculini
662 1452 781 1527 generis
811 1461 919 1513 exeunt
947 1452 1080 1513 eiusdem
1102 1451 1320 1520 declinationis
1343 1458 1377 1511 ut
1398 1450 1447 1510 hic
1487 1503 1489 1506 .

153 1551 278 1631 delphin
301 1550 462 1631 delphinis,
491 1551 613 1612 Telchin
642 1551 802 1614 Telchinis.
839 1554 1038 1615 accusativum
1066 1553 1221 1633 utriusque
1244 1553 1362 1613 numeri
1384 1551 1445 1612 del·

159 1653 248 1731 phina
270 1660 300 1712 et
322 1652 477 1722 Telchina,
501 1653 654 1733 delphinas
677 1661 707 1714 et
729 1654 901 1725 Telchinas,
930 1657 1007 1717 sicut
1029 1655 1149 1723 Graeci,
1176 1655 1373 1735 proferemus.
1416 1654 1447 1713 in

160 1774 193 1814 os
216 1754 388 1833 productam
416 1756 533 1832 generis
561 1754 700 1816 desinunt
722 1757 874 1818 masculini
903 1759 983 1818 tertii
1004 1757 1131 1826 ordinis,
1161 1765 1193 1816 nt
1214 1756 1309 1816 hlinos
1331 1755 1445 1825 hlinois,

160 1856 249 1916 beros
270 1856 385 1924 herois,
409 1855 484 1915 Tros
505 1856 601 1917 Trois.
627 1852 630 1935 l

120 1966 147 2007 1⁵
246 1958 268 2018 h
290 1959 372 2018 linita
395 1976 501 2035 graeca
524 1960 624 2018 neutri
647 1966 716 2018 sunt
737 1961 858 2036 generis
879 1963 986 2022 omnia.
1020 1961 1056 2021 de
1079 1960 1277 2020 declinatione
1300 1959 1379 2020 nulla
1403 1965 1449 2019 est

160 2058 351 2136 ambiguitas:
384 2078 451 2121 nam
480 2060 613 2120 eiusdem
641 2068 710 2121 sunt
731 2061 861 2132 ordinis,
885 2070 917 2122 ut
938 2081 1043 2143 poema
1064 2064 1223 2142 poematis,
1247 2069 1381 2122 toreuma
1403 2068 1447 2121 to·
1511 2128 1523 2149 y

160 2162 316 2230 reumatis,
340 2161 486 2222 emblema
508 2160 705 2224 emblematis.
749 2182 825 2242 quae
847 2166 982 2244 quamvis
1008 2166 1113 2225 tertiae
1137 2170 1206 2225 sunt
1227 2163 1447 2231 declinationis,

159 2251 290 2322 dativum
319 2271 349 2323 et
375 2263 533 2324 ablativum
561 2264 704 2345 pluralem
733 2283 792 2325 non
820 2268 853 2326 in
880 2265 951 2335 hus,
979 2265 1031 2326 sed
1057 2267 1089 2325 in
1118 2268 1144 2326 is
1166 2267 1303 2334 mittunt,
1333 2267 1448 2326 ratione
1558 2306 1569 2319 .

160 2366 313 2425 nominum
335 2365 481 2426 secundae
505 2366 728 2428 declinationis:
758 2385 827 2428 nam
848 2368 896 2428 his
917 2369 1063 2448 poematis
1084 2374 1115 2428 et
1136 2367 1321 2429 emblematis
1344 2366 1446 2427 dieen-

121 2474 148 2517 ¹0
161 2468 231 2528 dum
254 2474 308 2527 est.
1510 2457 1513 2462 ⁸

244 2569 276 2628 ln
300 2588 334 2628 ax
358 2568 402 2629 vel
425 2572 455 2629 in
478 2572 508 2629 ir
522 2570 686 2631 masculini
709 2574 831 2648 generis
859 2574 977 2633 nomina
1006 2571 1145 2633 desinunt
1173 2580 1203 2632 ct
1229 2573 1393 2649 genitivum
1422 2572 1449 2631 is

160 2670 271 2750 syllaba
293 2672 414 2740 liniunt,
439 2678 471 2730 ut
495 2671 598 2733 thorax
620 2673 761 2744 thoracis,
784 2692 873 2734 corax
895 2676 1025 2743 coracis,
1049 2672 1182 2734 Phoenix
1204 2672 1373 2732 Phoenicis.
1418 2680 1449 2731 et

160 2791 235 2853 quae
258 2775 288 2832 in
312 2772 385 2833 duas
407 2773 547 2833 desinunt
569 2782 781 2845 consonantes,
799 2777 906 2836 tertiae
923 2774 1113 2836 declinationi
1138 2773 1276 2835 similiter
1298 2773 1448 2853 applican-

161 2882 224 2944 tur,
248 2882 280 2933 ut
301 2873 350 2934 hic
373 2873 496 2954 Cyclops
518 2875 669 2955 Cyclopia,
692 2877 815 2957 chalybs
837 2875 979 2956 chalybis.

120 2987 147 3027 rs
247 2976 387 3035 Vniversa
409 2978 528 3037 nomina
551 2995 674 3056 graeca,
703 2981 916 3057 cuiuscumque
945 2980 1006 3039 sint
1027 2979 1162 3056 generis,
1185 2978 1349 3055 genitivum
1372 2975 1450 3055 apud

160 3078 227 3137 illos
247 3080 278 3137 in
300 3077 353 3139 has
375 3077 503 3157 syllabas
525 3081 660 3148 mittunt,
684 3082 717 3139 in
738 3099 790 3158 ης,
819 3087 852 3138 ut
874 3077 984 3158 Κίρκη
1007 3078 1147 3158 Κίρκης,
1176 3080 1207 3138 in
1230 3097 1283 3150 ας,
1312 3084 1345 3137 ut
1367 3075 1448 3137 Φαί-

159 3176 225 3258 δρα
240 3177 403 3258 Φαίδρας,
420 3183 451 3241 in
466 3199 523 3250 ov,
540 3188 573 3241 ut
588 3177 724 3252 Αἰνείας
739 3176 894 3251 Αἰνείου,
911 3183 943 3241 in
959 3200 994 3250 α,
1018 3188 1051 3242 ut
1068 3173 1184 3251 Ἀντᾶς
1203 3172 1315 3249 liveri,
1339 3180 1371 3239 in
1394 3196 1447 3250 ως,

159 3290 193 3342 ut
214 3274 348 3361 Πηλεὺς
369 3279 522 3361 Πηλέως,
547 3285 577 3342 in
600 3301 675 3354 ους,
705 3289 737 3342 ut
764 3277 985 3362 Δημοσθένης
1006 3277 1266 3362 Δημοσθένους,
1288 3282 1321 3340 in
1342 3298 1394 3352 ος,
1417 3286 1450 3339 ut

161 3378 250 3454 Θόας
273 3378 431 3455 Θόαντος,
455 3385 551 3462 γίγας
572 3382 738 3462 γίγαντος.
772 3385 866 3461 igitur
887 3402 1092 3464 quaecumque
1115 3386 1235 3445 nomina
1257 3381 1334 3462 apud
1357 3380 1448 3441 Grae·

119 3494 147 3536 ³⁰
160 3504 211 3545 cos
233 3487 395 3562 genitivum
418 3488 449 3545 in
472 3504 510 3564 ης
532 3486 577 3546 vel
600 3489 630 3546 in
653 3506 692 3558 ας
713 3487 848 3554 mittunt,
872 3486 950 3566 apud
971 3505 1026 3547 nos
1045 3488 1160 3566 primae
1184 3493 1253 3545 sunt
1275 3483 1449 3544 declinatio-

160 3590 222 3657 nis,
246 3594 278 3646 ut
300 3588 385 3647 Circe
408 3587 452 3646 rel
476 3587 562 3647 Circa
584 3588 673 3648 huius
695 3588 813 3657 Circae,
842 3587 977 3649 Phaedra
1005 3588 1167 3648 Phaedrae.
1212 3588 1342 3666 quaein
1363 3604 1384 3644 α
1405 3583 1452 3644 rel

160 3692 192 3749 in
215 3707 256 3748 ov
278 3691 441 3766 genitivum
464 3691 586 3750 mittunt
607 3709 624 3750 a
646 3692 828 3751 nominativo
851 3708 890 3761 ας
904 3689 950 3750 vel
965 3709 1004 3770 ης
1019 3690 1139 3770 syllabis
1154 3690 1314 3749 terminato
1330 3688 1449 3747 venien·

160 3794 217 3859 tia,
241 3791 330 3851 simili
355 3790 442 3850 modo
458 3793 571 3869 primae
587 3800 656 3853 sunt
676 3792 899 3861 declinationis,
915 3799 948 3852 ut
962 3791 1053 3853 Anias
1068 3791 1177 3860 Antae,
1193 3792 1309 3852 Aeneas
1323 3790 1450 3859 heneae,

160 3892 283 3954 Orestes
311 3891 445 3952 Orestae.
490 3912 565 3972 quae
593 3896 624 3954 in
653 3913 695 3953 ov
723 3892 864 3973 syllabam
892 3901 1002 3956 exeunt
1024 3896 1055 3954 in
1077 3895 1210 3971 genitivo
1232 3913 1249 3954 a
1270 3892 1451 3952 nominativo

121 4000 147 4041 ³⁶
161 4014 198 4066 ος
220 3997 378 4055 terminato
401 3997 565 4064 venientia,
589 3995 735 4056 secundae
758 4004 829 4057 sunt
850 3996 1071 4066 declinationis,
1095 4003 1128 4056 ut
1150 3995 1297 4056 llomerus
1318 3993 1450 4062 Homeri,

229 4201 246 4249 4
267 4199 291 4249 in
310 4215 342 4249 an
360 4201 436 4252 Char.
455 4200 504 4256 25,
521 4197 564 4249 26.
586 4214 643 4252 eme.
664 4197 741 4253 char.
761 4198 821 4267 540,
840 4198 883 4251 36.
900 4200 980 4254 Proh.
1000 4200 1066 4253 east.
1083 4199 1113 4262 a,
1133 4198 1166 4251 18
1237 4198 1271 4250 10
1287 4198 1353 4248 inin
1373 4196 1449 4250 Char.

161 4269 205 4335 29,
224 4269 267 4323 26.
287 4285 345 4331 exc,
365 4269 441 4322 θίαν.
461 4270 521 4330 542,
539 4266 572 4317 23

235 4476 248 4524 l
268 4476 431 4539 penultimam
447 4473 571 4540 syllabam
590 4487 604 4522 o
621 4474 645 4523 P
662 4473 828 4539 penultimam
844 4473 967 4540 syllabam
987 4473 1031 4529 ἲς
1100 4471 1160 4526 llut
1175 4471 1292 4537 uirgilius
1305 4484 1356 4535 pan
1369 4482 1450 4535 panos

163 4545 194 4594 de
213 4559 282 4594 more
295 4544 344 4611 lyei
355 4547 393 4593 F:
417 4546 488 4609 Verp
507 4545 571 4595 Aen.
590 4544 649 4593 Vlll
667 4544 718 4596 344
787 4543 821 4593 24
840 4544 953 4610 chalybis
969 4556 1096 4594 rnrrnorss
1115 4541 1279 4623 uniuersstP
1291 4538 1381 4589 calibis
1398 4552 1450 4588 rer-

163 4628 231 4664 rosa
250 4629 460 4665 nsosrrvoonsnn
482 4615 601 4665 uniuersa
619 4614 644 4662 F
693 4613 727 4663 25
745 4614 847 4679 generis
863 4613 886 4664 si
903 4613 1085 4678 genitiuumP
1135 4612 1167 4665 31
1187 4621 1215 4660 ut
1233 4606 1451 4660 circaeuelelrea

163 4684 240 4733 huius
259 4686 339 4733 cirene
362 4688 387 4735 P
405 4694 431 4734 ut
452 4699 519 4734 rrnrr
537 4698 621 4733 rrnarc
645 4685 713 4733 cirea
731 4683 812 4732 circas
831 4683 857 4732 F
941 4681 981 4731 uel
1001 4682 1025 4731 in
1045 4696 1077 4732 or
1097 4697 1112 4731 a
1135 4681 1290 4732 nominatiuo
1310 4693 1340 4727 se
1358 4676 1399 4727 nel
1418 4691 1451 4726 no

164 4753 271 4818 syllabis
294 4757 425 4804 terminato
444 4755 574 4804 uenientia
591 4754 732 4819 genitiuum
750 4753 853 4803 mittunt
872 4752 949 4802 simili
968 4753 993 4801 P
1009 4752 1049 4801 nel
1071 4752 1097 4802 in
1123 4767 1156 4803 or
1183 4749 1325 4816 genitiuum
1350 4748 1452 4798 mittunt

166 4822 348 4874 ooniinatiuum
370 4827 395 4873 in
415 4841 443 4874 as
459 4824 499 4874 nel
519 4825 544 4873 in
561 4838 589 4874 es
608 4822 715 4888 syllabis
733 4823 902 4875 terminantur
919 4821 996 4873 simili
1015 4820 1040 4871 F

216 4912 392 4956 unauuarrrt
407 4915 500 4958 mrim
513 4914 542 4960 v.
1208 4900 1249 4966 28
