3346 5498
687 347 923 410 COMMENTVM
1391 342 1455 410 215

1270 468 1291 509 p.
1305 456 1394 497 267-ιο
1407 453 1430 495 L.

160 538 289 600 necdum
305 544 363 607 est,
379 536 430 598 sed
448 537 522 597 erit?
545 554 616 614 ergo
633 537 657 596 si
674 543 789 615 tempus
805 535 935 595 luturom
951 536 980 596 id
997 536 1143 614 siguificat
1163 536 1241 617 quod
1256 535 1384 597 necdum
1399 543 1453 607 est,

161 660 221 720 quo
236 639 324 701 modo
339 646 437 719 potest
452 647 552 700 tenere
569 645 683 717 tempus
699 638 847 699 luturum‘t
868 657 928 698 nou
944 646 1041 718 potest
1057 640 1135 708 fieri,
1160 640 1298 719 quoniam
1314 637 1454 718 quiequid

160 742 326 803 iudicamus
348 743 502 821 praeteriti
517 749 571 801 out
583 744 752 816 praesentis
767 748 819 800 est
852 759 921 801 ecee
944 740 1085 820 numquid
1109 760 1228 821 possum
1245 741 1299 803 tihi
1321 739 1455 831 indicare

160 848 219 906 uisi
243 845 322 923 quod
338 846 392 906 scii
407 852 458 904 aut
478 843 556 923 quod
573 845 654 904 scio?
678 861 738 903 non
754 841 807 902 tibi
827 860 951 921 possum
971 842 1104 904 indicare
1125 843 1203 923 quod
1227 843 1324 904 adhuc
1340 844 1452 912 nescio,

133 947 242 1028 equod
269 947 363 1008 futuri
393 955 438 1007 est
466 945 617 1026 temporis.
663 963 735 1023 ergo
763 944 936 1005 indicativus
968 944 1073 1005 modus
1105 953 1222 1026 tempus
1252 944 1453 1026 praelteritum

159 1048 251 1110 habet
273 1058 303 1110 et
323 1066 479 1128 praesens;
508 1049 642 1108 luturum
670 1055 770 1108 autem
796 1045 906 1106 hahere
935 1065 994 1108 uon
1016 1053 1128 1126 potest,
1152 1049 1290 1127 quoniam
1312 1065 1386 1126 quae
1407 1047 1453 1106 iu-

160 1153 296 1213 dicamus
319 1158 369 1211 aut
390 1152 448 1211 iam
471 1151 605 1210 novimus
627 1155 679 1209 aot
698 1150 757 1208 iam
780 1150 954 1210 scieramus.
987 1150 1012 1209 si
1035 1156 1131 1210 autem
1153 1149 1268 1220 indico,
1292 1167 1352 1209 uon
1375 1148 1452 1229 quod

160 1253 257 1315 adhuc
279 1255 394 1322 nescio,
419 1251 471 1313 sed
494 1270 563 1312 cum
585 1250 731 1320 didicero,
759 1252 819 1311 iam
840 1269 900 1311 non
924 1251 981 1312 erit
1002 1252 1057 1311 ista
1080 1269 1167 1311 causa
1190 1271 1208 1304 ι
1245 1252 1368 1311 retineri
1390 1268 1452 1310 mo-

161 1356 217 1417 dus
239 1356 438 1435 promissivus
470 1361 593 1433 propter
609 1371 730 1413 causam
752 1354 838 1413 istam
860 1346 996 1432 plerique
1020 1371 1078 1413 nou
1102 1372 1169 1414 eum
1191 1351 1350 1434 repellunt.
1381 1349 1453 1412 illud

121 1481 148 1520 ro
161 1467 257 1520 autem
281 1457 360 1538 quod
375 1456 503 1517 diximus
525 1455 563 1516 de
585 1453 746 1525 defectivo,
770 1455 909 1535 quoniam
925 1473 1016 1516 uuum
1041 1454 1130 1516 hahet
1152 1463 1269 1535 tempos
1291 1453 1453 1515 etidcirco

159 1559 328 1641 repellitur,
352 1577 408 1620 uec
430 1559 487 1618 hoc
510 1575 612 1619 verum
636 1563 689 1617 est.
721 1558 871 1617 narniam
893 1559 917 1616 si
940 1557 1007 1617 ideo
1030 1556 1207 1618 delectivom
1230 1565 1288 1626 est,
1313 1556 1453 1634 quoniam

160 1681 252 1724 unum
275 1660 365 1722 habet
388 1668 518 1740 tempus,
543 1666 572 1719 et
593 1660 786 1738 imperativus
809 1676 880 1736 ergo
908 1657 1014 1720 delicit.
1051 1659 1151 1721 deficit
1172 1661 1237 1721 sine
1259 1657 1364 1726 duhio;
1393 1676 1452 1719 non

160 1767 238 1826 enim
261 1763 351 1824 lrabet
372 1764 428 1822 tria
451 1770 599 1841 tempora,
623 1760 675 1822 sed
698 1761 805 1821 delicit.
843 1779 945 1822 verum
967 1769 1067 1823 tamen
1094 1769 1193 1842 potest
1217 1761 1349 1823 inveniri
1373 1759 1452 1840 quod

159 1866 275 1928 deliciet
297 1868 328 1925 in
351 1872 494 1944 tempora.
527 1865 663 1925 novimus
686 1865 764 1924 enim
787 1861 911 1925 verbum
934 1863 1013 1941 quod
1036 1862 1195 1944 aliquando
1217 1865 1248 1924 iu
1271 1862 1386 1924 duobus
1409 1871 1452 1924 est

121 1991 147 2032 ιε
160 1966 356 2048 temporibus,
380 1964 537 2046 aliquando
559 1967 590 2026 iu
612 1964 717 2026 tribus.
763 1982 835 2042 ergo
857 1967 883 2026 si
904 1966 964 2026 iam
986 1965 1131 2027 admissus
1154 1972 1198 2027 εει
1220 1965 1354 2027 delectus
1377 1973 1451 2027 tem·

158 2088 280 2150 porum,
312 2067 374 2129 noli
401 2085 560 2148 quaerere,
592 2075 691 2128 utrum
720 2068 750 2128 in
782 2084 841 2127 uno
869 2066 998 2137 deficiat,
1026 2076 1126 2129 utrum
1151 2071 1181 2129 iu
1211 2068 1340 2137 duobus,
1365 2067 1449 2128 dum·

159 2171 247 2233 modo
269 2170 394 2232 deliciet.
439 2187 511 2248 ergo
532 2171 589 2230 iste
611 2174 655 2229 est
676 2170 877 2247 promissivus.

242 2273 381 2353 Sequitur
404 2273 559 2352 optativus.
590 2273 737 2351 optativus
760 2277 818 2340 est,
842 2271 893 2331 ubi
915 2271 1087 2333 adverbium
1109 2280 1154 2334 est
1175 2274 1305 2352 optantis
1327 2273 1449 2344 utinam,
1463 2281 1523 2344 411,
1538 2284 1569 2334 13

158 2383 227 2456 puta
260 2376 374 2435 utinam
408 2374 532 2434 diceres.
577 2375 712 2454 sequitur
749 2375 965 2435 coniunctivus:
997 2375 1202 2436 coniunctivus
1234 2375 1356 2445 dicitur,
1391 2351 1552 2436 novr*''⁰⁴¹’3

104 2489 145 2542 ‘eo
159 2478 238 2559 quod
259 2477 350 2539 habet
370 2475 546 2556 particulam
566 2494 644 2537 cum.
672 2494 739 2536 nam
762 2476 788 2535 si
810 2475 877 2536 ideo
900 2475 1050 2538 diceretur
1074 2478 1286 2548 coniunctivus,
1311 2479 1450 2556 quoniam

158 2580 247 2643 hahet
272 2579 448 2659 particulam
477 2597 558 2648 cum,
588 2586 618 2639 et
645 2579 792 2658 optativus
820 2578 968 2641 diceretur
1002 2580 1220 2654 coniunctivus,
1251 2580 1391 2659 quoniam
1423 2587 1452 2641 et

157 2684 220 2763 ipse
242 2680 333 2742 habet
353 2683 474 2742 utinam.
520 2698 591 2758 ergo
614 2681 753 2760 quoniam
777 2677 781 2758 Ι
806 2682 958 2760 coniungit
985 2680 1043 2742 sibi
1070 2681 1245 2761 particulam
1269 2700 1353 2752 eum,
1382 2681 1450 2743 ideo

157 2785 264 2846 dicitur
287 2784 512 2845 coniunctivus?
534 2803 594 2844 non
619 2783 697 2860 (nam
721 2788 750 2843 et
777 2784 922 2862 optativus
943 2789 1043 2864 posset
1065 2783 1124 2844 diei
1146 2786 1374 2863 coniunctivus),
1397 2784 1449 2845 sed

156 2895 278 2967 propter
299 2885 379 2947 illam
401 2887 562 2956 rationem,
592 2887 731 2966 quoniam
755 2904 815 2947 non
836 2893 935 2965 potest
961 2888 1017 2946 iste
1038 2885 1145 2947 modus
1167 2886 1296 2966 prolerri
1318 2887 1383 2947 sine
1405 2888 1450 2946 iu·

120 2989 285 3054 mdicativo
311 2989 409 3049 modo.
455 2989 660 3050 coniunctivus
686 2987 792 3050 modus
820 2989 883 3048 sine
910 2986 1067 3049 indicativo
1096 3006 1255 3068 numquam
1288 2989 1448 3068 profertur.

157 3098 227 3170 puta
249 3097 337 3152 ‘eum
358 3091 475 3160 lecero,
498 3089 574 3164 ibo',
599 3090 686 3152 ‘cum
703 3090 821 3159 dixero,
845 3090 995 3151 audiam’:
1019 3108 1088 3151 ecce
1111 3093 1196 3151 ‘cum
1213 3091 1341 3160 lecero’,
1364 3092 1449 3152 ‘cum

157 3193 288 3263 dixero’,
312 3191 410 3253 solum
432 3192 489 3253 hoe
511 3193 558 3253 dic
582 3200 611 3252 et
633 3192 694 3253 noli
716 3191 795 3253 aliud
818 3182 938 3252 addere.
982 3192 1146 3263 videamus,
1176 3195 1201 3252 si
1224 3201 1322 3272 potest
1344 3190 1450 3270 aliquis

157 3294 213 3356 hoc
236 3293 419 3373 intellegere.
463 3293 532 3374 quid
556 3301 601 3354 est
623 3300 707 3355 ‘cum
731 3294 868 3353 lecero'l
896 3293 983 3372 quid?
1015 3293 1111 3355 adhuc
1134 3293 1252 3373 pendet.
1298 3299 1382 3355 ‘cum
1405 3295 1449 3355 di·

156 3401 257 3466 xero’,
280 3404 331 3456 aut
358 3394 474 3456 ‘scribo
497 3395 568 3455 tibi'
595 3404 647 3458 aut
673 3395 767 3456 ‘dabo
790 3395 870 3455 tihi’.
916 3413 988 3474 ergo
1009 3395 1077 3456 ideo
1100 3395 1196 3456 dictus
1217 3404 1263 3456 est
1285 3397 1449 3457 coniuncti·

116 3517 222 3568 sorus,
253 3498 330 3578 quod
359 3498 514 3576 coniungit
540 3495 598 3558 sibi
630 3498 820 3558 indicativum
853 3497 975 3558 modum
1003 3497 1040 3558 ad
1075 3497 1299 3578 exprimendum
1327 3516 1448 3560 sensum

155 3619 252 3661 suum.
283 3609 312 3660 et
333 3599 413 3660 unde
436 3602 546 3661 scimus
570 3602 710 3680 quoniam
732 3601 884 3679 coniungit
905 3598 961 3659 sihi
985 3598 1090 3669 alium,
1112 3599 1192 3661 unde
1215 3602 1360 3681 exprimat
1380 3619 1448 3663 sen·

155 3721 221 3763 sum
243 3703 348 3763 suum?
377 3704 518 3781 quoniam
546 3700 595 3762 alii
621 3702 702 3762 modi
729 3720 784 3782 per
810 3719 843 3762 se
871 3700 1097 3779 intelleguntur,
1126 3720 1181 3782 per
1209 3721 1241 3762 se
1263 3701 1344 3782 pleni
1366 3711 1446 3764 sunt.

155 3802 330 3880 omologo,
355 3803 497 3883 numquid
520 3822 596 3884 opus
619 3812 664 3865 est
685 3811 717 3865 ut
730 3806 836 3883 iungas
858 3802 987 3884 aliquid?
1009 3803 1089 3882 lege,
1111 3806 1169 3865 iam
1192 3805 1250 3866 scis
1272 3805 1341 3884 quid
1365 3804 1446 3867 dico:

155 3907 268 3967 utinam
290 3905 435 3984 legerem,
459 3908 517 3965 iam
540 3908 599 3966 sois
621 3905 690 3985 quid
714 3905 790 3967 dico.
833 3909 920 3967 ‘cum
942 3907 1062 3985 legero’
1086 3913 1184 3967 autem
1206 3906 1318 3987 pendet
1339 3907 1445 3979 adhue,

117 4007 237 4087 equod
261 4008 296 4068 ad
319 4008 564 4085 significationem
586 4010 729 4088 pertinet;
753 4010 840 4070 ‘cum
862 4010 1010 4088 scripsero
1019 4014 1037 4079 ’,
1061 4015 1130 4089 puta
1153 4009 1284 4080 tiaciam,
1307 4009 1445 4081 scribam,

52 4166 60 4180 ,
154 4109 285 4178 dicam';
316 4109 369 4170 sed
397 4110 536 4182 ‘faciam
566 4110 709 4181 scribam,
741 4111 854 4173 dicam’
881 4111 1030 4171 indicativi
1065 4110 1146 4172 modi
1182 4118 1235 4172 est.
1281 4130 1353 4190 ergo
1379 4112 1447 4173 ideo

154 4211 263 4273 dieitur
291 4213 495 4274 coniunctivus
521 4213 641 4283 modus,
670 4213 749 4294 quod
777 4215 929 4293 coniungit
957 4213 1012 4274 sibi
1040 4213 1229 4275 indicativum
1258 4212 1379 4275 modum
1407 4213 1444 4275 ad

154 4293 381 4394 exprimenddm
404 4333 523 4375 sensum
547 4334 641 4377 suum.

240 4416 400 4476 lnlmitivus
423 4416 530 4477 dicitur
554 4417 658 4479 modus
680 4418 718 4478 ab
740 4438 790 4488 eo,
815 4416 894 4498 quod
912 4415 915 4498 l
933 4436 992 4477 nou
1016 4417 1136 4479 definiat
1158 4436 1309 4498 personas.
1340 4434 1516 4552 omnesppp,
1529 4436 1562 4485 37

1508 4504 1562 4562 ,10

213 4638 239 4687 ,3
257 4647 301 4687 aut
320 4640 459 4703 praesentis
477 4655 523 4688 om.
544 4639 628 4687 ABG
682 4637 785 4706 ileum]
808 4638 915 4702 quodO
972 4639 1020 4687 iste
1039 4653 1115 4688 ceusu
1132 4647 1245 4689 reteuere
1263 4638 1442 4689 Aistdcausa

153 4709 262 4758 reteneri
280 4708 311 4757 a*
330 4709 388 4758 talis
406 4724 482 4759 eausa
501 4710 603 4757 retineri
616 4709 656 4760 Gd
672 4712 697 4758 td
710 4713 786 4760 caueri
798 4709 901 4758 retineri
913 4707 938 4757 B
991 4706 1023 4759 13
1037 4708 1121 4758 delicit
1139 4708 1221 4768 (dedet
1234 4708 1259 4758 A
1272 4722 1339 4758 corr.
1352 4709 1397 4758 -eit
1413 4712 1442 4774 a)

153 4787 238 4844 potest
257 4779 363 4828 inueniri
384 4790 556 4828 oerumtameu
575 4779 738 4840 quodABC
789 4780 821 4830 15
840 4779 861 4827 si
874 4795 920 4832 om,
937 4777 972 4840 A,
985 4778 1081 4831 oddo
1136 4779 1304 4830 ldlnuuum
1319 4778 1394 4828 ABG

153 4849 272 4900 delicium
290 4859 373 4899 utrum
395 4851 420 4899 in
439 4849 537 4899 duobus
551 4849 678 4912 quomodo
697 4848 858 4899 deliciomA
928 4852 1037 4902 22cum
1055 4866 1102 4904 om.
1122 4849 1148 4898 Α
1216 4847 1391 4918 23possitA
