3346 5498
687 364 936 440 uultuunvvnt,
1387 363 1445 428 ltt

1264 487 1285 528 p.
1299 476 1387 515 let-86
1400 473 1423 514 Ι,

155 555 283 632 nuptiae,
308 554 450 631 numquid
473 561 570 634 potest
592 553 649 614 boc
671 571 765 632 genus
781 555 961 615 matrimonii
983 573 1037 634 per
1061 572 1152 615 unum
1174 554 1238 613 lieri
1262 563 1290 614 et
1313 572 1372 614 non
1395 572 1449 633 per

157 656 248 716 duos?
277 656 390 716 idcirco
418 658 506 720 etiam
535 658 651 717 numeri
681 655 803 737 pluralis
826 664 880 715 est.
924 658 994 715 item
1018 658 1048 715 in
1071 674 1181 733 genere
1204 663 1309 715 neuim
1331 657 1448 716 numeri

74 758 80 772 “
155 765 267 818 tantum
297 759 384 819 modo
417 758 555 837 pluralis,
591 759 759 819 Saturnalia
787 757 954 819 Vulcanalia
987 757 1171 837 Compitalia.
1213 757 1327 817 idcirco
1361 758 1448 818 etiam

156 858 300 920 debemus
329 860 385 921 boc
414 859 673 943 animadverltere,
704 860 782 938 quod
812 859 919 939 aliquis
946 859 1063 920 obiecit.
1108 858 1305 939 quaerebatur
1338 859 1450 920 Pascha

68 1014 74 1027 ,
128 963 240 1022 ocuius
262 975 341 1022 esset
364 965 489 1024 numeri.
513 997 517 1011 ·
536 963 599 1023 dies
622 964 715 1023 lestus
737 971 789 1023 est.
828 963 926 1022 omnia
951 964 1070 1022 nomina
1093 962 1207 1022 dierum
1231 962 1372 1022 festorum
1395 980 1448 1021 nu·

156 1065 230 1124 meri
254 1074 323 1125 sunt
345 1073 460 1126 tantum
482 1064 618 1144 pluralis,
643 1064 811 1126 Vulcanalia
835 1063 1018 1144 Compitalia.
1042 1062 1160 1125 dicebat
1173 1062 1223 1124 ille
1238 1065 1290 1141 qui
1305 1061 1451 1124 obiciebat

157 1167 245 1226 etiam
269 1164 325 1225 lroc
348 1168 465 1227 numeri
489 1185 554 1226 esse
578 1176 690 1227 tanturn
713 1165 846 1246 pluralis.
882 1164 933 1226 sed
956 1174 1025 1226 suut
1047 1184 1153 1226 causae
1175 1185 1249 1246 quae
1269 1172 1449 1244 repugnant:

156 1269 267 1346 primo.
299 1269 376 1344 quod
404 1267 452 1328 illa
482 1271 601 1328 nomina
631 1271 661 1329 in
691 1270 718 1329 ia
742 1277 864 1337 exeunt,
889 1266 1056 1327 Vulcanalia
1080 1267 1246 1329 Saturnalia
1269 1266 1450 1346 Compitalia,

159 1377 187 1429 et
209 1368 320 1429 babent
342 1369 507 1449 principale
528 1389 629 1439 suum,
659 1371 737 1431 unde
766 1373 914 1437 oriantur,
943 1369 1084 1430 Vulcanal
1109 1368 1288 1439 vulcanalia,
1312 1367 1451 1429 blinerval

118 1491 144 1530 ιο
158 1469 344 1540 lliuervalia,
369 1471 513 1552 Compital
537 1472 726 1551 Compitalia,
750 1471 861 1534 babent
888 1470 1052 1552 principale
1075 1486 1178 1540 suum,
1202 1470 1281 1530 unde
1303 1465 1451 1540 oriantur;

158 1573 215 1633 boc
237 1592 296 1633 non
320 1572 424 1642 babet,
448 1593 504 1635 nec
527 1576 565 1635 ita
590 1577 649 1635 exit
671 1577 702 1635 in
725 1577 767 1645 ia,
791 1573 843 1635 sed
866 1575 897 1633 in
920 1591 946 1633 a.
977 1573 1084 1634 deinde
1106 1573 1163 1633 boc
1193 1592 1300 1633 nomen
1329 1571 1452 1633 latinum

158 1685 216 1745 est,
247 1695 261 1735 a
292 1674 434 1736 latinitate
463 1676 632 1745 descendit;
662 1675 735 1736 illud
764 1695 833 1736 vero
862 1694 1002 1754 graecum
1033 1683 1085 1736 est.
1125 1684 1154 1735 et
1176 1677 1310 1735 novimus
1332 1676 1453 1735 nomina
1506 1682 1510 1690 '

159 1795 283 1855 graeca,
312 1785 387 1857 quae
414 1779 453 1838 ita
489 1788 597 1839 exeunt
627 1778 704 1858 apud
734 1778 878 1848 Graecos,
908 1785 979 1857 puta
1007 1777 1119 1856 colyma
1148 1776 1313 1857 colymata,
1346 1795 1453 1856 pegma

161 1889 311 1959 pegmata,
335 1889 459 1941 stemma
483 1889 654 1952 stemmata,
679 1883 733 1941 ista
757 1881 903 1942 neutralia
926 1898 1001 1960 quae
1023 1888 1092 1940 sunt
1114 1881 1208 1940 etsie
1231 1887 1355 1947 exeunt,
1385 1897 1453 1940 cum

80 2008 81 2011 ¹
121 1984 315 2060 incoeperint
338 1985 465 2044 transire
488 1986 518 2043 in
542 2002 699 2044 numerum
721 1981 883 2063 pluralem,
900 2000 1022 2043 necesse
1046 1979 1157 2043 babent
1178 1983 1263 2041 utin
1285 1989 1314 2042 ta
1337 1989 1451 2043 exeant.

160 2103 220 2163 quo
242 2083 330 2144 modo
355 2104 426 2164 ergo
450 2085 491 2145 vis
514 2105 579 2147 esse
603 2086 677 2146 boc?
711 2093 743 2146 ut
764 2065 901 2163 graecam
919 2087 1058 2163 sequaris
1080 2085 1240 2153 rationem,
1264 2091 1315 2144 aut
1335 2091 1368 2144 ut
1389 2082 1454 2145 lati·

161 2188 249 2247 nami
283 2190 307 2246 si
331 2206 467 2264 graecam
493 2189 534 2247 vis
556 2206 716 2267 sequamur
738 2190 900 2256 rationem,
932 2185 1104 2247 nonhabet
1127 2204 1284 2247 numerum
1307 2186 1454 2265 pluralem

163 2287 166 2366 l
192 2290 222 2347 in
244 2298 273 2349 ta
297 2297 470 2358 exeuntem;
500 2291 524 2349 si
554 2290 692 2359 latinam,
717 2309 776 2351 non
799 2289 889 2350 habet
910 2290 947 2348 ia.
994 2287 1073 2349 unde
1096 2296 1210 2348 constat
1232 2307 1291 2349 non
1315 2307 1379 2348 esse
1400 2306 1455 2348 nu-

161 2393 236 2451 meri
263 2391 393 2470 pluralis.
440 2410 512 2470 ergo
540 2401 608 2453 sunt
637 2394 756 2453 nomina
787 2393 902 2452 numeri
929 2399 1044 2452 tantum
1072 2389 1208 2469 pluralis,
1233 2399 1265 2452 ut
1286 2389 1456 2451 llinervalia

121 2522 149 2561 20
163 2491 329 2554 Vulcanalia
353 2504 383 2555 et
405 2494 520 2556 similia.

245 2596 292 2656 nit
321 2597 363 2655 sic
393 2599 479 2658 etiam
502 2600 565 2677 ipse
588 2600 710 2666 timens,
743 2598 881 2674 quoniam
905 2599 961 2657 scit
983 2595 1059 2656 lecta
1082 2613 1146 2655 esse
1168 2594 1259 2657 multa
1282 2605 1385 2656 contra
1407 2614 1456 2656 re·

161 2695 245 2773 gulas
267 2715 353 2765 suas,
377 2698 447 2759 ‘sed
471 2701 549 2759 scire
572 2698 664 2760 debes
686 2698 778 2759 multa
800 2718 854 2777 per
876 2699 1100 2777 usurpationem
1124 2717 1187 2758 esse
1210 2701 1350 2760 conexa'.
1389 2716 1456 2758 nam

162 2817 232 2858 ecce
254 2799 351 2877 pulvis
373 2799 499 2860 dicimus
516 2801 680 2862 secundum
697 2812 808 2870 artem,
833 2811 862 2862 et
886 2809 984 2861 tamen
1008 2801 1174 2861 invenimus
1196 2800 1348 2878 pulveres;
1372 2798 1457 2878 bigae

162 2899 305 2960 debemus
328 2901 443 2971 dicere,
467 2904 635 2963 invenimus
659 2903 734 2982 biga.
768 2903 855 2963 etde
879 2902 925 2962 bis
948 2901 1125 2972 nominibus,
1150 2909 1317 2979 quaesunt
1341 2904 1457 2963 numeri

122 3031 148 3070 25
162 3002 335 3080 singularis,
360 3005 527 3065 invenimus
551 3024 708 3066 numerum
733 3004 877 3084 pluralem
900 3005 1024 3074 lactum,
1054 3004 1142 3064 etde
1166 3004 1212 3065 bis
1234 3006 1305 3065 item
1329 3006 1456 3065 nomini-

163 3104 232 3173 bus,
262 3123 337 3183 quae
364 3114 433 3165 sunt
462 3108 576 3168 numeri
599 3108 735 3186 pluralis,
765 3109 930 3168 invenimus
951 3108 1061 3167 lactum
1085 3124 1241 3167 numerum
1265 3105 1455 3184 singularem.

163 3207 199 3265 de
229 3225 353 3266 numero
381 3207 524 3284 singulari
551 3210 648 3270 lactus
676 3218 722 3271 est
748 3208 883 3290 pluraliS,
913 3218 945 3269 ut
973 3208 1030 3269 boc
1057 3211 1154 3288 ipsum
1182 3208 1277 3288 pulvis
1305 3207 1456 3288 pulveres;

161 3310 232 3367 item
261 3308 298 3368 de
327 3328 454 3369 numero
482 3309 588 3390 plurali
616 3313 710 3373 lactus
733 3320 779 3373 est
801 3309 974 3392 singularis,
999 3310 1084 3387 bigae
1108 3310 1185 3387 biga.
1231 3318 1260 3370 et
1282 3310 1354 3372 illud
1378 3311 1456 3387 quod

136 3469 139 3472 ⁴
164 3411 240 3488 apud
264 3411 424 3489 Vergilium
448 3410 564 3483 babes,·
584 3416 648 3474 vina
674 3412 758 3474 mella
783 3411 909 3481 hordea,
940 3419 970 3471 et
992 3420 1091 3473 cetera
1114 3430 1189 3490 quae
1212 3411 1248 3472 ad
1271 3412 1389 3492 pondus
1412 3411 1458 3473 vel

122 3539 150 3576 ao
165 3511 200 3571 ad
225 3532 396 3573 mensuram
419 3516 571 3593 pertinent
587 3517 703 3576 numeri
726 3522 796 3577 sunt
812 3521 923 3574 tantum
939 3513 1106 3592 singularis.
1139 3534 1196 3595 quo
1213 3515 1319 3576 modo?
1334 3515 1460 3594 legimus

165 3618 230 3675 vina
259 3635 316 3676 non
347 3615 440 3675 solum
469 3619 498 3676 in
523 3617 666 3695 Vergilio,
697 3637 734 3677 ne
767 3617 847 3677 dicas
869 3618 954 3696 quasi
976 3618 1007 3676 in
1028 3627 1116 3697 poeta
1139 3616 1264 3687 lectum,
1288 3615 1380 3678 babes
1402 3617 1460 3677 hoc

166 3720 253 3777 etiam
269 3719 299 3777 in
316 3718 458 3778 Cicerone
475 3718 598 3789 lectum,
625 3721 725 3779 ‘vina
749 3719 1165 3798 vinalisquertsiatica',
1190 3718 1317 3780 ‘mella
1339 3719 1459 3780 iluant

166 3819 169 3900 l
196 3818 281 3887 illi',
312 3821 446 3879 ‘serite
475 3820 614 3882 lrordea
645 3824 812 3901 campis’,
842 3824 1023 3901 ‘aeraque
1051 3821 1200 3883 sudant'
1224 3820 1293 3904 [boc
1314 3841 1364 3883 aes
1386 3820 1460 3882 baec

165 3920 263 3997 aeraJ:
288 3922 343 3980 ista
367 3924 464 3982 omnia
487 3942 542 4002 per
565 3926 786 4003 usurpationem
809 3923 958 3985 dicuutur.

240 4109 246 4155 l
271 4122 320 4155 non
341 4123 386 4159 orn.
408 4110 442 4171 Α,
463 4111 524 4164 odd,
544 4128 560 4160 α
631 4113 741 4162 2etiam
760 4112 808 4162 boc
830 4113 927 4163 numeri
942 4112 966 4161 A
1012 4135 1014 4140 ·
1035 4114 1051 4163 t
1071 4111 1160 4162 obiecit
1175 4130 1191 4163 a
1211 4112 1287 4162 obicit
1309 4114 1331 4161 Α
1340 4114 1392 4165 BC

166 4177 181 4224 ἶ)
203 4177 288 4223 «metria
308 4181 408 4226 nonime
429 4181 484 4229 AB
500 4183 585 4230 omnia
610 4186 675 4231 enim
696 4187 800 4232 nomina
818 4181 876 4234 Ga*
945 4184 962 4231 ll
986 4183 1085 4232 dicebat
1105 4209 1137 4218 -
1158 4182 1174 4231 8
1192 4181 1343 4247 Compitalia
1365 4184 1454 4241 onesi,

166 4245 225 4297 odd.
246 4263 260 4294 c
334 4249 363 4297 lt
389 4257 493 4298 stemma
518 4250 662 4318 stemmata]
689 4263 789 4319 stegmo
815 4261 940 4318 ategmnta
964 4250 1054 4302 nea*
1078 4260 1135 4317 steg
1152 4294 1179 4304 ..
1206 4264 1347 4318 stegemutn
1367 4254 1391 4303 A

170 4315 201 4363 lo
218 4332 280 4380 ergo
300 4333 345 4366 orn.
366 4318 386 4367 C
455 4337 511 4370 esse
530 4332 556 4369 ut
578 4321 626 4370 boc
647 4333 690 4370 aut
712 4338 829 4385 graecam
849 4323 875 4373 B
944 4323 977 4370 ‘22
997 4323 1074 4371 multe
1091 4336 1136 4373 orn.
1158 4321 1225 4373 BC:
1243 4323 1321 4371 multa
1336 4338 1381 4388 per
1400 4337 1461 4372 con-

165 4386 325 4435 suetudinem
350 4404 406 4438 esse
432 4403 552 4453 usurpata
577 4395 682 4442 coniecit
708 4393 894 4444 Lindemannus
982 4392 1015 4443 23
1041 4389 1136 4457 pulvis]
1170 4393 1289 4456 pulueres
1313 4393 1393 4442 ABG

164 4454 295 4522 pulveres]
317 4457 407 4523 puluer
421 4459 503 4509 Anu
585 4463 619 4510 24
636 4464 667 4511 de
683 4462 723 4512 bis
740 4464 885 4512 nominibus
898 4459 931 4510 a*
948 4461 980 4510 de
999 4461 1038 4511 bis
1053 4462 1164 4510 numeris
1176 4462 1262 4512 ABG
1345 4461 1378 4510 ‘29
1396 4475 1460 4523 quae

165 4525 197 4573 ad
217 4527 318 4589 pondus
342 4527 384 4576 uel
402 4530 434 4577 nd
455 4545 598 4579 mensorem
622 4532 749 4596 pertinent
768 4533 806 4584 Cb
826 4547 891 4595 quae
910 4533 944 4581 ed
965 4531 1065 4596 pondus
1083 4539 1108 4580 et
1125 4547 1270 4581 mensnram
1294 4532 1420 4596 pertinent
1436 4530 1460 4578 B

165 4610 230 4657 quae
247 4598 361 4660 pondere
381 4609 559 4649 mensurentur
574 4601 598 4649 A
616 4616 680 4663 quae
696 4603 808 4665 pondere
828 4617 932 4650 [numero
951 4617 1069 4650 mensura
1088 4617 1105 4650 a
1173 4601 1208 4652 30
1225 4599 1295 4665 sunt]
1313 4609 1352 4649 est
1366 4600 1390 4648 A

165 4666 200 4715 32
219 4667 244 4713 in
266 4668 396 4716 cnecirone
411 4670 451 4720 A.-
470 4671 522 4723 Cie.
537 4670 562 4717 in
586 4673 664 4724 Verr.
682 4680 731 4720 eet.
748 4688 800 4725 aec.
822 4671 889 4745 tau,
906 4671 937 4720 91
959 4673 1016 4719 vina
1034 4680 1167 4735 ceteraque
1186 4687 1251 4734 qiree
1269 4671 1295 4718 in
1313 4670 1372 4717 bsio
1386 4668 1458 4717 facil·
1545 4686 1558 4706 τ

166 4788 225 4837 lime
250 4798 428 4852 comparentur
451 4791 484 4852 cf.
515 4791 616 4841 Gledon.
634 4808 664 4854 p.
692 4790 759 4842 1898
830 4751 880 4841 dua
904 4792 1100 4855 uinalisquneC
1168 4788 1252 4856 mella]
1279 4791 1358 4855 Verg.
1378 4789 1459 4843 bucol.

167 4860 193 4921 3,
210 4857 245 4908 89
317 4858 349 4907 33
368 4857 454 4926 serite]
482 4862 560 4927 Verp.
575 4876 664 4927 georg.
681 4863 690 4910 l
710 4862 762 4914 210
834 4859 954 4928 uereque]
980 4863 1155 4927 Verggeerg.
1175 4861 1252 4912 1480

219 4948 394 4991 cnarrnmncr
410 4950 499 4993 innui
514 4953 541 4995 v.
1218 4944 1258 5008 12
