3346 5498
238 370 281 442 50
798 373 970 439 clauum!

264 483 429 542 praecare.

240 585 322 642 meus
356 573 423 625 tuus
455 584 534 625 suus.
558 599 599 608 -
622 563 703 625 llle:
732 562 783 624 ille
817 583 883 624 cum
912 564 1053 633 dicimus,
1084 583 1142 625 lion
1171 580 1381 643 usquequaque
1415 563 1529 624 linitum

240 675 298 735 est,
322 667 373 727 sed
396 675 467 728 tunc
489 668 618 735 finitum,
642 684 709 726 cum
732 666 768 726 ad
791 675 978 745 praesentem
1001 666 1139 744 dirigitur
1154 665 1298 735 elocutio;
1322 684 1392 726 cum
1407 684 1477 725 vero
1494 664 1530 724 de

239 769 360 830 absente
383 768 486 830 relatio
515 776 574 835 est,
603 768 710 828 infiniti
738 770 867 847 speciem
896 768 1005 829 babere
1034 769 1221 845 cognoscitur
1249 766 1294 827 vel
1322 768 1420 827 minus
1443 783 1531 843 quam

121 871 312 942 379‚30buiti
339 905 374 915 -
404 870 648 946 Subiunctiva
679 878 717 929 ut
748 871 824 947 qui:
859 869 1042 932 subiunctira
1071 870 1123 947 qui
1151 871 1189 944 is,
1219 870 1299 949 ‘ipse
1328 876 1373 929 est
1400 866 1450 927 ille
1481 869 1532 947 qui

238 975 384 1053 scripsit',
413 974 482 1052 ‘qui
503 971 577 1033 illud
604 972 688 1041 lecit,
711 972 736 1032 is
756 972 843 1031 etiam
867 971 951 1031 hoc'.
989 973 1015 1031 is
1038 970 1074 1031 ad
1096 978 1194 1031 certas
1216 989 1359 1050 personas
1381 969 1557 1048 dirigimus

192 1084 225 1133 29
238 1077 303 1153 quis
325 1074 360 1136 ad
383 1076 521 1134 incertas.
544 1107 586 1116 —
607 1073 703 1134 Minus
726 1090 813 1150 quam
835 1073 917 1133 linita
938 1080 1008 1134 sunt
1035 1089 1110 1150 quae
1131 1091 1187 1133 nee
1208 1073 1290 1133 finita
1313 1079 1381 1133 sunt
1409 1090 1465 1132 nec
1486 1072 1532 1131 in·

239 1179 327 1237 linita.
365 1194 433 1237 narn
456 1177 512 1235 iste
535 1184 564 1235 et
591 1176 655 1254 ipse
685 1183 714 1235 et
736 1175 772 1235 de
793 1173 1002 1255 praesentibus
1024 1173 1149 1234 dicimus
1171 1182 1201 1235 et
1229 1173 1265 1234 de
1287 1167 1468 1235 absentibus.
1493 1207 1534 1216 —

193 1289 225 1336 27
239 1279 335 1338 Finita
357 1284 426 1337 sunt
448 1276 612 1337 secundum
634 1278 798 1352 finitionem
820 1294 981 1356 personae,
1006 1284 1038 1336 ut
1060 1277 1108 1336 ait
1121 1275 1249 1345 Plinius,
1273 1276 1385 1336 infinita
1407 1293 1534 1354 genera·

239 1378 321 1450 liter,
346 1398 381 1439 co
404 1378 482 1456 quod
505 1377 632 1458 plurima
655 1380 731 1449 sint,
762 1389 795 1439 ut
822 1380 897 1458 quis.
925 1396 979 1457 per
1007 1395 1110 1438 ornnes
1140 1379 1217 1438 enim
1240 1378 1356 1456 species
1378 1377 1534 1437 nominum

240 1483 345 1551 currit,
375 1488 407 1541 ut
427 1482 493 1559 quis
515 1480 618 1552 horno,
648 1482 713 1558 quis
736 1497 843 1558 equus,
873 1481 939 1559 quis
961 1479 1070 1550 codex,
1096 1477 1187 1561 lquis
1209 1478 1299 1540 color.
1323 1480 1421 1539 minus
1443 1495 1532 1556 quarn
1547 1499 1569 1537 ιο

239 1583 321 1643 finita
344 1582 483 1643 dicuntur
505 1600 581 1661 quae
597 1600 656 1642 non
673 1583 840 1661 significant
856 1582 932 1658 quod
950 1591 994 1642 est
1008 1591 1134 1643 certum.
1162 1582 1298 1642 referunt
1313 1582 1392 1640 enirn
1408 1579 1533 1639 eandem

238 1703 413 1764 personam,
431 1684 468 1744 de
483 1702 541 1763 qua
557 1691 624 1743 ante
640 1682 757 1744 locutus
780 1691 841 1754 est,
859 1692 888 1744 et
906 1701 970 1743 eam
993 1691 1180 1762 praesentem
1197 1702 1256 1743 non
1274 1700 1339 1743 esse
1354 1682 1533 1760 significant.

240 1823 280 1831 —
291 1788 388 1848 blinds
403 1805 492 1866 quam
504 1786 584 1847 linita
597 1787 774 1865 pronomina
790 1787 911 1865 proprie
923 1796 993 1845 sunt
1005 1802 1081 1862 aquae
1096 1785 1409 1846 commemorationem
1422 1784 1535 1844 iaciunt

240 1908 342 1950 earum
358 1905 568 1968 personarum,
592 1887 751 1966 dequibus
774 1890 832 1948 iam
847 1887 937 1948 locuti
952 1907 1063 1948 sumus.
1081 1921 1122 1931 —
1137 1886 1252 1948 Probus
1268 1894 1405 1967 quattuor
1420 1886 1536 1966 species

240 1992 308 2050 lecit
330 1998 443 2050 tantum
466 1998 495 2048 et
515 1990 586 2068 ipsis
608 1990 705 2050 omnia
726 1991 901 2068 pronomina
924 1991 1056 2069 inposuit
1070 1987 1136 2050 11111
1144 2008 1152 2058 ;
1176 1989 1228 2049 sed
1251 1988 1339 2068 longe
1361 2008 1377 2049 a
1399 1990 1533 2058 veritato,
1547 2009 1571 2048 15

240 2094 307 2169 quia
329 2092 422 2152 multo
437 2088 523 2170 plura
538 2092 737 2152 inveniuntur.
776 2091 828 2151 scd
844 2092 927 2169 siqua
944 2091 1000 2152 alia
1016 2093 1133 2152 inventa
1150 2092 1276 2160 luerint,
1300 2090 1416 2152 abistis
1432 2092 1534 2151 oriun-

239 2203 287 2254 tur
309 2178 539 2273 principalibus,
562 2194 629 2269 quia
652 2193 707 2252 ista
729 2195 904 2271 primigenia
928 2192 1066 2253 dicuntur
1089 2200 1119 2253 et
1141 2212 1176 2254 ex
1198 2194 1270 2272 ipsis
1292 2196 1365 2253 liunt
1386 2190 1443 2252 alia
1464 2210 1534 2271 pro-

239 2297 374 2365 nomina,
398 2302 431 2355 ut
453 2295 585 2374 quisquis
607 2295 751 2374 quispiam
768 2295 903 2372 quisnam
919 2295 1033 2375 aliquis.
1071 2295 1201 2355 Donatus
1217 2294 1330 2354 addidit
1344 2302 1374 2354 et
1388 2295 1430 2353 ait
1452 2298 1535 2354 ‘sunt

239 2396 295 2457 alia
319 2395 482 2475 qualitatis'
505 2404 534 2456 ct
555 2403 654 2472 cetera
684 2394 729 2477 [ut
751 2395 884 2477 quotus]
907 2434 948 2444 -
970 2397 1145 2458 trucutaria
1168 2396 1338 2459 nominibus
1358 2397 1533 2475 iunguntur,

239 2501 308 2579 quia
330 2499 493 2577 iunguntur
516 2498 648 2560 articulis
666 2495 671 2579 Ι
691 2499 881 2560 Graecorum.
920 2518 988 2561 nam
1003 2502 1081 2560 inter
1096 2498 1235 2560 articulos
1250 2507 1280 2560 et
1294 2517 1461 2579 pronomen
1477 2499 1572 2566 bocco

194 2616 228 2663 30
239 2603 375 2661 interest:
400 2598 515 2662 articuli
530 2596 543 2684 Ιι
558 2601 650 2661 iuncti
674 2600 843 2661 nominibus
866 2600 1065 2672 declinantur,
1089 2588 1265 2681 pronomina
1280 2600 1350 2663 sola.
1367 2635 1409 2646 -
1424 2601 1532 2662 Cuia·

240 2703 288 2763 tis
317 2704 511 2764 nostratis:
534 2701 615 2776 ¹hacc
638 2701 774 2763 dicuntur
796 2704 917 2781 gentilia
939 2723 1012 2765 esse.
1052 2705 1131 2764 cuias
1159 2714 1255 2765 autem
1285 2713 1314 2764 et
1341 2704 1446 2765 cuiatis
1474 2702 1533 2763 duo

240 2806 409 2866 nominativi
432 2814 514 2875 sunt,
538 2811 570 2864 ut
592 2812 709 2864 nostras
732 2814 761 2864 et
784 2808 931 2867 nostratis.
968 2807 1037 2866 iacit
1058 2799 1156 2868 autem
1180 2814 1209 2867 et
1231 2808 1356 2867 cuiatem
1373 2813 1402 2867 et
1416 2813 1533 2866 nostra·

121 2913 307 2982 380,10tem.
347 2907 429 2967 cuias
449 2916 546 2967 autem
568 2907 712 2986 significat
732 2909 815 2967 cuius
835 2910 947 2986 gentis,
972 2914 1088 2969 nostras
1103 2916 1222 2969 nostrae
1237 2910 1342 2987 gentis.
1361 2909 1533 2970 —Genera

239 3007 464 3088 pronominibus
486 3011 525 3070 ita
548 3015 580 3069 ut
601 3008 770 3069 nominibus
793 3010 912 3086 quidem
936 3010 1087 3080 accidunt,
1115 3010 1168 3071 sed
1189 3018 1309 3092 practer
1331 3012 1532 3091 promiscuum
1546 3033 1572 3074 aa

239 3129 342 3190 genus.
379 3128 477 3188 neque
500 3113 578 3171 enim
601 3129 765 3190 pronomen
789 3114 989 3191 promiscuum
1012 3114 1138 3173 inveniri
1159 3121 1267 3193 potest
1290 3112 1440 3173 —Nemo
1462 3130 1532 3191 pro·

240 3230 348 3274 nomen
372 3222 427 3284 est,
453 3222 482 3274 et
503 3214 704 3292 quaerendum
729 3222 788 3282 est,
813 3215 896 3275 cuiuis
918 3216 1036 3291 generis
1050 3216 1096 3275 sit.
1135 3215 1212 3293 quod
1236 3217 1400 3276 communis
1415 3215 1536 3292 generis

240 3334 385 3376 essenon
409 3314 619 3394 ambigendum
642 3323 696 3376 est.
734 3316 862 3395 denique
884 3317 1027 3377 feminino
1050 3315 1158 3377 lectum
1182 3325 1227 3376 est
1248 3316 1327 3397 apud
1349 3317 1532 3386 Terentium,

213 3420 298 3478 2‘nt
319 3417 424 3477 illum
451 3435 556 3477 nemo
585 3427 799 3478 nostrarum
829 3420 1023 3495 quisquam
1047 3418 1168 3479 vidit'.
1191 3453 1233 3463 —
1257 3417 1388 3498 [acutus]
1412 3418 1535 3480 Numeri

242 3527 299 3586 est,
324 3519 441 3596 quando
463 3538 517 3598 per
539 3529 551 3580 t
571 3520 723 3589 scribitur;
747 3519 751 3602 Ι
770 3521 886 3601 quando
909 3539 963 3599 per
986 3522 1020 3596 d,
1045 3522 1164 3599 generis
1186 3529 1231 3581 cst
1246 3521 1356 3596 neutri,
1381 3523 1465 3597 ‘quot
1479 3518 1571 3584 lio-ao

241 3622 336 3680 mines
358 3620 500 3680 occiditl'
525 3621 622 3698 ‘quod
646 3629 690 3681 est
711 3622 801 3682 hocl’
826 3621 984 3691 —Quot
1009 3630 1079 3683 tot:
1109 3631 1181 3700 quot
1209 3631 1236 3683 et
1264 3632 1308 3684 tot
1334 3623 1405 3683 lacit
1427 3628 1534 3699 quotus

241 3729 270 3780 et
302 3729 388 3782 totus.
428 3730 535 3798 quotus
562 3741 632 3782 vero
659 3725 689 3783 in
717 3722 879 3803 penultima
907 3733 1024 3785 acutum
1055 3723 1159 3794 babet,
1191 3734 1271 3786 totus
1299 3722 1531 3793 circumflexum,

309 3958 663 4012 dannenstide-tt
736 3961 930 4011 2tuncs0nitu
949 3961 1058 4010 eumad
1129 3958 1266 4029 3iniiuiti]
1290 3960 1354 4011 liniti
1418 3961 1532 4013 dllnitio

241 4030 401 4080 subiunctiun
454 4032 494 4082 bis
514 4034 569 4097 ipse
640 4030 730 4082 otum
782 4029 822 4080 his
841 4031 917 4082 etiam
987 4032 1113 4097 derigitur
1182 4029 1293 4097 liquae]
1314 4046 1364 4095 qun
1434 4031 1532 4080 'iistae

240 4108 264 4148 et
334 4101 433 4150 absenti
502 4101 658 4152 ssfinionem
728 4099 829 4165 plenius
898 4098 1078 4165 duomiuum]
1105 4102 1217 4151 omnium
1240 4118 1309 4154 corr.
1332 4102 1461 4151 nominum

242 4167 273 4218 10
291 4167 383 4236 equus]
403 4186 463 4220 ecus
534 4170 564 4222 11
581 4171 658 4221 refert
674 4170 740 4219 enim
755 4170 844 4220 eadem
916 4171 948 4222 12
965 4178 1126 4237 praesentem
1142 4187 1201 4222 nam
1220 4172 1340 4221 inlectam
1355 4171 1427 4220 linita
1500 4171 1532 4222 13

240 4242 359 4306 propriae
430 4242 462 4293 15
481 4256 496 4288 a
515 4241 621 4291 baritate
693 4240 725 4291 10
744 4237 828 4305 plura]
848 4240 942 4306 plurali
1015 4242 1045 4291 17
1062 4242 1220 4308 primogenio
1289 4241 1533 4293 23nominatisunt

309 4312 427 4361 alcuius
446 4313 547 4376 generis
619 4307 731 4374 nostrae]
752 4325 831 4359 nosne
900 4310 934 4360 28
953 4311 1127 4377 subigendum
1198 4322 1258 4379 aput
1327 4312 1362 4363 30
1381 4320 1391 4361 t
1408 4319 1432 4362 et
1449 4312 1466 4362 d
1484 4328 1530 4364 oar.

309 4381 377 4445 quod
395 4380 512 4432 homines
581 4380 612 4432 31
633 4379 836 4443 quodtotquod
905 4380 938 4431 32
959 4381 1123 4432 circullexum

312 4589 343 4640 14
363 4585 470 4652 Probus]
492 4589 569 4639 instit.
585 4593 634 4637 nrt.
649 4605 678 4651 p.
692 4585 751 4646 lat,
770 4587 803 4638 25
873 4587 904 4637 17
923 4585 1088 4654 primigenia]
1110 4590 1264 4654 primigenia
1285 4604 1351 4651 quae
1370 4589 1432 4640 dicit
1450 4588 1532 4638 Varro

240 4660 373 4725 Pompeius
387 4675 414 4722 p,
431 4657 482 4708 239
498 4658 538 4706 cd.
559 4658 635 4710 Lind.
690 4659 724 4708 ¹28
743 4659 812 4722 apud
829 4656 986 4723 Terentium]
1010 4658 1123 4708 Ermuelr.
1139 4659 1225 4720 11114,
1247 4659 1279 4710 10
1298 4658 1364 4709 hune
1380 4660 1458 4709 oculis
1478 4659 1532 4708 suis

240 4739 382 4779 nostrarum
401 4742 537 4791 numquam
558 4728 692 4791 quisquam
712 4727 782 4790 vidit,
802 4724 926 4776 Phaedria
1012 4728 1046 4779 29
1070 4736 1131 4792 quot
1156 4730 1254 4777 numeri
1280 4740 1318 4779 est
1337 4730 1438 4794 quaudo
1457 4737 1533 4794 pert

240 4801 373 4863 scribitur;
392 4799 492 4863 quaudo
510 4798 598 4864 perd,
618 4797 720 4863 generis
737 4805 776 4846 est
799 4797 880 4846 neutri
899 4797 1038 4848 Putecdiua.
1061 4816 1083 4852 a.
1101 4809 1190 4847 neutris
1208 4816 1243 4848 err
1259 4800 1422 4850 adnotatione
1439 4799 1472 4849 de
1487 4813 1531 4848 ac·

239 4879 312 4920 centu
331 4873 499 4933 pronominum
516 4876 608 4931 qrrotus
627 4874 651 4917 et
670 4875 736 4915 totus
757 4867 854 4916 uidetur
873 4868 985 4917 retiatum
1002 4884 1057 4918 erac
