3346 5498
164 399 230 462 640
724 395 903 461 lldCllllllll

192 521 204 560 p
229 509 317 549 tto-ot
332 507 357 548 V.

166 608 241 649 rrius.
286 596 315 647 at
338 587 468 648 secunda
490 586 616 666 pluralis
638 586 674 645 de
697 585 825 646 secunda
849 586 979 644 tremitur
1001 584 1146 662 singulari
1173 584 1288 644 adiecta
1314 602 1331 642 s
1355 581 1477 647 littera,

168 699 199 751 nt
220 691 355 751 amavisti
378 690 537 757 erravistis,
561 688 687 748 docuisti
702 687 854 756 docuistis
877 687 1016 748 audivisti
1031 688 1195 756 audivistis,
1217 684 1321 762 legisti
1338 683 1475 762 legistis.

168 795 256 854 tertia
279 811 348 851 vcro
370 790 493 870 pluralis
515 790 648 851 eiusdem
671 792 813 866 temporis
841 807 959 868 semper
981 791 1012 849 in
1035 796 1103 849 runt
1132 787 1275 870 syllabam
1297 787 1422 850 desinit
1443 798 1476 849 et

168 904 287 956 creatur
314 912 350 953 ex
378 895 473 973 prima
496 891 639 970 singulari
668 893 678 951 i
708 890 787 952 linali
815 894 879 952 cius
902 894 933 951 in
961 908 1141 952 econverso
1163 899 1193 951 et
1225 891 1329 952 addita
1352 890 1474 971 syllaba

167 1015 256 1076 supra
280 997 368 1064 dicta,
392 1003 424 1055 ut
445 996 528 1056 secui
550 1000 719 1062 secuerunt,
743 995 842 1053 monui
858 1002 1047 1063 monuerunt,
1070 993 1168 1054 audivi
1188 993 1384 1062 audiverunt,
1408 993 1497 1072 legis

168 1099 319 1177 legerunt;
349 1096 511 1176 eademque
539 1104 609 1155 runt
637 1095 748 1175 syllaba
782 1114 840 1155 non
868 1113 1028 1175 numquam
1056 1097 1088 1155 in
1122 1113 1155 1156 re
1177 1103 1401 1164 commutatur,
1438 1102 1473 1156 ut

169 1207 341 1261 armaverunt
363 1216 508 1267 amavere,
532 1198 699 1258 docuerunt
720 1198 857 1267 docuere,
881 1197 1057 1258 audiverunt
1079 1197 1227 1266 erudivere,
1257 1195 1404 1275 legerunt
1426 1197 1470 1258 le-

169 1322 250 1380 gere.
295 1309 444 1362 memento
477 1319 493 1359 v
520 1317 637 1379 quoque
668 1300 728 1360 illis
755 1298 880 1360 subduci
912 1298 1025 1368 solere,
1059 1318 1126 1360 cum
1154 1301 1182 1358 vi
1219 1297 1336 1377 syllaba
1359 1301 1468 1360 termi-

170 1405 312 1465 uenturi
336 1401 428 1462 vocali
451 1401 653 1471 antecedente,
677 1408 709 1461 ut
731 1403 841 1462 nutrivi
865 1403 956 1461 nutrii
971 1403 1096 1461 nutrivit
1118 1403 1233 1470 nutriit,
1257 1401 1360 1462 audivi
1384 1401 1469 1463 audii

171 1506 285 1568 audivit
307 1504 416 1573 audiit,
445 1505 543 1583 cupivi
572 1505 652 1583 cupii
676 1504 787 1582 cupivit
814 1504 916 1582 cupiit.
961 1521 1047 1563 omne
1071 1504 1265 1581 praeteritum
1287 1503 1468 1583 plusquam·
1483 1522 1507 1560 ro

172 1610 338 1689 perlectum
371 1607 499 1666 activum
532 1605 611 1665 modi
647 1605 798 1665 indicativi
831 1607 862 1665 in
892 1623 954 1665 ram
982 1605 1125 1683 syllabam
1158 1605 1277 1665 desinit.
1330 1607 1471 1666 nascitur

172 1720 271 1771 alitem
298 1709 334 1769 de
363 1710 525 1786 praeterito
553 1709 686 1786 perlecto
713 1709 722 1766 i
751 1707 832 1768 finali
867 1709 931 1767 eius
962 1726 1102 1767 conversa
1126 1710 1156 1767 in
1179 1727 1195 1765 e
1219 1715 1248 1766 ct
1280 1707 1385 1767 addita
1409 1707 1469 1787 syl·

174 1813 238 1873 laba
261 1830 350 1890 supra
373 1809 462 1878 dicta,
486 1819 518 1870 ut
541 1811 634 1869 amavi
657 1828 831 1878 amaveram,
855 1809 942 1869 docui
965 1809 1131 1878 docueram,
1155 1808 1252 1868 audivi
1280 1808 1469 1878 audiveram,

55 1932 154 1985 uisu-3
175 1911 232 1992 legi
254 1913 394 1991 legeram.
413 1910 422 1983 ¹l
447 1932 466 1967 a
494 1931 513 1966 e
542 1932 561 1967 a
599 1915 670 1973 item
693 1913 744 1990 tyni
767 1911 840 1971 dicit
860 1903 880 1988 ἡ
904 1907 980 1989 δίκη
1002 1906 1186 1990 τεμνέσθω,
1205 1911 1288 1971 litem
1311 1910 1414 1971 adbuc
1438 1913 1470 1971 iu

173 2016 310 2075 condicto
325 2033 390 2075 esse
406 2015 604 2084 demonstral;
626 2016 675 2093 qui
693 2032 763 2073 vero
778 2013 852 2072 dicit
872 2004 892 2091 ἡ
909 2009 985 2091 δίκη
1006 2006 1191 2091 τετμήσθω,
1214 2021 1296 2073 tanta
1320 2015 1346 2072 vi
1372 2012 1469 2081 iubet,
1485 2032 1508 2068 rs

175 2128 206 2177 nt
228 2120 285 2177 iam
301 2117 372 2177 velit
387 2135 451 2175 csse
467 2117 619 2192 negotium
643 2118 843 2175 terrninatum.
877 2114 955 2193 aliod
972 2123 1001 2173 et
1023 2113 1161 2182 latinitas,
1186 2116 1320 2193 quamvis
1335 2117 1471 2175 circum·

174 2218 334 2298 loquendo,
365 2237 423 2278 non
452 2226 551 2277 tamen
580 2220 708 2296 respuit,
738 2236 804 2276 cum
838 2217 916 2276 dicat
944 2217 1067 2276 ‘ostium
1096 2217 1211 2276 clrisum
1246 2217 1312 2285 sit',
1347 2216 1472 2296 ‘pugna

174 2322 331 2380 corrrmissa
353 2321 419 2388 sit',
444 2319 498 2378 ‘lis
521 2319 678 2379 terminata
699 2320 766 2378 sit'.
795 2318 902 2397 quibus
924 2317 1064 2378 omnibus
1079 2336 1167 2397 quam
1189 2318 1367 2378 conficiendi
1389 2316 1471 2379 cele·

176 2428 294 2483 ritatem
317 2423 462 2498 exigimus
485 2420 713 2480 demonsuatur.
950 2491 952 2495 Α

58 2547 116 2602 aaa,
129 2545 157 2591 14
258 2523 352 2583 Oiirnc
380 2524 587 2602 imperativum
611 2523 739 2582 activum
761 2540 902 2600 praescus
928 2542 981 2601 per
1013 2521 1144 2599 singulas
1166 2524 1394 2600 corriugutiones
1416 2542 1509 2584 suast

175 2629 318 2704 cuiusque
333 2625 425 2686 vocali
442 2627 629 2691 terminatur,
654 2632 685 2683 ut
701 2642 765 2683 arna
787 2641 873 2683 mone
895 2625 963 2685 audi
987 2625 1063 2702 lege.
1092 2624 1189 2703 aliqua
1213 2625 1278 2684 cius
1301 2625 1385 2685 modi
1409 2627 1472 2687 sola

176 2730 378 2807 reperiuntur,
402 2726 475 2787 codo
497 2728 543 2787 ler
558 2745 590 2786 es
606 2725 663 2785 dic.
693 2725 745 2785 sed
761 2725 834 2784 cedo
856 2726 887 2785 in
911 2725 964 2786 bac
988 2734 1101 2786 tantum
1125 2726 1211 2785 modu
1235 2744 1304 2785 voce
1328 2730 1470 2789 consistit

177 2849 232 2890 nec
254 2829 379 2889 ulterius
401 2829 552 2907 procedit,
583 2831 640 2888 nisi
663 2826 740 2906 ‹yuod
770 2826 883 2905 plurale
906 2829 970 2886 eius
993 2829 1112 2907 quidam
1134 2834 1211 2887 cette
1235 2828 1392 2898 clixerunt,
1417 2830 1471 2890 scd

177 2933 324 3008 originem
353 2928 462 2990 nullam
489 2932 608 3009 penitus
635 2928 746 2989 babere
775 2931 972 3005 cognoscitur.
1018 2931 1046 2989 in
1076 2950 1091 2989 r
1119 2948 1189 2989 vero
1212 2931 1257 2990 lcr
1280 2938 1309 2989 et
1331 2950 1410 3010 «puae
1435 2951 1472 2992 ex

178 3053 213 3092 eo
247 3039 469 3111 conponuntur,
500 3040 531 3091 ut
553 3029 742 3091 delcradlor
765 3032 867 3090 confer
896 3033 1023 3110 praeter.
1069 3050 1220 3111 squoque
1244 3033 1326 3092 linita
1350 3040 1383 3091 et
1405 3036 1471 3112 ipsa
1486 3051 1507 3087 s

178 3153 325 3214 perpauca
354 3142 437 3201 sunt,
468 3142 500 3193 ut
528 3153 559 3193 es
588 3142 617 3193 et
645 3151 720 3212 qliae
749 3151 784 3191 ex
812 3152 847 3191 eo
869 3143 1092 3213 conponuntur,
1127 3134 1196 3193 artos
1219 3133 1327 3212 prodes
1350 3153 1472 3213 praees.

177 3256 312 3315 quaeque
341 3235 396 3295 alia
421 3256 456 3295 ex
479 3235 581 3295 codem
607 3234 696 3295 verbo
720 3237 892 3312 ligurantur,
916 3244 946 3294 et
968 3254 1058 3296 uuum
1081 3236 1127 3295 bis
1149 3235 1245 3295 simile
1267 3243 1363 3313 potes.
1393 3255 1473 3316 quae

178 3357 214 3398 aaa
243 3339 368 3397 infinitis
395 3340 457 3397 suis
487 3340 610 3397 t'orrnari
637 3337 767 3397 teclrnici
797 3337 897 3396 volunt
923 3337 1034 3397 ultimis
1056 3337 1176 3416 syllabis
1198 3337 1317 3404 ablatis,
1346 3346 1473 3398 cantare

179 3447 279 3508 iruulta,
303 3457 424 3498 monere
448 3459 551 3508 itroire,
576 3439 680 3498 audire
703 3439 787 3506 acidi,
812 3437 911 3514 legere
935 3437 1014 3513 lcgc3
1042 3438 1173 3517 adeoque
1196 3439 1250 3498 boc
1273 3456 1337 3498 csse
1362 3444 1473 3502 certis-

179 3543 302 3608 simum,
331 3549 364 3598 ut
391 3543 480 3601 ctiam
509 3539 557 3600 illa
586 3539 640 3599 sub
669 3541 802 3599 eiusdem
830 3538 948 3617 regulae
977 3559 1077 3599 norma
1107 3543 1166 3600 sint
1188 3542 1293 3618 posita.
1338 3559 1410 3602 nam
1434 3543 1511 3603 abac

179 3662 214 3702 eo
237 3641 314 3721 (prod
338 3650 382 3700 est
405 3662 468 3701 esse
493 3641 588 3701 ablata
612 3642 715 3702 ultima
738 3643 769 3701 tit
785 3660 826 3710 es,
849 3643 952 3701 adesse
969 3642 1053 3711 ades,
1078 3643 1239 3721 itidemque
1266 3640 1304 3702 ab
1331 3661 1368 3702 eo
1391 3645 1474 3723 quod

180 3753 225 3804 est
246 3746 326 3804 terre
349 3746 501 3822 praeferre
525 3746 570 3804 l'er
593 3745 721 3822 plraeter.
759 3751 842 3822 potes
866 3752 980 3804 tantum
1002 3744 1119 3804 videtur
1142 3746 1264 3805 minime
1287 3743 1358 3804 hiric
1382 3764 1475 3824 regu·

181 3846 224 3904 lae
248 3847 433 3913 consentirc;
456 3845 507 3904 sed
531 3844 536 3922 l
560 3846 712 3905 sciendum
728 3855 771 3906 est
795 3864 873 3905 riuirc
896 3847 1014 3925 quidem
1038 3848 1184 3906 inlinitum
1209 3848 1272 3905 eius
1295 3845 1354 3905 dici
1372 3865 1476 3926 posse,

180 3947 233 4007 sed
256 3947 332 4027 apud
356 3949 493 4025 antiquos
515 3949 663 4023 integrum
687 3955 803 4025 potesse
820 3950 964 4026 reperiri,
988 3948 1065 4027 quod
1082 3948 1191 4026 posteri
1215 3966 1300 4026 posse
1323 3967 1380 4027 per
1403 3968 1477 4028 syn·

181 4066 275 4127 oopen
298 4048 446 4107 dixerunt.
492 4049 538 4107 dir
572 4056 670 4108 autem
694 4049 738 4108 vel
767 4051 812 4109 lac
846 4049 901 4107 clarc
930 4049 1025 4108 deduc
1059 4069 1115 4128 pcc
1139 4068 1288 4129 apocopen
1312 4049 1515 4113 dicunturzas

184 4170 255 4175 .-.ο-
278 4171 284 4174 ,
327 4169 354 4175 -..
383 4168 479 4175 -.ᾳ-η.

135 4284 139 4291 ,
247 4236 263 4281 8
276 4234 373 4298 syllaba
386 4247 394 4282 t
408 4237 553 4283 terminetur
566 4235 590 4283 It
648 4237 679 4284 14
692 4232 812 4299 legeram]
827 4236 932 4284 ‘desiuit
950 4236 989 4284 bic
1005 4237 1092 4297 solitam
1104 4238 1158 4285 cod.
1171 4239 1210 4284 16.
1224 4238 1313 4286 derant
1331 4237 1384 4287 davo
1394 4239 1474 4301 solat,

181 4303 268 4368 quibas
286 4302 478 4352 continebantur
495 4305 593 4367 reliqna
617 4305 648 4353 ale
671 4311 783 4367 ternpore
803 4305 1061 4367 plusquamperfecto,
1089 4305 1211 4366 forraatt'o
1234 4298 1319 4365 falari
1341 4306 1480 4357 indicativi

182 4373 264 4431 actiui,
285 4373 421 4421 declinatio
440 4373 569 4420 indicativi
587 4373 683 4435 passivi
701 4379 725 4420 et
743 4373 838 4420 initiam
854 4379 1050 4434 praeceptorum
1067 4374 1099 4420 cle
1117 4374 1188 4421 vrrodo
1206 4373 1370 4435 breperatloo'
1389 4377 1479 4425 editor

185 4439 396 4489 l'iadodonensis.
427 4441 491 4488 idern
510 4447 629 4503 quartiaor
647 4456 733 4490 uersas
756 4456 791 4488 erc
813 4440 844 4487 r'r's
859 4439 1008 4489 merndram'a
1026 4457 1090 4504 atrae
1107 4443 1239 4504 perierant
1257 4443 1282 4488 ln
1299 4444 1480 4503 praecedente

180 4507 323 4556 nrerabraaa
341 4509 398 4556 olim
417 4508 524 4556 inuersis
542 4508 633 4556 litteris
651 4524 791 4571 eaprcssas
807 4509 867 4571 legit
880 4507 934 4564 laos,
954 4523 1010 4557 mma
1023 4508 1132 4571 syllabam
1146 4509 1257 4558 secunda
1271 4523 1339 4571 vero.
1354 4510 1378 4557 si
1391 4510 1478 4560 eidem

182 4577 269 4623 terrine
282 4577 303 4623 is
317 4576 413 4638 syllaba
427 4575 500 4623 luerit
512 4573 624 4634 adiectu3
644 4577 716 4624 tertia
730 4590 840 4637 qumque,
859 4576 880 4622 si
894 4587 953 4623 anto
967 4587 976 4623 t
990 4576 1095 4624 litteram
1111 4577 1222 4624 nltirnam
1235 4576 1289 4624 eius
1303 4592 1317 4624 n
1332 4576 1480 4642 interponi·

181 4653 231 4701 tur,
245 4654 272 4691 ut
285 4644 418 4692 arrdiemus
432 4642 539 4692 audieris
552 4643 655 4691 arrdlent
709 4645 739 4693 14
754 4657 892 4707 τεμνεστω
906 4652 1012 4707 utroque
1023 4645 1079 4693 loco
1092 4643 1116 4692 B
1169 4647 1200 4693 el
1215 4644 1269 4706 lege
1282 4644 1347 4693 cedo
1361 4644 1396 4699 B.
1410 4664 1480 4711 qaae

183 4713 331 4776 interposui,
350 4712 430 4774 aliona
450 4711 503 4758 eins
522 4711 588 4758 modi
606 4712 658 4759 sola
674 4712 840 4776 reperiuntur,
858 4712 929 4770 infra
946 4714 978 4761 ‘25
995 4720 1052 4774 pom
1066 4712 1164 4776 praefer
1180 4712 1253 4762 babet
1272 4711 1304 4760 B.
1325 4729 1481 4780 quamquam

180 4783 258 4843 plara
277 4783 351 4829 etiarn
368 4779 604 4842 per-iisseulrleatar
672 4783 704 4829 23
721 4775 795 4841 cette]
813 4779 904 4829 ceveB
977 4779 1010 4828 '28
1029 4780 1152 4828 tliecbnicl
1170 4779 1195 4826 B
1264 4782 1296 4829 3⁶2
1315 4793 1402 4844 potest
1418 4797 1481 4834 tarr-

182 4859 233 4892 mni
251 4847 273 4893 B
341 4851 373 4896 34
387 4844 527 4913 syncopen]
540 4847 661 4910 sim-epau
677 4847 701 4894 ΙΙ
770 4849 803 4895 35
816 4843 943 4910 dixerunt]
959 4847 1044 4896 [licum
1060 4847 1083 4895 B
