3346 5498
185 328 248 392 306
760 329 912 391 rourutt

213 437 374 492 ptos-ort„

186 535 291 577 navem
315 518 319 598 l
344 526 394 576 aut
415 535 431 576 a
454 518 520 579 navi
543 516 579 578 ad
603 516 744 586 volatum,
767 519 842 578 istae
864 518 1035 597 reciprocae
1057 526 1135 577 suut.
1181 515 1273 578 hahes
1294 518 1324 576 iu
1347 514 1481 595 Vergilio

186 626 343 696 utramque
359 617 580 679 translationem
597 620 691 698 ipsius
706 617 851 680 thematis.
881 617 979 678 volare
1000 620 1121 698 proprie
1137 620 1232 680 avium
1249 625 1303 688 est,
1327 626 1358 680 et
1379 626 1482 680 trans·

186 719 252 782 tulit
274 720 310 780 ad
332 718 411 793 vela;
434 737 505 781 ecce
527 719 564 780 ad
587 738 675 780 naves
696 721 768 781 lecit
789 722 1028 798 conparationem
1053 719 1216 782 abatibus.
1246 721 1304 783 alio
1325 720 1391 782 loco
1406 721 1481 782 item

186 841 202 882 a
225 821 349 882 navibus
371 820 521 884 transtulit
543 820 579 881 ad
602 841 683 892 aves,
707 807 812 882 ‘nare
834 841 900 905 per
922 829 1099 884 aestatem
1122 822 1326 903 liquidam',
1350 841 1420 884 cum
1442 821 1481 882 de

186 923 292 1004 apibus
316 922 481 986 volantibus
504 923 685 1004 loqueretur.
702 912 790 985 ‘nare
813 932 858 985 est
879 931 993 993 natare,
1018 924 1097 1002 quod
1120 944 1190 986 vero
1213 933 1257 986 est
1279 925 1370 986 navis.
1405 925 1507 986 istaec

185 1027 359 1108 reciprocae
388 1013 472 1096 sunt,
501 1027 637 1103 quotiens
666 1047 698 1086 se
727 1027 901 1105 respiciunt.
946 1027 1038 1107 partis
1065 1028 1153 1088 unius
1174 1035 1256 1097 sunt,
1281 1027 1422 1103 quotiens
1444 1023 1482 1086 ab

185 1146 244 1188 una
260 1118 350 1207 ¹parte
373 1128 594 1196 transierimus,
614 1126 650 1188 alr
666 1146 724 1188 una
741 1146 810 1189 vero
833 1146 892 1188 uon
914 1145 1081 1207 possumus.
1110 1128 1253 1189 hahemus
1272 1129 1302 1188 in
1319 1126 1481 1189 Miloniana

186 1229 352 1310 ‘quidem
381 1237 531 1299 ceteras
558 1236 803 1310 tempestates
830 1239 865 1291 ct
892 1228 1085 1309 procellas
1112 1231 1149 1290 iu
1177 1228 1256 1291 illis
1289 1230 1483 1291 dumtaxat

187 1328 369 1392 lluotilvus
396 1333 614 1392 contionum
642 1351 787 1412 semper
815 1334 940 1413 putavi
968 1332 1095 1393 Miloni
1124 1350 1205 1394 esse
1237 1330 1481 1393 subeundas’.

153 1472 155 1477 -
186 1441 376 1513 tempestates
404 1431 548 1513 procellas
576 1433 697 1502 ductus,
727 1442 821 1495 totum
850 1433 906 1494 hoc
933 1434 1024 1495 maris
1051 1443 1110 1504 est,
1139 1441 1169 1494 et
1190 1431 1341 1494 transtulit
1362 1432 1400 1493 ad
1422 1433 1481 1492 vim
1495 1447 1517 1484 1⁰

186 1534 289 1616 populi
312 1543 341 1595 et
362 1534 531 1596 seditiones.
577 1554 593 1595 e
623 1537 774 1596 contrario
804 1554 864 1596 nou
887 1553 1043 1614 possumus
1064 1553 1177 1615 ponere
1199 1553 1214 1595 a
1238 1534 1347 1614 populo
1369 1534 1407 1595 ad
1429 1552 1483 1615 pe·

187 1636 280 1716 lagos.
312 1636 454 1716 numquid
477 1638 556 1697 enim
579 1656 735 1716 possumus
758 1637 858 1698 dicere
881 1636 964 1698 ‘talis
986 1644 1148 1716 tempestas
1169 1636 1272 1716 populi
1294 1637 1362 1707 luit,
1386 1635 1483 1717 qualis

187 1728 444 1822 seditio'maris’i
468 1748 566 1799 tamen
589 1738 698 1799 Statius
721 1738 843 1800 demens
865 1739 939 1799 dixit
960 1739 1135 1800 seditionem
1159 1736 1252 1818 [rogi]
1276 1740 1375 1799 maris.

272 1820 458 1903 catachresis
481 1851 526 1902 est
548 1842 700 1920 usurpatio
723 1839 812 1900 alieni
836 1841 977 1908 nouriuis;
1001 1843 1040 1901 ita
1063 1839 1183 1901 definita
1199 1849 1253 1901 est.
1284 1847 1356 1919 puta
1378 1841 1483 1900 nescio

158 2002 161 2006 .
188 1944 237 2020 qui
260 1941 352 2003 liliur'u
375 1961 458 2003 suum
483 1942 614 2012 occidit,‘
628 1943 735 2004 dicitur
759 1942 922 2022 parricida;
948 1944 1049 2003 nescio
1072 1944 1121 2021 qui
1144 1949 1270 2003 matrem
1294 1960 1378 2002 suam
1401 1943 1481 2002 occi·
1495 1956 1518 1998 ta

187 2044 244 2114 dit,
269 2044 377 2113 dicitur
398 2043 563 2124 parricida;
586 2061 735 2113 sororem,
760 2043 868 2105 dicitur
890 2043 1038 2124 parricida
1062 2040 1226 2124 [usurpatio
1249 2053 1295 2104 est
1316 2043 1406 2104 alieni
1429 2061 1484 2103 uo·

188 2141 298 2226 minis].
344 2163 521 2224 quamquam
551 2144 677 2207 voluerit
704 2147 808 2207 Cicero
837 2147 937 2206 lacere
963 2144 1187 2206 discretionem:
1226 2142 1350 2225 halhetis
1378 2147 1410 2206 iu
1433 2144 1483 2205 illa

188 2249 322 2308 oratione
338 2246 478 2307 dedomo
494 2267 547 2308 sua
571 2246 785 2308 ‘matricida
809 2246 1007 2308 fratricida
1030 2247 1270 2309 sororicida'.
1302 2263 1482 2327 quamquam

189 2359 219 2412 et
240 2352 368 2412 maiores
390 2351 484 2410 nostri
506 2348 663 2410 voluerunt
690 2348 770 2410 aliud
795 2367 860 2409 esse
888 2349 1075 2428 parricidam.
1106 2347 1268 2428 [parricida
1292 2349 1409 2427 estqui
1431 2367 1484 2428 pa·

189 2464 305 2514 rentem
321 2451 438 2512 occidit.
469 2451 671 2529 uanrffidcirco
694 2447 804 2511 dictum
828 2456 874 2511 est
895 2452 934 2511 ita
951 2450 1047 2511 addita
1070 2469 1127 2511 una
1150 2449 1246 2511 littera
1268 2469 1298 2520 r,
1322 2450 1527 2530 parricidam

189 2554 268 2635 quod
297 2562 450 2634 parentem
478 2551 654 2633 interimat]
700 2552 777 2631 apud
809 2553 938 2612 maiores
965 2553 1042 2612 enim
1072 2560 1187 2613 nostros
1220 2551 1384 2613 homicidas
1414 2571 1484 2614 raro

189 2657 315 2735 legistis,
346 2654 509 2734 parricidas
537 2663 634 2717 autem
663 2673 790 2735 semper.
834 2654 944 2713 idcirco
968 2656 1054 2715 etiam
1077 2653 1241 2733 parricidas
1261 2655 1374 2733 patriae
1397 2672 1484 2715 voca·

189 2777 255 2819 mus
277 2760 328 2838 qui
350 2759 431 2816 rives
453 2757 637 2817 interimunt.
675 2756 819 2834 piscinam
842 2755 982 2826 dicimus,
1006 2753 1056 2816 ulti
1078 2757 1174 2835 pisces
1197 2773 1256 2816 uon
1279 2765 1357 2816 sunt
1397 2773 1484 2817 usur·

189 2862 269 2941 patio
299 2868 344 2920 est
372 2858 460 2919 alieni
488 2858 623 2943 nominis.
670 2856 744 2917 haec
771 2858 851 2917 enim
882 2877 931 2918 res
964 2856 1091 2919 alienum
1120 2875 1228 2917 nomeu
1259 2855 1363 2928 hahet,
1397 2876 1483 2919 suum

188 2981 248 3022 nou
271 2960 369 3021 habet.
1495 2975 1527 3015 ε

199 3046 202 3056 ’
273 3061 472 3140 Metalempsis
489 3070 532 3122 est
555 3081 584 3122 a.
607 3062 662 3122 istc
679 3070 783 3140 tropus
799 3059 1042 3137 frequentabatur
1057 3060 1134 3138 apud
1150 3070 1262 3140 poetas.
1280 3060 1485 3142 metalempsis

189 3165 297 3225 dicitur
319 3182 457 3225 accessus
479 3163 597 3240 quidam
620 3163 764 3241 gradatim
788 3164 964 3242 perveniens
987 3162 1022 3224 ad
1047 3165 1151 3231 linem,
1180 3162 1232 3224 sed
1256 3161 1346 3242 lougo
1368 3163 1483 3233 ordine,

191 3275 224 3326 ut
246 3268 270 3325 si
294 3265 374 3326 dicas

342 3375 424 3447 post
447 3365 594 3443 aliquot
616 3385 692 3427 mea
716 3384 826 3444 regua
850 3365 976 3425 videus
998 3364 1163 3426 mirabor
1185 3366 1330 3428 aristas.

189 3489 243 3550 per
271 3468 378 3529 aristas
406 3476 523 3546 segetes
551 3468 709 3546 significat,
740 3487 794 3548 per
821 3475 937 3546 segetes
964 3475 1105 3537 aestates,
1138 3485 1192 3546 per
1220 3474 1346 3528 aestates
1374 3482 1527 3537 auuos;a=

190 3589 261 3648 crgo
284 3579 355 3650 post
377 3569 489 3649 aliquot
510 3571 629 3638 aristas,
653 3568 682 3629 id
707 3577 752 3628 cst
775 3578 841 3650 post
862 3567 973 3648 aliquot
994 3586 1095 3629 annos.
1141 3566 1342 3648 metalempsis
1365 3569 1481 3638 dicitur.

190 3671 266 3750 quod
297 3671 441 3748 gradatim
469 3672 660 3751 pervenimus
687 3669 722 3729 ad
751 3668 875 3748 aliquid,
905 3669 1053 3749 quemad
1077 3669 1482 3733 modumitemhabcsalio

191 3770 256 3831 loeo
279 3770 491 3850 ‘speluncis
514 3770 660 3831 abdidit
683 3772 805 3831 atris’.
850 3790 904 3849 per
927 3780 1005 3832 atras
1031 3770 1189 3851 speluncas
1211 3770 1431 3842 tenebricosas,
1452 3771 1479 3833 id

190 3924 495 3934 —————.......-

261 4011 277 4059 2
297 4007 392 4074 votare]
414 4011 449 4072 cs.
466 4010 539 4058 Sero.
560 4010 584 4057 iu
604 4010 683 4073 Verp.
703 4009 770 4059 Aen.
792 4010 798 4056 t
818 4010 867 4060 224
889 4025 958 4059 mare
977 4007 1113 4059 velivolum
1167 4009 1235 4059 tad
1254 4023 1316 4060 aues
1334 4018 1422 4060 natare
1439 4024 1481 4075 per

192 4092 251 4128 aera
270 4089 356 4127 natare
374 4088 411 4128 est
428 4088 531 4128 naturae
550 4094 613 4141 quae
633 4093 692 4127 uero
711 4089 748 4127 cst
769 4081 842 4129 nauis
861 4080 884 4127 P
941 4094 1001 4127 nare
1037 4080 1218 4144 Verp.georp.
1239 4079 1284 4129 llll
1302 4078 1337 4131 59
1390 4080 1480 4130 haara

191 4148 389 4198 ornatareBS
458 4150 517 4199 lise
536 4149 704 4212 recipiuutP
788 4149 1001 4199 'linhlilouiana
1033 4149 1093 4206 ·2‚5
1170 4148 1372 4210 8qoidemom.
1392 4147 1418 4197 P

196 4219 225 4269 13
241 4216 349 4284 Statius]
380 4217 456 4270 Theb.
476 4218 543 4267 Vllll
567 4219 616 4268 tta
640 4218 766 4267 seditione
783 4220 858 4268 maris
928 4218 1099 4284 rogiomss,
1118 4217 1209 4270 adal>
1281 4218 1312 4268 lt
1332 4217 1482 4268 catachresis

191 4296 230 4339 est
249 4289 382 4352 usurpatio
397 4289 422 4337 P
437 4287 590 4336 catachresis
608 4288 700 4336 dicitur
716 4290 849 4354 usurpatio
868 4290 889 4338 C
905 4287 1059 4338 catachresis
1072 4288 1203 4351 usurpatio
1217 4286 1268 4337 BS
1320 4286 1353 4338 15
1371 4288 1482 4355 paricida

191 4393 371 4442 constanter&
436 4389 813 4442 tantationtshS:0ratt0ne
832 4370 994 4451 domusdP:
1014 4392 1066 4442 Cic.
1085 4390 1381 4454 dehonestandae
1451 4390 1483 4443 ta

192 4464 301 4511 maiores
318 4461 397 4511 nostri
416 4459 452 4509 P:
472 4461 550 4510 nostri
567 4478 612 4515 om.
628 4461 704 4513 BCS
773 4463 915 4512 aliudesse
933 4462 1083 4526 parricidam
1103 4462 1142 4511 Cb
1161 4461 1229 4510 aliud
1247 4477 1304 4512 esre
1323 4461 1449 4527 parricida
1460 4460 1485 4509 P

192 4532 260 4580 aliud
279 4547 337 4582 esse
357 4529 520 4596 parricidium
533 4530 583 4579 BS
635 4534 678 4595 qui
693 4543 821 4598 parentem
840 4533 931 4582 oceidit
946 4547 1003 4580 nam
1021 4533 1046 4580 P
1062 4532 1104 4594 qui
1120 4542 1217 4595 patrem
1236 4532 1331 4580 occidit
1347 4532 1398 4581 iam
1411 4528 1484 4581 BOS

260 4601 295 4652 ⁴20
313 4603 408 4650 idcirco
432 4600 524 4649 dieitur
546 4602 660 4666 phricidn
678 4604 712 4651 ita
731 4605 816 4652 addita
841 4617 891 4650 uua
910 4603 993 4651 littera
1011 4617 1023 4650 r
1041 4602 1108 4664 quod
1128 4602 1149 4650 G
1218 4602 1249 4650 21
1270 4599 1415 4651 homicidas
1431 4598 1485 4650 BP

193 4669 341 4721 homocidns
360 4670 407 4722 CS
458 4672 491 4720 at
511 4686 600 4720 uomeu
621 4671 696 4720 habet
713 4671 750 4735 (et
766 4672 826 4724 add.
844 4671 877 4733 0)
895 4686 968 4720 strum
986 4686 1035 4720 non
1055 4671 1130 4719 habet
1143 4671 1182 4719 Cir
1200 4686 1291 4720 nomeu
1304 4670 1395 4721 hahuit
1412 4684 1483 4721 anum

193 4756 242 4789 uon
263 4741 349 4792 hahuit
364 4742 413 4790 lta·
431 4755 521 4788 nomeu
541 4739 628 4789 hnhuit
644 4756 718 4790 suum
741 4756 790 4789 unu
814 4741 886 4789 hahet
908 4742 931 4790 P
999 4739 1033 4790 ‘29
1048 4738 1113 4806 post]
1138 4742 1216 4806 Verp.
1236 4740 1317 4794 bucol.
1335 4742 1368 4804 1,
1383 4740 1418 4790 70

193 4809 226 4857 aa
248 4808 388 4877 speluncis]
414 4812 492 4870 l'crp.
509 4810 648 4858 Aemilii)
