3346 5498
611 369 899 433 iuste—112
1335 366 1397 432 45⁶1

134 491 156 533 p.
169 479 271 523 ilbi—56
286 478 307 521 P.
1217 491 1238 530 p.
1252 479 1335 520 least
1348 476 1371 520 1..

110 562 208 640 ipsum
230 561 353 623 verbum
377 565 528 623 anomine
549 560 719 623 traductum
741 577 759 618 o
781 559 901 621 finalem
917 563 1114 642 praecedente
1136 567 1316 620 consonante
1339 577 1398 619 non

87 662 146 726 xad
169 665 255 726 aliam
277 667 335 726 nisi
358 664 394 725 ad
417 668 542 744 primaru
564 662 723 724 verborum
744 662 876 739 pertinet
902 667 1158 744 coniugationem;
1186 664 1274 742 idque
1303 663 1398 724 mani·

109 766 215 831 lestius
237 766 405 847 apparebit,
429 771 454 828 si
476 786 530 847 per
552 766 683 845 singulas
705 763 758 823 uni
779 764 887 844 cuique
908 765 1140 829 declinationum
1157 765 1314 827 attributas
1335 772 1397 825 ter-

110 873 287 931 minationes
314 870 446 948 exempla
475 871 651 938 decurrant;
684 866 744 926 nisi
771 865 849 927 lorte
877 869 923 929 vel
950 889 1033 932 mere
1061 887 1187 949 graecae
1215 869 1289 936 sint,
1323 884 1399 946 quae

83 973 285 1052 splerumque
313 974 344 1032 in
373 971 544 1033 nominibus
567 969 581 1055 ll
608 975 744 1033 inventae
774 974 906 1055 propriis
934 979 1038 1034 carent
1064 972 1154 1032 buius
1180 969 1260 1030 modi
1289 967 1398 1039 verbis,

109 1073 155 1134 vel
178 1075 236 1146 nisi
260 1081 310 1133 aut
333 1093 349 1134 a
371 1077 503 1156 propriis
526 1075 666 1136 Romanis
693 1082 857 1141 autetiam
885 1075 923 1136 ab
946 1073 1152 1137 accidentibus
1176 1073 1325 1134 derivatae
1347 1089 1399 1131 no·

110 1174 240 1236 minibus
280 1177 485 1254 corporalibus
513 1196 614 1238 rerum
641 1178 785 1245 vocabula
813 1179 982 1258 significent
1017 1169 1277 1255 incorporalium,⁴
1293 1175 1400 1235 uteis

111 1280 219 1338 merito
247 1295 429 1357 supervacua
458 1279 594 1341 rideatur
620 1280 770 1344 traductio
799 1282 882 1343 verbi
910 1299 975 1341 rem
1003 1278 1212 1357 significantis,
1246 1294 1335 1355 quam
1368 1277 1400 1335 in

111 1382 241 1440 nominis
269 1382 358 1440 etiam
392 1382 487 1460 ipsius
519 1386 762 1460 pronuntiatione
796 1383 1002 1462 designabant.
1052 1380 1151 1459 qualia
1183 1385 1251 1439 sunt
1286 1378 1400 1438 iustitia

73 1497 97 1535 ιο
111 1483 232 1561 pigritia
264 1484 384 1542 miseria
419 1483 576 1545 clementia
609 1486 731 1548 solertia
759 1489 883 1555 inertia,
920 1482 1072 1561 longitudo
1106 1479 1231 1543 latitudo
1258 1479 1400 1540 lortitudo

110 1583 302 1662 pulchritudo
325 1583 449 1644 dulcedo
471 1586 580 1646 acredo
602 1566 767 1667 pinguedo,
797 1588 918 1649 claritas
945 1577 1089 1646 scieritas
1115 1583 1254 1644 honestas
1277 1580 1400 1642 libertas

108 1693 268 1766 paupertas
290 1692 321 1745 et
343 1687 471 1758 similia,
496 1688 532 1748 de
555 1688 665 1768 quibus
687 1690 766 1753 haud
789 1689 876 1751 lacile
900 1689 1031 1748 derivata
1053 1685 1143 1749 verba
1165 1685 1310 1763 reperies.

194 1787 238 1867 Er
260 1789 355 1866 prima
379 1790 477 1868 itaque
501 1789 700 1851 declinatione
724 1793 795 1852 ina
823 1777 991 1852 desinente
1005 1776 1215 1849 terminatione
1238 1788 1399 1856 nominum,

110 1890 237 1950 maxime
259 1890 399 1959 tinorum,
429 1891 519 1957 verba
547 1895 681 1964 veniunt,
698 1892 734 1955 ad
763 1895 890 1973 primam
917 1887 1156 1972 coniugationepr
1178 1906 1273 1969 paene
1296 1889 1399 1949 conso·

74 2006 97 2044 rs
111 1990 250 2051 nantibus
273 1992 421 2052 universis
443 1994 707 2071 praecedentibus,
732 2003 765 2055 ut
788 1994 910 2071 bturba
933 1991 1022 2054 turbo
1038 1977 1154 2061 turbas,
1178 1991 1295 2070 espiea
1317 1992 1401 2070 spico

110 2095 208 2171 spicas
232 2094 347 2172 inspico
376 2095 521 2175 inspiras,
551 2095 569 2155 d
596 2096 708 2176 praeda
735 2095 864 2176 praedor
885 2094 1054 2175 praedaris,
1082 2112 1100 2172 g
1122 2094 1191 2170 iuga
1213 2093 1283 2170 iugo
1305 2093 1399 2170 sugas,

111 2193 119 2253 l
142 2194 219 2255 stilla
242 2194 323 2255 stillo
346 2195 454 2266 stillas,
483 2197 592 2277 stipula
615 2198 744 2279 stipulor
766 2199 934 2278 stipularis,
964 2216 993 2256 m
1015 2214 1119 2277 spuma
1142 2212 1246 2275 spumo
1270 2211 1399 2273 spumas,

109 2298 263 2356 ntrutina
291 2299 404 2357 trutino
435 2301 577 2370 trutinas,
607 2301 744 2362 machina
773 2301 937 2362 machinor
948 2298 1146 2367 machinaris,
1175 2313 1288 2396 pugna.
1300 2313 1400 2375 pugno

110 2415 237 2476 pugnas,
267 2399 418 2459 nundinae
447 2401 597 2462 nundinor
625 2403 818 2472 nundinaris,
852 2402 987 2483 peulpa
1015 2400 1101 2480 culpo
1130 2398 1298 2479 culpas,q
1278 2415 1399 2478 qaqua

70 2517 97 2554 eo
111 2518 204 2579 aequor
226 2494 359 2579 aquariS,
383 2520 503 2564 rmora
524 2522 625 2565 moror
640 2507 781 2575 moraris,
805 2505 917 2585 quadra
939 2502 1052 2585 quadro
1068 2500 1210 2580 quadras,
1233 2517 1306 2560 eura
1327 2517 1400 2561 curo

109 2620 210 2671 curas,
239 2622 253 2662 s
281 2621 369 2663 causa
397 2622 502 2666 causor
524 2607 672 2677 causaris,
701 2615 714 2667 t
742 2614 807 2668 rota
829 2614 895 2667 roto
917 2613 1013 2675 rotas,
1042 2603 1134 2665 multa
1161 2602 1254 2663 multo
1281 2601 1398 2671 multas,

107 2722 127 2763 x
154 2706 219 2764 rixa
249 2706 314 2763 rixo
342 2707 435 2776 rixas,
469 2707 528 2767 lixa
558 2708 635 2768 elixo
662 2708 770 2780 elixas,
794 2728 813 2768 v
835 2710 957 2770 conviva
984 2709 1124 2768 convivor
1152 2706 1332 2774 convivaris,
1362 2702 1399 2763 eh

110 2803 220 2865 bacclra
243 2804 372 2866 lracclror
394 2807 560 2870 baccharis.
586 2808 590 2892 l

193 2907 236 2966 Ex
258 2908 388 2969 secunda
411 2910 551 2971 similiter
573 2910 772 2973 declinatione
788 2914 941 2973 nominum
956 2909 1158 2991 persingulas
1174 2907 1399 2967 terminationes

70 3017 168 3069 satam
191 3007 227 3068 ab
251 3009 456 3072 accidentibus
484 3030 573 3092 quam
600 3015 666 3074 liris
689 3014 864 3074 derivantm
890 3011 981 3073 verba
1007 3010 1146 3072 omnibus
1168 3007 1399 3069 consonantibus

109 3129 202 3189 paene
225 3111 486 3174 antecedentibus:
510 3116 548 3174 ol)
571 3117 786 3189 accidentibus,
812 3122 845 3175 ut
868 3113 887 3174 b
910 3113 1021 3195 probus
1037 3112 1130 3193 pr0b0
1144 3111 1306 3192 probas,c
1328 3128 1398 3190 opa-

109 3230 162 3272 cus
191 3231 283 3292 opaco
311 3232 432 3291 opacas,
461 3217 574 3276 amicus
603 3218 699 3276 amico
728 3218 852 3287 amicas,
881 3216 900 3275 d
929 3215 1026 3276 nudus
1054 3215 1134 3275 nudo
1156 3213 1263 3283 nudas,
1293 3212 1398 3274 foedus

108 3315 195 3373 foedo
218 3315 334 3383 laedas,
359 3334 377 3392 g
399 3333 489 3393 vagus
518 3335 608 3395 vagor
635 3320 768 3396 vagaris,
791 3322 801 3379 i
825 3321 892 3399 pius
914 3321 965 3401 pio
986 3319 1066 3398 piae,
1090 3317 1098 3377 l
1121 3315 1200 3376 selus
1222 3313 1325 3374 desolo
1347 3313 1397 3373 de-

108 3415 199 3485 solas,
229 3436 258 3476 m
286 3417 387 3477 tirmus
414 3419 499 3478 tirum
527 3420 642 3490 firmas,
677 3422 813 3481 infirmus
843 3423 960 3481 intirmo
987 3422 1132 3488 infirmas,
1161 3435 1181 3476 n
1209 3435 1298 3478 sanus
1325 3434 1398 3477 sano

70 3537 208 3588 asarias,
239 3519 353 3578 alienus
383 3518 482 3579 alieno
510 3520 635 3592 alienas,
665 3541 790 3584 serenus
817 3542 926 3584 sereno
954 3539 1089 3590 serenas,
1119 3536 1196 3579 uuus
1225 3518 1322 3580 aduno
1345 3518 1397 3579 ad·

109 3639 196 3688 rurae,
231 3620 375 3680 hibernus
404 3620 531 3682 biberno
560 3622 715 3694 hibernas,
752 3645 771 3705 p
799 3627 917 3705 crispus
944 3625 1042 3701 crispo
1075 3623 1202 3700 crispas,
1237 3640 1256 3701 q
1285 3638 1397 3701 aequus

109 3739 202 3799 aequo
225 3740 348 3800 acquae,
378 3720 517 3801 obliquus
546 3723 668 3803 obliquo
696 3725 846 3805 obliquas,
876 3726 1059 3805 propinquus
1087 3725 1254 3803 propinquo
1276 3724 1396 3802 propin·

108 3841 195 3900 qum,
220 3825 371 3900 rignarus
389 3820 400 3902 ll
419 3826 524 3902 ignoro
548 3828 682 3903 ignoras,
713 3847 727 3886 s
749 3828 845 3889 lassus
868 3828 945 3888 lasso
960 3827 1066 3896 lassas,
1091 3836 1102 3885 t
1123 3825 1201 3886 latus
1216 3822 1308 3884 dilato
1323 3822 1396 3883 dila-

109 3931 169 3991 tas,
193 3923 287 3983 laetus
309 3924 402 3985 laetor
425 3925 560 3996 laetaris,
585 3937 671 4007 aptus
693 3937 762 4010 apto
785 3936 884 4009 aptas,
915 3929 1062 3990 sollicitus
1089 3927 1217 3989 sollicito
1244 3924 1396 3994 sollicitas,

69 4033 251 4090 aecrueutus
278 4035 403 4087 cruento
432 4038 586 4098 cruentas,
615 4049 633 4090 x
661 4031 746 4093 laxus
772 4031 839 4093 laxo
867 4031 962 4103 laxas,
991 4050 1007 4091 r
1034 4030 1141 4092 viduus
1168 4029 1257 4090 viduo
1285 4027 1396 4097 viduas,

180 4296 371 4365 ltraductum]
400 4309 504 4349 tractum
523 4300 548 4349 B
616 4300 782 4364 2pertinere
798 4299 855 4351 BP
923 4301 1079 4352 dllomauis
1097 4314 1143 4353 om,
1161 4299 1186 4349 B
1255 4298 1395 4348 autetiam

111 4368 159 4417 uisi
178 4369 210 4417 ab
226 4369 399 4419 accidentibus
417 4370 442 4417 P
495 4370 524 4421 ll
545 4368 651 4418 dulcedo
666 4369 757 4420 acredo
770 4369 895 4436 pinguido
912 4371 937 4421 P
951 4369 1054 4422 dulcido
1072 4370 1158 4421 acrido
1174 4369 1300 4435 pinguido
1317 4367 1342 4415 B

112 4437 143 4487 13
161 4455 192 4487 ex
214 4441 296 4503 primu
318 4441 402 4502 itaque
427 4438 592 4488 declinatione
611 4447 620 4488 t
638 4455 670 4488 ex
688 4441 784 4503 primae
806 4440 892 4503 itaque
912 4440 1082 4491 declinatione
1100 4441 1125 4491 B
1145 4455 1177 4488 ex
1196 4439 1294 4504 primae
1311 4437 1395 4498 itaque

109 4507 287 4558 declinationis
305 4511 330 4558 P
345 4525 376 4558 ex
393 4509 475 4572 prima
493 4510 577 4570 itaque
596 4507 772 4557 declinationis
790 4509 809 4569 f
857 4509 889 4560 lb
908 4518 935 4558 ut
955 4518 993 4560 eet
1010 4511 1026 4559 b
1041 4510 1108 4560 1³:12
1126 4517 1151 4560 et
1165 4511 1278 4572 reliquae
1295 4506 1396 4555 litterae

109 4581 250 4641 nugatores
268 4579 480 4631 omiseneeuntin
496 4577 521 4626 B
572 4577 643 4641 spico
662 4577 848 4644 spusennes
900 4579 1012 4644 20aquo
1026 4595 1107 4644 aquea
1120 4595 1187 4630 corr.
1201 4589 1281 4641 equor
1294 4576 1395 4637 aquario

109 4649 134 4697 B
187 4649 220 4698 2'2
239 4650 289 4697 lixa
310 4650 360 4697 liro
380 4664 408 4697 ae
427 4647 457 4708 ts
504 4647 537 4696 25
556 4653 605 4695 tem
624 4649 656 4697 ab
675 4647 848 4697 accidentibus
865 4655 891 4697 t:
909 4649 940 4698 ab
959 4650 1075 4699 om.BP
1121 4649 1154 4700 26
1173 4647 1204 4697 ab
1222 4644 1394 4695 accidentibus

109 4733 155 4767 om.
176 4719 229 4768 BP
279 4728 305 4765 ιιι
323 4729 360 4768 est
379 4720 394 4767 b
412 4719 436 4767 P
487 4716 519 4767 27
537 4717 633 4766 amicus
651 4719 731 4768 amieo
750 4733 779 4767 ae
797 4718 909 4768 mundns
927 4719 1021 4769 mundo
1040 4735 1069 4768 as
1086 4718 1169 4768 nudus
1185 4716 1254 4767 nudo
1272 4721 1325 4764 ast

110 4789 144 4835 ‘ze
163 4803 187 4836 m
206 4788 292 4836 firmus
310 4815 344 4825 -
363 4790 475 4843 inllrmae
493 4802 539 4838 om.
560 4785 585 4834 B
654 4787 688 4839 33
707 4790 813 4853 ignarus
832 4803 892 4839 nero
911 4787 993 4854 (coar,
1014 4788 1090 4854 noro)
1109 4804 1150 4838 ras
1168 4789 1194 4838 B
1263 4786 1297 4838 34
1320 4792 1395 4850 aptus

110 4866 183 4921 aptot
201 4858 262 4906 teria
280 4857 406 4909 sollicitus
425 4868 464 4908 tor
482 4857 543 4907 teris
562 4854 644 4921 (corr.
664 4867 689 4907 to
706 4857 760 4922 tas)
775 4857 801 4906 B

161 4947 336 4991 cmuuanu
351 4948 440 4991 eamn
455 4949 483 4991 v.
1152 4941 1195 5007 30
