3346 5498
716 364 787 425 aus
1333 358 1396 422 393

134 487 153 514 c.
167 477 199 515 10.
213 476 245 512 11.
1220 482 1242 521 p.
1256 471 1331 510 itt-19
1345 468 1370 508 B.

109 553 209 632 lipben
233 551 451 613 barbarismum
474 552 587 621 lacere,
616 551 680 629 qui,
704 558 736 608 ut
758 551 836 611 dicat
858 569 944 611 uvam
973 569 1103 629 passam,
1134 549 1205 609 dicit
1233 568 1299 609 nam
1328 568 1395 627 pas-

109 674 187 725 sam,
217 662 247 715 ct
268 663 302 715 ut
329 655 406 714 dicat
432 651 588 734 inlduruit,
618 652 695 732 quod
719 661 764 712 est
788 652 1026 731 tetrasyllabum,
1056 652 1130 710 dicit
1150 651 1295 718 induruit,
1319 650 1395 729 quod

109 766 152 818 est
174 756 378 837 trisyllabum?

194 858 273 919 llaec
301 859 364 918 lere
394 866 477 927 sunt,
506 876 581 937 quae
609 858 640 916 in
663 857 725 935 ipsa
748 856 911 936 prolatione
934 859 966 916 ia
990 855 1206 916 barbarismum
1230 854 1396 913 incurrunt.

84 960 163 1020 ased
185 968 254 1020 sunt
281 968 311 1018 et
338 959 388 1019 alii
417 960 511 1029 modi,
540 977 613 1038 quos
636 959 754 1038 quidam
777 966 989 1038 praeceptores
1012 957 1213 1017 barbarismos
1236 956 1396 1023 nominant,

110 1062 146 1121 de
169 1063 277 1142 quibus
299 1061 369 1140 quid
392 1062 562 1131 sentiamus,
588 1060 719 1121 breviter
735 1059 959 1138 explicabimus.
991 1078 1024 1118 ac
1039 1060 1167 1138 primum
1190 1056 1261 1117 illud
1285 1057 1396 1124 dicunt,

109 1171 275 1225 structuras
303 1171 404 1223 contra
432 1165 577 1223 rationem
607 1170 773 1241 temporum
803 1163 896 1222 lactas
923 1161 1099 1221 barbarismi
1128 1161 1196 1218 vitio
1224 1159 1398 1219 censendas.

109 1267 187 1346 quod
212 1284 277 1327 cum
302 1266 348 1325 alii
372 1273 496 1342 negant,
520 1266 601 1325 aiunt
623 1273 789 1325 structurae
805 1252 907 1324 vitium
930 1265 958 1323 in
983 1267 1048 1343 ipso
1070 1262 1155 1322 titnlo
1177 1280 1317 1340 peccare,
1340 1280 1398 1320 non

110 1371 141 1428 iu
165 1367 343 1428 barbarismi
373 1368 485 1426 crimen
515 1386 580 1427 esse
609 1368 816 1445 redigendum.
861 1386 915 1426 nos
936 1366 1008 1445 qnid
1031 1367 1207 1432 sentiamus,
1236 1362 1397 1442 explicabi-

73 1496 98 1532 ιο
112 1488 186 1530 mus.
225 1473 275 1549 qui
298 1478 476 1529 structuram
500 1488 660 1546 congruam
684 1488 742 1529 uon
765 1470 851 1537 lacit,
875 1487 941 1527 cunr
965 1468 1063 1527 iacere
1087 1486 1118 1526 se
1142 1472 1321 1525 structuram
1344 1484 1398 1543 pu·

110 1580 168 1641 tat,
191 1574 335 1651 temporis
357 1571 418 1631 illic
441 1574 602 1651 praecipue
619 1572 732 1631 ratione
756 1578 875 1649 peccat,
898 1570 1048 1629 interdum
1072 1577 1104 1628 ut
1126 1586 1250 1627 numero
1273 1566 1399 1646 syllaba·

112 1691 177 1734 rum
201 1692 259 1733 non
283 1681 400 1751 peccet,
424 1673 574 1733 interdum
598 1682 630 1733 ut
652 1691 777 1733 rrurnero
800 1671 979 1752 syllabarum
1002 1677 1120 1750 peccet,
1149 1670 1238 1748 idque
1263 1668 1399 1728 bifariam

111 1777 182 1836 lacit
212 1778 271 1843 sic,
300 1783 332 1834 ut
360 1774 404 1834 vel
435 1776 522 1835 addat
549 1775 593 1834 vel
622 1775 767 1835 detrabat.
811 1776 868 1834 iam
897 1775 998 1853 utiquc
1027 1774 1052 1830 si
1081 1771 1163 1831 addit
1191 1781 1241 1832 aut
1271 1769 1401 1831 detrabit

112 1884 244 1956 tempus,
276 1877 352 1954 qnod
382 1896 439 1936 rrou
469 1895 598 1954 congrua
626 1879 740 1936 ratione
770 1875 918 1955 prolatum
947 1881 993 1933 est
1020 1875 1049 1933 in
1079 1871 1258 1932 barbarismi
1293 1891 1400 1933 nomen

73 2002 98 2042 15
112 1979 224 2039 incidat
246 1998 369 2037 necesse
392 1988 447 2038 ost.
493 1998 583 2040 unum
612 1979 647 2038 ad
676 1979 751 2038 bano
773 1995 837 2038 rom
860 1976 1042 2057 probandam
1066 1975 1159 2034 duove
1183 1974 1318 2053 exempla
1340 1975 1401 2034 sus·

112 2083 224 2141 ficiunt.
269 2080 331 2140 vult
353 2088 470 2141 struere
493 2082 599 2161 aliquis
622 2099 657 2140 ex
680 2080 820 2141 trochaeo
843 2088 873 2138 et
896 2078 1038 2144 molosso,
1062 2086 1094 2137 ut
1118 2079 1142 2136 si
1165 2076 1246 2137 dicat
1268 2076 1400 2156 ‘copiam

112 2202 177 2242 csse
201 2183 355 2242 doctorum
364 2185 383 2252 ',
409 2190 588 2243 structuram
612 2185 753 2261 optimam
776 2183 858 2242 lacit.
892 2180 997 2259 qrrodsi
1020 2179 1098 2238 dicat
1121 2179 1197 2238 banc
1220 2186 1400 2239 structuram

113 2304 142 2343 sc
172 2285 270 2344 lacere
299 2286 472 2345 existimans
495 2287 627 2363 ‘copiam
656 2303 720 2344 csso
749 2283 912 2351 ciborum',
937 2280 1153 2341 barbarismum
1177 2282 1298 2340 lactarit:
1332 2280 1401 2340 sub-

112 2387 203 2446 trabit
226 2389 305 2446 terrim
329 2393 445 2466 tempus
468 2388 503 2446 de
528 2387 654 2447 molosso
677 2389 706 2446 in
730 2388 825 2465 prima
850 2383 960 2464 syllaba
983 2392 1022 2451 ct,
1046 2384 1115 2443 dum
1139 2390 1305 2444 structurae
1329 2383 1403 2442 velit

73 2490 298 2557 msatislacere,
329 2488 464 2567 producit
491 2491 618 2568 primam
647 2488 803 2567 syllabam,
835 2494 867 2546 ut
888 2486 966 2545 «licat
988 2485 1137 2553 ciborum,
1161 2505 1228 2545 rum
1252 2487 1279 2544 ci
1304 2484 1403 2544 brevis

111 2594 160 2651 sit.
205 2592 370 2651 adiectione
393 2610 463 2668 crgo
486 2586 639 2669 tempolris
661 2592 692 2649 in
714 2589 935 2669 pronuntiando
955 2589 1034 2675 ¹lacit
1058 2587 1285 2648 barbarismum.
1330 2589 1402 2646 item

112 2715 128 2750 e
157 2695 307 2753 contrario
335 2700 418 2770 putat
447 2713 477 2752 se
507 2695 608 2754 nescio
636 2695 703 2771 quis
731 2693 830 2752 lacere
858 2698 1039 2751 structuram
1063 2709 1097 2749 er
1122 2690 1261 2749 troebaco
1284 2690 1402 2748 ctione

112 2796 313 2874 apelassonos,
338 2795 433 2872 qualis
457 2804 605 2855 structura
629 2814 693 2854 esse
710 2794 826 2854 ridetur
848 2794 892 2854 illi
914 2796 996 2852 ‘esse
1020 2791 1224 2851 merebatur':
1249 2790 1298 2852 bic
1321 2790 1403 2849 addit

113 2897 259 2956 secundae
287 2896 415 2975 syllabae
445 2899 619 2976 posterioris
648 2896 732 2957 verbi
761 2904 878 2975 tempus
899 2914 991 2955 unum
1015 2902 1045 2953 et
1067 2912 1132 2952 cam
1154 2910 1209 2972 pro
1233 2891 1314 2951 breui
1339 2888 1401 2952 lon-

73 3024 99 3062 as
114 3017 180 3075 gam
205 3000 317 3076 posuit,
342 3017 429 3078 quam
454 3002 483 3058 in
508 3001 750 3077 pronuntiatione
767 2999 802 3058 ad
819 2996 1043 3057 similitudinem
1067 2995 1148 3055 illius
1163 3012 1250 3053 verae
1274 3001 1402 3053 structu·

113 3119 163 3160 rae
188 3100 325 3176 redigens
348 3102 509 3180 corripuit,
538 3109 567 3160 et
593 3102 665 3161 lacit
692 3101 827 3161 fraudem
856 3100 985 3157 sermoni
1015 3116 1069 3178 per
1091 3096 1305 3155 detractionem
1328 3103 1401 3156 tem·

112 3204 208 3282 poris,
232 3211 320 3281 atque
343 3203 411 3262 ideo
434 3202 639 3263 barbarismus
662 3211 717 3262 est.
755 3201 800 3260 vel
823 3200 919 3279 qualis
947 3206 993 3258 est
1014 3197 1139 3257 ‘Verres
1161 3217 1297 3258 nummos
1319 3217 1402 3259 acre-

112 3305 224 3383 perat',
249 3323 316 3364 cum
339 3305 448 3383 optima
472 3313 564 3374 essct,
593 3306 619 3363 si
642 3306 792 3384 posuisset
814 3321 850 3362 ex
874 3301 1012 3361 trocbaeo
1035 3302 1154 3359 ctione
1178 3302 1288 3360 maiore
1311 3299 1401 3359 ‘Ver-

112 3426 161 3467 res
188 3425 324 3466 nummos
352 3411 538 3484 acceprrat'.
584 3406 635 3465 sed
664 3407 700 3466 de
729 3407 784 3466 hoc
812 3423 922 3482 genere
950 3402 1069 3463 vitando
1102 3403 1222 3479 longum
1251 3409 1297 3461 est
1325 3420 1403 3462 nunc

74 3511 279 3587 sodispntare,
309 3527 375 3567 cnm
404 3510 441 3567 sit
473 3507 544 3567 mibi
573 3507 737 3569 destinatus
764 3507 903 3586 proprius
932 3505 1034 3565 titulus
1056 3504 1092 3563 dc
1116 3511 1333 3565 structurarum
1356 3522 1403 3563 ra·

112 3615 209 3677 tione,
233 3610 284 3669 ubi
313 3628 379 3668 cerui
409 3610 496 3689 plene
519 3613 652 3669 exsecuti
675 3611 836 3683 luerimuS‚
865 3606 1091 3687 quibusmodis
1115 3605 1210 3666 bonae
1234 3614 1402 3666 structurae

112 3715 198 3780 fiant,
228 3721 257 3770 ct
285 3712 394 3790 quibus
423 3712 519 3771 modis
547 3713 682 3781 vitiosae,
711 3711 816 3772 eodem
845 3713 909 3790 ipso
939 3709 1025 3769 titulo
1054 3708 1154 3768 doceri
1182 3714 1324 3786 poterunt
1351 3710 1402 3787 qui

112 3817 168 3875 lmc
197 3832 291 3890 getius
318 3813 496 3874 barbarismi
526 3816 619 3874 vitare
643 3814 803 3884 voluerint,
833 3830 892 3893 qua
914 3813 1028 3871 ratione
1051 3817 1149 3870 rectas
1171 3816 1335 3870 structuras
1356 3828 1403 3869 se-

113 3917 231 3996 quendo
260 3916 333 3976 nibil
364 3919 393 3974 in
424 3897 610 3996 temporibus
638 3915 815 3976 barbarismi
843 3920 965 3994 ponant.
994 3907 1000 3994 1
1031 3912 1161 3972 secrmdc
1189 3911 1261 3972 illud
1290 3912 1402 3980 dicunt,

74 4045 99 4082 aa
114 4020 303 4098 mytacismos
326 4026 356 4077 ct
378 4017 576 4079 labdacismos
598 4027 627 4077 et
650 4020 821 4079 iotacismos
836 4016 872 4077 ad
892 4015 1069 4076 barbarismi
1093 4016 1224 4094 speciem
1240 4017 1402 4094 pertinere.

113 4122 169 4181 boc
197 4140 266 4198 ego,
296 4120 374 4198 quod
402 4120 438 4179 ad
468 4130 564 4180 certas
591 4120 707 4180 litteras
733 4121 823 4180 bnins
852 4118 932 4178 modi
959 4120 1061 4178 vitium
1088 4117 1215 4177 reddere
1239 4116 1403 4184 voluerunt,

113 4226 267 4283 nonsatis
296 4222 400 4301 ymolm.
446 4242 513 4282 nam
543 4230 611 4282 sunt
639 4232 668 4282 ct
697 4223 771 4282 aliae
800 4220 944 4300 quaedam
968 4221 1100 4287 litterae,
1124 4237 1199 4298 quac
1221 4237 1276 4298 pro
1299 4227 1403 4278 natura

184 4425 303 4491 luvam]
323 4442 390 4487 n,n,
410 4442 449 4474 am
470 4425 503 4473 M
568 4422 638 4491 raam]
662 4423 787 4473 uuamM
853 4423 992 4475 {lestans
1012 4422 1045 4472 M
1110 4424 1171 4471 din
1189 4423 1404 4486 posterioremve

112 4515 159 4550 om,
178 4498 209 4546 M
279 4498 295 4546 8
315 4512 420 4561 peccare
439 4511 495 4545 cum
515 4509 564 4544 non
583 4494 615 4543 M
620 4509 762 4561 .·,peccare,
781 4509 838 4542 cum
857 4509 906 4543 non
925 4494 951 4541 in
971 4492 1120 4541 barbarismi
1138 4493 1231 4541 crimen
1254 4500 1321 4540 esset
1339 4489 1404 4539 redi·

114 4569 225 4634 gendum
246 4569 325 4617 edidit
342 4566 506 4616 Battmaenua
564 4564 597 4615 13
618 4561 666 4630 sic]
687 4564 736 4612 sibi
755 4563 789 4614 M
846 4564 878 4614 15
897 4562 992 4611 incidat
1004 4562 1137 4612 Cremerae
1156 4561 1254 4609 incedat
1271 4560 1303 4609 M
1373 4558 1405 4609 18

114 4640 201 4687 iecerit
226 4636 385 4688 Heinmcldns
408 4636 478 4699 apaad
499 4635 673 4685 Buttmanaam
695 4633 790 4683 fecerat
808 4633 840 4682 M
910 4631 943 4683 19
966 4632 1026 4682 dum
1046 4640 1172 4683 structura
1191 4630 1223 4679 M
1290 4627 1324 4678 22
1348 4629 1404 4676 ione

114 4709 280 4772 appellasono
298 4706 330 4755 M
399 4706 433 4756 23
453 4703 498 4770 illi]
521 4704 580 4755 dicit
595 4705 637 4754 ille
656 4704 686 4753 M
755 4702 789 4753 26
808 4704 933 4752 sermonis
952 4703 985 4752 M
1051 4702 1227 4766 2'lacciperet
1244 4703 1334 4763 priore
1351 4700 1405 4753 loco

115 4779 258 4828 Oramerae.
273 4779 387 4842 fortasse
400 4778 493 4825 Verres
517 4789 635 4825 nummos
662 4781 793 4837 acceperat
812 4781 837 4822 et
849 4781 938 4838 postea
957 4788 1073 4823 nummos
1095 4770 1188 4821 Verris
1206 4776 1337 4834 acceperat

114 4848 149 4897 28
163 4850 258 4913 optima
277 4856 314 4897 est
327 4848 358 4896 M
407 4847 439 4896 31
453 4845 594 4911 ponentM
638 4843 672 4895 35
684 4843 861 4893 moeteciemos
879 4853 904 4892 et
916 4843 1134 4894 lautasoismosM
1169 4838 1303 4891 sevitium
1316 4837 1407 4890 oncM

166 4938 340 4980 unumunurm
356 4937 445 4978 LATllll
460 4937 487 4977 V.
1160 4923 1203 4987 26
