3346 5498
699 366 897 430 Excenr'ra
1386 362 1443 428 321

154 556 301 619 luvenalis
323 556 380 617 hoc
403 555 493 616 breve
514 557 624 634 posuit.
663 555 704 616 Da
728 557 791 615 eius
815 552 992 635 exemplum.
1024 552 1169 614 luvenalis
1191 552 1450 633 ‘thyrsumque

153 668 288 743 teuent
311 667 345 719 et
366 658 533 735 subligar
554 659 667 718 hcci'.

655 760 725 798 ,a
791 759 810 798 a
874 756 891 794 a

685 928 735 1006 DE
758 928 916 989 PEDlBVS
1272 938 1293 978 p.
1309 927 1340 964 ro.
1354 925 1379 965 eo
1394 923 1419 963 n.

240 1051 296 1110 Pes
312 1049 382 1126 quid
399 1050 462 1108 est‘t
485 1046 668 1125 Syllabarum
686 1056 715 1106 et
730 1054 899 1126 temporum
922 1055 1002 1107 certa
1026 1047 1232 1106 dinumeratio.
1262 1044 1449 1116 Quomodo?

127 1152 230 1223 §Quia
252 1170 329 1212 unus
347 1153 471 1231 quisque
493 1168 546 1229 pes
573 1156 687 1210 certum
717 1167 874 1210 numerum
904 1147 1083 1227 syllabarum
1112 1157 1141 1208 et
1162 1156 1329 1227 temporum
1352 1147 1450 1208 habet.

154 1253 220 1324 Ouo
251 1252 356 1313 modo?
391 1254 426 1313 Vt
453 1261 522 1332 puta
552 1253 577 1310 si
606 1251 701 1310 dicam
731 1249 897 1330 spondeus,
928 1259 958 1310 et
986 1257 1083 1311 certas
1111 1247 1236 1330 syllabas
1263 1251 1354 1311 habet
1376 1251 1449 1312 duas

153 1356 256 1434 longas
290 1364 319 1415 et
351 1364 431 1415 certa
466 1362 606 1434 ryuattnor
640 1361 789 1433 tempora;
823 1355 866 1412 sic
899 1371 976 1414 unus
1003 1355 1129 1432 quisque
1161 1371 1223 1431 pes
1269 1353 1326 1413 Pes
1357 1372 1449 1432 quare

155 1458 269 1518 dietus?
303 1457 376 1527 Quia
406 1475 494 1535 quem
522 1455 558 1516 ad
586 1455 704 1515 modum
735 1474 790 1515 nos
817 1457 874 1514 iter
902 1453 1027 1534 pedibus
1049 1455 1216 1533 gradimur,
1240 1457 1280 1515 ita
1303 1465 1333 1515 et
1355 1462 1448 1519 metra

155 1578 210 1639 per
231 1559 323 1638 pedes
345 1558 428 1637 gradi
452 1558 598 1618 ridentur.
628 1556 696 1617 ideo
718 1574 771 1634 pes
793 1559 856 1636 ipse
877 1556 988 1626 dictus,
1013 1576 1048 1617 eo
1071 1556 1150 1634 quod
1172 1559 1246 1636 ipsis
1269 1559 1399 1618 nitamur
1421 1567 1450 1617 et

115 1676 142 1714 ιο
156 1663 229 1740 ipsis
251 1659 422 1721 incedamus
443 1678 499 1739 per
520 1666 624 1719 metra.

242 1763 324 1834 Quae
346 1761 483 1822 accidunt
505 1763 556 1823 uni
579 1761 687 1841 cuique
710 1759 797 1839 pedii
818 1761 901 1822 Arsis
923 1770 952 1822 ot
974 1760 1075 1830 thesis,
1100 1779 1245 1822 numerus
1260 1759 1449 1839 syllabarum,

158 1873 289 1944 tempus,
311 1863 469 1933 resolutio,
493 1863 602 1941 ligura,
626 1870 764 1922 metrum.
809 1862 884 1932 Quid
907 1873 953 1923 est
973 1865 1066 1923 arsis?
1102 1863 1247 1931 Eloratio‚
1277 1863 1376 1923 idest
1404 1866 1449 1923 in·

157 1966 273 2026 choatio
295 1968 397 2046 partis.
441 1965 516 2035 Quid
541 1973 585 2025 est
609 1963 716 2024 thesis?
753 1964 877 2033 Posido,
901 1964 931 2024 id
954 1973 1000 2025 est
1021 1966 1087 2024 linis
1109 1967 1209 2043 partis.
1256 1964 1450 2035 Quomodo?

156 2070 228 2128 l‘uta
252 2069 277 2129 si
299 2068 393 2128 dicam
418 2066 564 2146 prudens,
588 2065 659 2127 illud
683 2084 738 2145 pru
762 2065 886 2126 elevatio
909 2074 969 2136 est,
993 2065 1066 2126 illud
1090 2065 1164 2126 dens
1185 2067 1302 2145 positio.
1341 2065 1373 2127 ln
1396 2069 1449 2128 tri·

115 2182 143 2222 ¹5
157 2168 275 2249 syllabis
303 2178 333 2230 et
360 2167 556 2249 tetrasyllabis
583 2168 709 2247 pedibus
737 2176 810 2248 quot
835 2166 963 2247 syllabas
990 2167 1047 2228 sibi
1074 2167 1203 2228 vindieat
1230 2170 1305 2228 arsis
1328 2178 1357 2229 et
1379 2177 1451 2248 quot

157 2272 269 2333 thesis?
304 2271 335 2331 ln
364 2270 536 2350 trisyllabis,
566 2272 592 2331 si
620 2272 650 2330 in
678 2271 773 2348 prima
796 2268 933 2330 habuerit
954 2277 1123 2340 accentum,
1153 2279 1185 2330 ut
1206 2279 1277 2348 puta
1300 2270 1449 2338 dominus,

157 2374 232 2434 duas
253 2372 378 2454 syllabas
407 2373 533 2433 vindieat
555 2373 629 2432 arsis
652 2381 681 2432 et
703 2390 792 2432 unam
815 2370 915 2432 thesis
960 2391 1028 2432 nam
1052 2375 1076 2433 si
1106 2371 1287 2452 paenultima
1309 2370 1375 2433 loco
1398 2372 1449 2433 ha·

158 2476 256 2536 buerit
282 2484 450 2545 accentum,
481 2485 514 2536 ut
538 2483 608 2553 puta
637 2472 754 2543 beatus,
784 2474 859 2534 arsis
881 2472 1009 2534 vindicat
1032 2447 1120 2534 afim
1143 2474 1284 2553 syllabam
1308 2484 1337 2534 et
1359 2474 1451 2535 thesis

157 2577 242 2637 duas.
287 2580 329 2637 sic
353 2586 382 2637 et
406 2587 538 2656 tempora
562 2575 726 2637 secundum
750 2576 944 2652 quantitatem
967 2573 1145 2654 syllabarum
1169 2576 1227 2636 sibi
1248 2576 1448 2638 vindicabunt.

117 2692 145 2731 20
159 2679 224 2750 Ouo
248 2679 335 2739 modo
359 2698 501 2739 numerus
523 2677 719 2758 syllabarum?
756 2677 787 2737 Si
811 2695 847 2737 ex
869 2676 982 2737 duabus
1006 2677 1101 2738 tribus
1122 2687 1173 2739 aut
1201 2686 1340 2755 quattuor
1362 2677 1448 2757 sylla·

157 2782 204 2842 bis
233 2790 346 2841 constat
375 2783 438 2859 ipse
466 2799 527 2858 pes.
572 2780 637 2850 Ono
665 2779 753 2839 modo
782 2780 917 2858 tempus?
961 2779 1038 2850 Quot
1071 2783 1204 2858 te'mpora
1239 2779 1345 2840 habeat
1372 2798 1450 2840 nnus

156 2885 283 2962 quisque
304 2903 372 2962 pes:
407 2884 433 2942 si
455 2882 632 2961 pyrrichius
645 2882 747 2951 luerit,
776 2880 834 2940 duo
856 2890 990 2960 tempora
1013 2879 1116 2949 babet;
1146 2883 1172 2941 si
1193 2881 1344 2960 spondeus
1366 2891 1450 2961 quat·

157 2993 242 3054 tuor;
265 2987 308 3045 sie
331 2994 360 3044 et
383 3003 458 3044 urrus
482 2985 690 3064 quisque'pes.
737 2983 802 3054 Ouo
826 2982 914 3043 modo
937 2981 1098 3042 resolutio?
1131 2984 1162 3043 Si
1185 2982 1292 3043 accidit
1314 2985 1364 3043 uni
1388 2985 1448 3043 cui·

156 3106 215 3166 que
242 3085 311 3165 pedi
338 3085 494 3155 resolutio,
523 3087 547 3146 si
581 3104 651 3145 non.
697 3084 892 3155 Quomodo?
928 3084 999 3144 Puta
1028 3087 1053 3144 si
1076 3084 1172 3148 dicam
1194 3084 1319 3146 ‘Saulus
1341 3085 1450 3147 Paulus

115 3188 266 3248 eolllrristi
291 3207 357 3247 cum
382 3190 457 3248 lacta
479 3191 634 3264 negaret',
664 3188 693 3246 in
723 3184 770 3247 his
792 3186 980 3247 sermonibus
1002 3185 1162 3247 trochaeus
1189 3206 1243 3266 pes
1265 3189 1380 3248 est:‘si
1402 3207 1449 3247 re·

122 3305 125 3311 ’
155 3288 238 3357 solvo
261 3292 392 3369 priorem
415 3287 571 3369 syllabam,
602 3290 633 3348 ht
654 3288 724 3348 inde
747 3288 959 3349 antibacchius.
1005 3288 1093 3350 huius
1117 3288 1300 3367 exemplum,
1324 3287 1449 3349 ‘Saulus

157 3390 264 3452 Paulus
287 3391 396 3452 Christi
419 3409 486 3450 cum
510 3392 586 3451 lacta
607 3396 766 3499 ,negaretth
811 3390 868 3450 iam
892 3389 940 3450 hic
963 3388 1000 3449 de
1029 3389 1132 3451 solidis
1154 3393 1259 3451 scissio
1281 3392 1321 3451 tit.
1367 3392 1450 3453 Sicut

156 3493 250 3554 solida
279 3493 469 3560 scinduntur,
493 3500 619 3570 possunt
639 3491 760 3552 solidari
782 3494 881 3559 scissa,
905 3509 942 3551 an
965 3492 1042 3550 arciri
1066 3493 1141 3552 Dicit
1163 3493 1361 3554 Terentianus
1384 3498 1448 3554 ‘so-

156 3594 214 3655 lida
244 3594 338 3654 scindi
366 3601 504 3672 possunt,
533 3596 622 3654 scissa
645 3593 767 3654 solidari
790 3613 848 3654 non
872 3597 1022 3672 possunt'.
1067 3593 1118 3653 sed
1141 3595 1322 3665 invenimus,
1346 3595 1398 3657 ubi
1420 3603 1450 3657 et

115 3714 143 3752 ao
157 3698 246 3756 scissa
268 3695 440 3756 solidentur.
487 3697 527 3757 Da
550 3697 614 3757 eius
637 3695 814 3775 exemplum.

309 3798 452 3859 Tenuia
474 3816 540 3858 nee
562 3796 669 3859 lanae
692 3792 758 3877 per
781 3797 923 3858 caelum
948 3797 1089 3859 vellera
1112 3799 1237 3867 lerri„

157 3902 278 3960 namin
302 3901 358 3960 isto
381 3918 467 3960 versu
497 3907 527 3958 et
548 3901 639 3961 scissa
668 3899 832 3962 solidantur
859 3908 889 3961 et
916 3899 1008 3960 solida
1031 3901 1217 3963 scinduntur.
1254 3901 1449 3972 Quomodo?

156 4002 270 4062 Tenuia
303 4009 332 4061 et
360 4002 504 4063 scinditur
533 4010 562 4061 et
590 4001 747 4071 solidatur,
776 4005 842 4082 quia
871 4011 899 4062 te
927 4022 985 4063 una
1014 4001 1124 4081 syllaba
1154 4013 1212 4074 est,
1242 4024 1283 4065 nu
1307 4005 1449 4076 altera,i

157 4106 260 4171 tertia,
290 4122 306 4161 a
335 4112 451 4182 quarta:
491 4121 530 4163 nu
559 4104 688 4164 secunda
716 4103 825 4181 syllaba
852 4104 1011 4174 scinditur,
1036 4114 1064 4165 et
1085 4106 1180 4185 ipsius
1203 4106 1331 4187 syllabae
1354 4111 1448 4188 prima

115 4221 143 4260 aa
157 4204 254 4264 littera
277 4223 295 4264 n
319 4207 411 4283 priori
433 4204 562 4283 syllabae
584 4204 741 4273 solidatum
770 4207 900 4266 secunda
928 4226 996 4268 vero
1018 4206 1116 4267 littera
1140 4227 1157 4267 u
1181 4207 1323 4271 solidatur
1344 4213 1450 4271 tertiae

157 4305 302 4384 syllabam
334 4315 363 4366 ct
390 4315 492 4385 quarta
523 4305 633 4385 syllaba
656 4307 801 4368 scinditur
824 4309 861 4368 de
883 4307 942 4369 loci
963 4310 1009 4369 sui
1032 4308 1136 4369 ordine
1160 4318 1189 4370 et
1210 4312 1354 4373 solidatur
1376 4311 1448 4372 alte·

157 4410 220 4468 rius
242 4409 319 4486 parti
343 4415 372 4466 et
394 4409 463 4467 lacit
486 4411 596 4476 teuria,
621 4417 652 4469 ut
674 4410 712 4467 sit
735 4428 788 4488 pes
811 4409 956 4489 dactylus:
981 4420 1010 4470 et
1033 4430 1101 4471 ecce
1125 4414 1227 4472 scissio
1251 4421 1280 4472 et
1302 4412 1446 4473 solidatio.

157 4511 222 4582 Quo
251 4510 339 4569 modo
367 4510 478 4587 ligura?
523 4509 585 4578 Qua
615 4512 707 4587 figura
736 4530 812 4571 unus
840 4515 963 4590 quisque
986 4530 1040 4590 pes
1063 4521 1190 4574 notetur.
1234 4516 1259 4574 si
1281 4513 1449 4593 pyrrichius

158 4631 209 4690 pes
231 4612 334 4680 luerit,
364 4631 398 4671 ex
427 4610 541 4671 duabus
572 4612 711 4673 brevibus
740 4620 869 4680 constat,
892 4632 946 4691 per
969 4612 1026 4673 dno
1048 4645 1066 4663 ν
1089 4614 1238 4676 notandus
1261 4623 1307 4674 ost
1328 4648 1346 4665 ν
1363 4634 1396 4683 υ;
1419 4623 1461 4710 etx

156 4730 298 4738 m-

229 4783 240 4832 l
264 4780 399 4847 luvenalis]
415 4791 464 4835 sot.
478 4782 504 4845 6,
519 4783 553 4832 70
604 4783 639 4832 28
656 4781 834 4848 Terentianus]
854 4800 876 4836 v.
892 4783 973 4834 2226:
991 4785 1026 4847 ef.
1044 4787 1155 4851 Pompei.
1168 4803 1196 4850 p.
1211 4785 1245 4834 57
1259 4747 1300 4833 ed.
1318 4785 1394 4838 Lind.

156 4853 188 4906 ul
210 4851 305 4919 tenuia]
325 4855 402 4917 Verp.
421 4868 508 4916 yyeorp.
528 4855 536 4902 l
556 4851 605 4902 397

209 4944 383 4986 tili.lbl.ll.tht'l
399 4944 488 4984 lA'l'lNl
503 4945 529 4984 V.
1204 4939 1244 5003 21
