3346 5498
239 338 304 404 ese
647 297 650 303 “
803 339 956 403 renem

265 461 287 504 p·
300 451 388 492 tot-11
403 448 424 489 1.

241 537 339 592 autem
363 528 533 599 cohaerent,
555 547 659 607 graves
680 531 763 600 liunt,
786 531 876 591 etiam
896 531 922 591 si
936 525 1268 590 luerint'circnmllerae
1285 526 1367 609 [plus
1382 534 1427 588 est
1443 526 1525 608 hoc].
1556 605 1558 609 Ι

241 640 311 711 puta
334 631 370 692 ad
392 639 510 693 acutum
533 631 622 692 habet
649 639 816 694 accentum:
851 634 897 694 lac
919 631 1032 710 adegit3
1067 649 1136 692 eece
1164 633 1221 690 iam
1248 631 1346 710 perdit
1372 639 1527 691 accentum

241 743 421 814 correptum,
445 741 475 795 et
496 735 605 812 accipit
626 742 779 794 accentum
803 734 989 813 productum,
1014 739 1043 794 et
1070 732 1119 794 illa
1147 750 1266 810 gravem
1295 729 1425 793 habehit.
1470 731 1528 792 hoo

241 838 328 897 etiam
356 837 392 897 de
418 833 467 895 illa
495 853 569 915 quae
592 833 814 897 circumlle'sum
847 835 938 897 habet
965 845 1135 909 accentum,
1169 837 1241 914 prat
1268 833 1429 931 praeridit:
1463 834 1527 913 ipsa

240 941 266 999 vi
289 937 379 998 babet
406 946 573 1007 accentum,
603 946 632 996 et
653 936 702 997 illa
729 955 847 1015 gravem
877 936 975 998 habet.
1020 954 1091 1016 ergo
1117 936 1212 997 omnis
1241 938 1438 1015 praepositio,
1465 937 1554 996 sires

238 1048 357 1101 acutum
381 1038 496 1112 haheat,
521 1041 582 1099 sive
605 1056 665 1098 non
688 1038 795 1099 habeat
817 1047 951 1108 acutum,
974 1039 1027 1100 sed
1050 1037 1285 1107 circumflexum.
1309 1039 1455 1100 tamensi
1477 1056 1530 1097 co·

238 1143 360 1203 haereat
381 1150 410 1202 et
432 1140 580 1202 coalescat
601 1143 633 1200 in
655 1159 744 1201 unam
767 1148 890 1220 partem,
914 1141 984 1201 lacit
1006 1159 1072 1201 eam
1093 1139 1180 1200 alium
1204 1141 1339 1219 accipere
1361 1146 1527 1201 accentum.

239 1244 336 1325 perdit
357 1250 511 1305 accentum
538 1253 656 1304 neutum
686 1247 731 1303 ecl
756 1242 978 1304 circumflexum
1002 1250 1032 1302 et
1059 1244 1165 1321 accipit
1184 1260 1313 1320 gravem,
1341 1241 1371 1301 id
1400 1250 1445 1303 est
1466 1260 1529 1303 nou

238 1348 301 1427 ipsa
323 1352 418 1412 sonat,
442 1344 494 1405 sed
517 1342 566 1404 illa
588 1362 658 1423 pars
680 1345 821 1405 orationis
842 1347 891 1405 cui
914 1345 1053 1422 iungitur.

121 1462 222 1522 51⁷,11
323 1446 455 1507 Diximus
478 1463 570 1506 unum
591 1445 726 1506 accidere
750 1453 863 1507 tanturn
891 1448 1116 1526 praepositioni,
1147 1445 1176 1505 id
1205 1453 1251 1507 est
1278 1465 1395 1515 casum,
1425 1464 1568 1506 casumve

149 1533 152 1537 ’
238 1556 336 1609 autem
358 1556 408 1608 ant
434 1551 631 1608 accusativum
659 1556 708 1607 aot
736 1541 903 1608 ablativum.
949 1549 985 1609 de
1014 1566 1137 1608 numero
1165 1549 1419 1628 praepositionum
1447 1549 1529 1608 varie

238 1650 381 1711 habemns
403 1652 432 1709 in
456 1658 528 1709 arte.
569 1657 682 1710 constat
706 1657 803 1710 autem
827 1650 1060 1729 praepositiones
1083 1669 1148 1711 esse
1171 1652 1254 1710 istas:
1286 1648 1401 1710 habetis
1424 1668 1474 1710 cas
1497 1651 1528 1710 in

240 1751 338 1813 Probo
359 1750 435 1812 bene
458 1761 659 1819 enumeratas;
684 1753 802 1829 triginta
819 1749 911 1812 hahes
934 1753 1123 1818 accusativos,
1147 1751 1314 1830 quindecim
1331 1750 1422 1812 hahes
1445 1750 1526 1811 abla-

239 1856 320 1922 tivas,
345 1861 373 1913 et
395 1862 533 1934 quattuor
555 1852 646 1913 babes
668 1871 850 1922 communes,
875 1860 904 1914 et
926 1861 1039 1932 septem
1068 1852 1161 1913 hahes
1184 1851 1372 1930 loquellares.
1418 1854 1475 1914 iste
1500 1863 1530 1915 et

239 1958 268 2016 in
292 1957 463 2016 accusativis
488 1953 491 2035 l
515 1956 613 2015 minus
635 1957 732 2034 posuit
756 1954 924 2036 [Donatus],
949 1963 978 2016 et
1000 1957 1030 2014 in
1052 1954 1183 2016 ablativis
1207 1956 1302 2015 minus
1323 1957 1429 2035 posuit.
1460 1954 1529 2034 plus
1543 1971 1568 2012 rs

240 2076 311 2136 erge
335 2076 392 2118 non
415 2056 508 2117 babes
530 2056 567 2118 ab
589 2059 652 2116 istis
674 2058 803 2135 triginta.
849 2077 908 2125 ves,
933 2059 983 2136 qui
1008 2059 1151 2118 rationem
1175 2066 1336 2117 metrorum
1359 2058 1529 2136 sequimini,

239 2163 269 2220 in
292 2161 355 2220 istis
378 2158 589 2238 loquellaribus
610 2159 666 2220 hoc
682 2159 915 2219 animadvertere
931 2158 1057 2219 dehetis:
1074 2178 1141 2219 cum
1159 2158 1331 2220 naturaiiter
1345 2159 1426 2237 ipsae
1442 2177 1529 2238 prae·

239 2262 402 2339 positiones
423 2260 528 2338 longae
548 2262 618 2352 sint,
641 2259 814 2339 plerumque
838 2262 880 2321 sic
902 2260 1070 2335 cohaerent,
1096 2269 1128 2320 ut
1142 2261 1267 2340 perdant
1282 2271 1416 2321 naturam
1433 2279 1527 2322 snam.

239 2370 307 2441 puta
330 2381 407 2432 sere,
431 2362 487 2422 boc
511 2363 641 2421 estsine
664 2361 753 2422 dubio
776 2361 888 2441 loquor,

390 2463 450 2523 illi
477 2465 580 2524 inter
603 2483 683 2524 sese
706 2465 808 2525 vario
830 2476 1002 2526 sermone
1024 2464 1214 2539 serebant,
1542 2483 1569 2524 ao

239 2566 270 2627 id
293 2573 338 2627 est
360 2565 565 2646 loquebantur.
612 2574 641 2627 et
662 2573 733 2645 puta
756 2567 780 2626 si
803 2565 884 2627 dicas
907 2567 990 2635 duco,
1014 2567 1043 2626 id
1068 2575 1112 2627 est
1133 2574 1201 2645 puta
1224 2565 1305 2626 illurn
1329 2565 1427 2635 traho,
1456 2584 1529 2627 con·

239 2686 317 2748 pone
344 2666 429 2736 illud,
460 2666 583 2735 diduco;
617 2686 686 2729 ecce
708 2670 906 2748 conposuisti,
936 2668 1073 2729 addidisti
1101 2669 1140 2728 dl.
1186 2687 1255 2728 ecce
1283 2674 1312 2728 et
1340 2665 1400 2727 illic
1428 2666 1465 2728 ab
1493 2688 1529 2730 ee

240 2770 319 2849 quod
343 2777 476 2830 estsere
499 2778 594 2830 sertus
616 2769 753 2838 disertus,
776 2770 805 2830 id
830 2779 874 2831 est
890 2770 1012 2831 eandem
1027 2772 1277 2849 praepositionem
1299 2771 1415 2850 accipit,
1439 2789 1529 2850 quam

239 2872 490 2953 praepositionem
520 2872 626 2951 accipit
653 2880 681 2931 et
707 2874 761 2933 ista
789 2891 858 2952 pars
886 2874 1037 2933 erationis.
1086 2891 1157 2950 ergo
1186 2872 1330 2933 debemus
1357 2874 1434 2934 cauti
1461 2891 1530 2936 esse

240 2975 276 3035 ad
300 2974 352 3036 has
374 2982 474 3053 partes
495 2974 644 3042 orationis,
667 2973 697 3033 id
722 2982 765 3034 est
786 2976 1032 3054 praepositiones,
1055 2992 1131 3051 qnae
1154 2974 1285 3035 fiuntdc
1307 2976 1370 3035 istis
1391 2976 1529 3054 conposi·
1543 2991 1568 3032 ss

241 3075 379 3138 tionibus.
424 3074 601 3154 plerumque
623 3076 705 3155 ipsae
727 3078 960 3156 praepositiones
988 3085 1038 3138 aut
1060 3076 1165 3155 longae
1192 3084 1261 3136 sunt
1282 3084 1333 3137 aut
1354 3075 1475 3147 breves,
1499 3084 1531 3137 et

242 3179 300 3239 v'ron
323 3177 413 3239 debes
435 3178 477 3237 sic
498 3179 608 3255 passim
631 3177 745 3247 dicere,
774 3177 826 3238 sed
854 3198 909 3257 pre
937 3178 1076 3256 qualitate
1105 3179 1323 3257 exemplorum,
1358 3186 1428 3258 puta
1455 3195 1529 3256 quo·

241 3283 318 3341 niam
341 3279 477 3340 invenisti
500 3277 580 3338 illam
603 3278 736 3348 brevem,
761 3281 802 3339 sic
825 3278 905 3340 illam
927 3281 1044 3360 prolem
1078 3279 1170 3340 debes
1198 3279 1342 3341 sollicitus
1371 3297 1436 3340 esse
1459 3299 1529 3359 pro·

240 3390 306 3460 pter
329 3381 381 3442 has
404 3399 461 3440 res.
498 3379 633 3441 similiter
656 3383 743 3441 ctiam
767 3383 874 3443 emittit
897 3390 941 3441 est
963 3381 1083 3443 dimittit
1107 3380 1229 3461 [omittit
1249 3381 1385 3443 similiter
1408 3382 1531 3443 dimittit

241 3481 315 3566 cstl,
345 3490 494 3544 ettamen
518 3482 660 3543 babemus
688 3483 763 3561 apud
788 3484 940 3544 Horatium
969 3482 1136 3563 erenrplnm
1165 3485 1287 3551 emittit;
1323 3503 1381 3544 non
1405 3484 1568 3553 diuitem

241 3586 345 3644 mittit:
376 3602 430 3662 per
453 3586 686 3663 conpositionem
709 3586 875 3645 invenimus
898 3586 1015 3654 omittit,
1040 3587 1234 3664 ‘praesens
1256 3605 1319 3646 sua
1344 3585 1450 3665 culpa
1474 3588 1530 3648 ire

241 3684 418 3764 deceptus
446 3675 585 3746 omittit
613 3687 752 3746 etueri'
783 3705 855 3764 ergo
882 3689 958 3748 scire
981 3685 1122 3748 debemus
1144 3706 1248 3748 omnes
1270 3689 1341 3748 istas
1367 3683 1530 3768 praelposi·

241 3788 335 3846 tiones
362 3785 553 3865 loquellares,
588 3806 644 3848 con
672 3787 702 3848 di
730 3787 777 3847 dis
810 3807 842 3847 re
869 3806 969 3849 seam
999 3808 1016 3848 o
1046 3789 1122 3867 (nam
1146 3788 1323 3850 addiderunt
1344 3789 1480 3869 plerique
1502 3811 1529 3860 o,

310 4039 436 4104 haccepit
450 4042 522 4091 ABG
574 4041 643 4089 illam
659 4041 682 4089 A
734 4039 793 4089 hul
807 4039 894 4091 hebuit
907 4041 979 4092 ABG
1032 4045 1113 4093 omnis
1128 4045 1283 4110 praepositio
1301 4046 1357 4095 siue
1370 4060 1418 4095 nen
1439 4045 1531 4097 habent

241 4119 341 4175 acutum
361 4110 417 4159 sine
432 4126 536 4174 grauem
553 4112 607 4159 sine
628 4126 677 4159 non
695 4119 796 4161 acutum
818 4112 863 4160 sed
881 4112 1070 4162 circomllexum
1090 4114 1113 4162 A
1130 4116 1212 4163 omnis
1232 4116 1387 4180 praepositio
1406 4117 1462 4166 siu'h
1480 4132 1530 4166 nou

243 4180 334 4229 lrabeat
350 4188 450 4228 acutum
468 4181 512 4231 sed
532 4181 720 4229 circumflexum
735 4178 760 4228 B
767 4181 806 4231 Co
864 4184 880 4231 h
899 4189 993 4232 tanturn
1012 4184 1033 4231 si
1053 4184 1188 4234 cohaereat
1205 4185 1364 4233 Balantum
1383 4187 1421 4234 sie
1438 4186 1530 4237 cohae-

243 4258 294 4299 rent
314 4250 337 4298 A
357 4256 452 4300 tontum
474 4250 648 4300 cohaereat&
733 4249 847 4316 8perdit
865 4260 996 4301 accentum
1016 4254 1110 4303 llexum
1128 4261 1151 4302 et
1170 4253 1254 4303 ABG
1339 4255 1528 4320 totostoto]

241 4322 319 4370 instit.
339 4327 390 4372 art.
405 4337 432 4384 p.
455 4320 513 4383 147,
532 4321 562 4373 4:
581 4321 615 4382 es.
635 4319 737 4370 Cledon.
751 4337 780 4386 p.
799 4319 865 4370 1933
937 4321 968 4371 lt
988 4324 1034 4371 iste
1051 4324 1178 4388 A(?)BC
1190 4325 1299 4373 donatos
1319 4341 1373 4375 ,sc.
1396 4327 1443 4375 iste
1457 4343 1475 4375 a

241 4390 474 4439 etaccusatinisC
544 4390 575 4441 15
595 4390 768 4440 llorrctusom.
788 4389 845 4450 BC,
866 4399 1014 4451 expunctum
1035 4396 1157 4444 estinA
1229 4393 1349 4458 plusovn.
1373 4396 1411 4459 A,
1431 4398 1493 4450 add.
1513 4412 1531 4446 a

312 4459 344 4511 19
359 4459 448 4522 loquer
467 4467 493 4507 nt
510 4459 545 4508 illi
565 4458 600 4509 C:
623 4462 700 4525 Verp.
719 4463 781 4511 Aen.
804 4461 835 4508 Vl
857 4461 905 4511 loo
959 4463 991 4510 22
1011 4464 1041 4512 nb
1059 4465 1173 4528 eoquod
1192 4473 1230 4512 est
1246 4465 1286 4513 Cn
1306 4464 1387 4515 habeo
1405 4465 1474 4528 qnod
1492 4477 1531 4516 est

243 4530 266 4579 B
284 4529 363 4579 habeo
383 4529 444 4594 qnid
463 4538 500 4578 est
518 4529 542 4577 A
613 4532 646 4580 24
665 4529 741 4597 cauti]
759 4533 819 4580 certi
834 4530 915 4582 ABG
982 4532 1016 4582 te
1035 4536 1104 4599 ipsae
1123 4535 1325 4601 praepositiones
1346 4535 1531 4586 Lindemnnnus

241 4601 312 4665 ipsae
329 4600 519 4664 conpositiones
536 4599 617 4651 ABG
651 4599 699 4651 131
719 4616 841 4667 praesens
855 4616 902 4650 aua
921 4599 1007 4669 culpa]
1029 4604 1123 4657 Horat.
1140 4607 1214 4666 epist.
1235 4605 1243 4650 l
1263 4604 1309 4664 ts,
1327 4604 1369 4654 79.
1390 4620 1465 4669 quem
1483 4619 1531 4656 sua
1566 4664 1567 4667 Ἴ

241 4669 316 4735 culpo
331 4681 436 4735 premet,
453 4670 573 4734 deceptus
589 4671 674 4719 omitte
691 4672 764 4724 tueri.
782 4676 895 4736 exempto
912 4671 1016 4723 Ilor'ntr'r'
1028 4673 1074 4723 doc
1090 4676 1187 4723 videtur
1200 4673 1311 4735 probare
1328 4677 1434 4725 colunne
1444 4691 1529 4740 prorn-

240 4741 353 4861 mnq'qupg
367 4741 451 4790 omitte
469 4741 582 4791 steriliter
599 4741 649 4791 dici
666 4755 696 4790 ac
715 4742 820 4800 dimitte,
838 4750 864 4792 et
876 4749 1019 4806 correptam
1033 4760 1087 4794 esse
1102 4743 1310 4810 praepositionem
1330 4759 1358 4794 o:
1374 4746 1408 4807 cf.
1420 4746 1525 4799 Gtedon.

239 4825 267 4874 p.
