3382 5498
271 387 335 451 310
838 385 988 448 tollunt!

297 511 318 551 ρ.
332 498 420 537 att-rr
436 496 457 536 ι.

272 583 321 637 εει
341 581 346 649 Ι
366 584 446 637 certe
474 594 528 655 per
559 593 649 636 unum
672 592 856 642 sermonem,
886 581 919 634 nt
946 579 1059 652 septem
1087 571 1219 634 subiecta
1248 574 1350 634 trioni:
1384 573 1560 655 plerumque
1619 588 1623 598 ·

271 697 325 758 per
347 676 436 739 verba
458 677 586 757 plurima
610 678 793 757 interposita,
817 677 843 736 si
865 674 946 760 dicas
967 674 1032 745 boc,

423 778 563 840 lllassili
585 778 792 859 portabant
813 778 967 839 iuvenes
989 777 1167 839 ad-litora
1190 785 1309 847 tanas,
1416 816 1419 822 Α

271 881 300 942 id
324 889 370 942 est
390 879 583 942 Massilitanas
606 880 726 959 lagonas
741 878 898 960 portabant
919 881 1041 940 iuvenes
1061 878 1097 940 ad
1119 879 1215 941 litora.
1245 879 1324 942 aliud
1344 882 1432 942 etiam
1455 884 1560 942 ‘saxo

271 1001 357 1043 cere
379 984 596 1045 comminuit
620 980 750 1051 brum',
774 980 832 1042 boa
855 989 900 1042 εει
920 979 1089 1050 cerebrum,
1112 980 1142 1042 id
1164 987 1209 1042 est
1222 1000 1292 1044 saxo
1314 982 1472 1044 cerebrum
1495 984 1587 1044 eluso

271 1086 458 1153 comminuit;
494 1084 546 1144 sed
574 1103 634 1144 non
661 1085 758 1163 potuit
785 1083 828 1143 sic
856 1090 936 1143 stare
964 1101 1000 1143 ex
1031 1083 1151 1153 ordine,
1180 1083 1248 1145 ideo
1280 1085 1565 1169 conposuit-esp&

271 1186 368 1265 chysis
391 1196 436 1248 est
458 1195 571 1255 autem,
595 1187 860 1266 quotienscumque
887 1186 968 1245 omni
994 1191 1080 1264 parte
1106 1186 1263 1247 confusum
1294 1196 1338 1246 est
1363 1184 1559 1266 hyperbaton.

271 1287 341 1368 quid
365 1296 409 1348 εει
430 1291 511 1350 omni
532 1295 617 1368 parte
639 1286 812 1348 contusum?
841 1285 872 1345 id
900 1296 945 1347 est
973 1294 1003 1346 et
1024 1285 1123 1348 verbis
1145 1298 1175 1347 ει
1195 1286 1332 1348 sensibus
1354 1297 1384 1350 ει
1404 1288 1510 1349 ordine
1532 1296 1563 1349 et

271 1391 419 1460 sectione,
444 1409 479 1450 ex
502 1390 582 1450 omni
604 1396 697 1468 parte.
742 1387 834 1449 babes
856 1386 913 1448 tale
936 1387 1044 1469 aliquid
1068 1389 1097 1449 iu
1120 1389 1231 1468 primo,

423 1494 494 1553 tris
517 1492 630 1553 Notus
652 1488 833 1569 abreptas
855 1491 891 1549 in
913 1508 996 1552 saxa
1019 1489 1178 1552 latentia
1199 1498 1366 1569 torquet,
1574 1511 1600 1549 ro

423 1612 509 1655 saxa
532 1601 663 1654 vocant
684 1592 772 1653 Itali
795 1591 929 1653 mediis
951 1609 1041 1671 quae
1063 1593 1097 1653 in
1122 1592 1306 1654 fluctibus
1329 1611 1420 1653 aras.

271 1697 369 1756 omnia
391 1694 440 1755 illa
464 1697 617 1775 superiora
640 1694 784 1755 conexisti
805 1693 862 1753 lloc
885 1712 944 1754 uno
973 1701 1073 1774 tropo:
1095 1702 1138 1754 εει
1167 1694 1245 1755 enim
1268 1694 1356 1764 ordo,
1386 1703 1446 1754 tres
1467 1695 1561 1756 Notus

271 1796 410 1876 abreptas
431 1798 462 1856 in
485 1815 553 1857 saxa
577 1804 711 1873 torquet,
738 1813 813 1875 quae
835 1813 904 1856 saxa
926 1796 956 1855 in
980 1795 1085 1857 mediis
1108 1796 1245 1858 lluctibus
1268 1796 1386 1857 latentia
1409 1795 1472 1857 ltali
1495 1815 1561 1856 aras

272 1906 391 1968 vocant;
416 1917 451 1958 ex
475 1900 554 1960 omni
577 1907 661 1978 parte
684 1897 838 1958 contusum
861 1905 914 1958 est.

354 1998 523 2081 Hyperbole
551 2008 596 2060 est
622 1999 713 2060 dictio
740 1998 827 2059 iidem
859 1999 1005 2060 excedens
1038 2008 1089 2061 aut
1121 2002 1255 2078 augentis
1284 2008 1334 2061 ant
1358 1996 1363 2081 Ι
1388 2002 1558 2060 minuentis.
1576 2020 1600 2061 ιε

271 2101 428 2182 aliquando
450 2100 611 2182 hyperbole
634 2108 690 2176 εει,
713 2108 921 2179 ει,εε3ειηιιε;
950 2100 1106 2181 aliquando
1128 2100 1291 2183 hyperbole
1314 2111 1372 2171 est,
1401 2109 1431 2161 et
1454 2103 1560 2162 minui·

271 2222 346 2265 mus.
392 2222 549 2282 augemus,
573 2205 599 2263 si
621 2201 703 2264 dicas
725 2204 810 2264 ‘nive
832 2202 1014 2276 candidior’,
1038 2203 1139 2264 ‘Euro
1161 2203 1315 2264 velocior'.
1360 2202 1397 2263 ad
1420 2221 1559 2281 augmen·

272 2300 429 2385 turn'data
457 2312 504 2366 est
532 2302 694 2400 hyperbqle
726 2302 899 2383 aliquando;
933 2303 1090 2383 aliquando
1124 2304 1159 2366 ad
1191 2305 1398 2374 minuendum,
1425 2307 1451 2366 si
1480 2304 1561 2365 dicas

271 2407 402 2468 ‘tardior
425 2405 615 2468 testudine'(
645 2407 696 2482 qui
718 2414 816 2484 potest
837 2405 948 2466 tardior
971 2424 1036 2466 esse
1057 2407 1222 2468 testudine*l
1301 2453 1304 2459 .

355 2508 428 2569 lteur
452 2527 522 2570 ecce
544 2528 603 2589 quo
627 2507 714 2568 modo
737 2506 865 2569 diximus
887 2507 924 2568 de
946 2506 1123 2587 hyperbato,
1148 2509 1250 2570 slede
1273 2507 1421 2588 allegoria.
1467 2511 1601 2587 quivisse

269 2613 309 2671 ita
334 2611 420 2681 dicit,
450 2612 548 2671 statim
577 2617 611 2670 ut
638 2608 745 2669 viderit
767 2608 885 2689 oblique
907 2609 1028 2680 dictum,
1053 2605 1124 2671 dicit
1144 2609 1301 2690 ‘allegoria
1330 2617 1406 2680 est';
1440 2630 1496 2672 nec
1518 2619 1561 2672 ta·

271 2731 339 2774 men
361 2711 585 2781 rationabiliter,
608 2712 660 2772 sed
682 2730 738 2771 nec
760 2710 858 2782 latine,
883 2731 917 2771 ca
939 2713 1068 2781 ratione,
1092 2714 1230 2792 quoniam
1253 2713 1393 2792 allegoria
1415 2712 1563 2791 generalis

272 2823 317 2875 εει
339 2823 368 2876 ει
389 2816 505 2894 species
529 2805 618 2873 babet
639 2811 790 2892 plurimas.
837 2813 976 2891 quidest
1002 2824 1100 2874 autern
1128 2813 1286 2891 allegoria?
1321 2817 1457 2893 quotiens
1481 2813 1561 2883 aliud

271 2916 399 2977 dicimus
422 2923 451 2976 et
472 2915 552 2976 aliud
574 2915 786 2993 significamus
819 2915 905 2977 verba
928 2922 1029 2976 nostra
1045 2914 1122 2976 aliud
1138 2923 1243 3005 sonant
1258 2923 1288 2975 ει
1301 2935 1350 2975 res
1365 2915 1444 2976 aliud
1461 2915 1561 2975 babet.

371 3058 374 3063 -
423 3027 457 3078 ει
479 3019 547 3078 iarn
569 3025 714 3095 tempus
738 3036 868 3096 equum
891 2998 1240 3078 sumanttasol‘v‘ero
1264 3017 1372 3078 oolla:
1575 3043 1601 3080 es

272 3120 416 3200 numquid
439 3138 472 3180 re
496 3137 563 3179 vera
585 3118 642 3179 lroc
657 3117 725 3194 *vult
746 3118 861 3190 dicere,
890 3136 998 3196 equum
1022 3138 1056 3180 re
1085 3138 1152 3180 vera
1180 3120 1248 3197 iugo
1271 3138 1335 3180 esse
1357 3118 1562 3180 liberandum?

271 3241 346 3291 non,
375 3222 427 3282 sed
452 3241 571 3284 carmen
595 3240 658 3280 εεεε
681 3221 852 3281 liniendurn.
898 3237 969 3299 ergo
999 3221 1084 3281 buius
1115 3220 1273 3298 allegoriae
1303 3222 1419 3300 species
1447 3230 1562 3300 septem

272 3332 349 3385 suut.
395 3324 466 3384 dicit
487 3343 545 3402 (quo
568 3322 665 3383 modo.
711 3325 805 3384 ironia
829 3332 888 3393 est,
912 3324 1178 3400 quotienscumque
1207 3342 1239 3382 re
1267 3341 1335 3382 vera
1364 3322 1440 3382 aliud
1465 3322 1562 3402 loqui·

270 3445 337 3487 mur
366 3436 395 3486 et
422 3425 500 3487 alind
529 3426 728 3502 significamus
755 3427 784 3485 in
813 3425 925 3510 verbim
961 3443 1020 3484 non
1048 3425 1101 3493 itu,
1130 3432 1163 3484 ut
1189 3424 1316 3485 diximus
1343 3424 1380 3484 de
1409 3424 1560 3503 allegoria,

271 3515 390 3606 quaudo
412 3526 491 3590 aliud
515 3526 640 3587 dicimus
667 3535 696 3586 et
725 3524 802 3586 aliud
824 3527 1037 3604 significamus,
1062 3544 1135 3594 uon,
1165 3525 1217 3586 sed
1239 3524 1333 3586 isdem
1357 3526 1453 3587 verbis
1476 3534 1560 3606 potes
1574 3554 1600 3593 ³0

270 3637 300 3689 et
321 3647 431 3706 negare
453 3635 483 3688 et
505 3633 696 3694 confirmare;
726 3626 787 3688 sola
814 3634 912 3688 autem
933 3629 1177 3707 pronuntiatione
1199 3627 1388 3690 discernitur.
1434 3630 1561 3707 ‘egre-

270 3732 368 3808 giam
392 3749 476 3790 vero
499 3729 677 3791 laudem':
702 3729 782 3790 hunc
805 3737 924 3808 tropum
946 3731 1002 3790 nisi
1017 3731 1144 3806 gravitas
1161 3729 1278 3790 adiuvet
1299 3732 1560 3809 pronuntiationis,

271 3831 379 3892 videris
402 3832 578 3892 conllrruare
593 3832 672 3912 quod
697 3849 796 3909 negas.
820 3850 887 3892 uam
911 3833 951 3892 ita
974 3833 1140 3911 pronuntia,

423 3934 608 4011 egregiam
633 3952 718 3994 vero
741 3932 885 3993 laudem
909 3939 943 3993 ει
965 3933 1084 4012 spolia
1108 3933 1226 4013 ampla
1250 3935 1409 3996 relertis

424 4043 535 4114 tuque
558 4054 726 4115 puerque
749 4043 847 4095 tuus:

271 4137 357 4196 silla
380 4138 563 4215 pronunties
588 4136 736 4198 videberis
757 4137 943 4198 confirmare.
987 4136 1073 4198 aliter
1096 4156 1165 4198 vero
1189 4140 1377 4216 pronunties,
1403 4135 1407 4218 l

425 4241 612 4317 egregiam
637 4258 721 4299 vero
743 4237 888 4299 laudern
913 4245 947 4298 et
968 4239 1088 4319 spolia
1111 4239 1228 4319 ampla
1252 4241 1409 4300 relectis

424 4349 536 4421 tuque
559 4359 730 4421 puerque
754 4336 846 4401 tuus‘.

339 4529 465 4580 dmussili
484 4528 530 4579 OS
547 4529 651 4578 mussilll
670 4529 695 4578 B
713 4529 816 4580 mensali
833 4529 872 4578 P:
892 4529 926 4592 ef.
943 4529 1036 4578 Donat.
1056 4544 1083 4590 p.
1104 4529 1169 4588 401,
1192 4529 1223 4578 tt
1311 4531 1327 4578 4
1347 4532 1522 4579 massulitanus
1538 4533 1563 4580 P

341 4598 443 4648 laconas
458 4600 480 4649 P
493 4614 561 4648 corr.
581 4599 687 4664 lagonas
705 4599 847 4665 &lagunas
865 4599 890 4647 B
908 4600 1031 4665 laguenas
1048 4601 1088 4647 uel
1106 4600 1265 4665 legnonusd'
1319 4598 1393 4665 saxo]
1414 4602 1448 4662 cf.
1467 4602 1561 4650 donat.

269 4684 296 4732 p.
318 4669 377 4732 tut,
401 4670 432 4718 lu
503 4667 536 4719 10
553 4680 603 4717 tres
622 4679 697 4717 notus
717 4670 742 4717 P
758 4670 804 4719 tris
823 4671 936 4719 notusS
951 4676 1002 4718 tres
1021 4681 1093 4717 notos
1112 4670 1175 4729 BC,
1195 4672 1370 4731 iterrposteo:
1397 4672 1474 4735 Verp.
1495 4671 1560 4721 Aen.

273 4737 350 4789 1108
421 4739 453 4790 12
471 4738 595 4787 conexisti
615 4737 697 4788 BSP
719 4739 901 4788 conexuisth
971 4738 1003 4789 13
1026 4754 1088 4788 saxa
1107 4740 1198 4788 mediis
1216 4739 1293 4789 CSP
1361 4740 1395 4787 20
1412 4741 1514 4802 quidam
1535 4751 1561 4789 ut

272 4809 382 4858 uiderint
400 4807 496 4870 aliquid
513 4807 615 4868 oblique
629 4808 722 4857 dictum
742 4809 828 4858 dicunt
841 4807 964 4871 allegoria
979 4816 1017 4858 est
1029 4811 1054 4859 P
1103 4809 1137 4859 25
1153 4819 1179 4858 et
1195 4805 1256 4871 iam]
1276 4810 1354 4873 Verp.
1367 4825 1455 4875 georg.
1474 4812 1494 4859 ll
1509 4812 1561 4862 nte

340 4878 375 4928 29
392 4887 419 4926 ut
433 4878 545 4928 diximus
562 4877 600 4927 eie
615 4877 648 4927 de
662 4877 826 4944 allegorico
895 4879 927 4929 :tt
948 4876 1089 4945 egregiam}
1115 4881 1193 4943 Verg.
1211 4878 1277 4929 Aen.
1297 4880 1343 4928 llll
1363 4879 1397 4930 ut
