3346 5498
512 265 585 347 Ὁ,

173 395 216 461 34
489 344 584 453 (7
673 400 677 411 ·
733 391 907 457 cuuoouu

200 521 221 562 p.
236 509 292 549 rese.
306 509 336 548 eo
345 506 368 547 r.

689 599 737 662 DE
759 597 954 660 roslrvnls

22 732 81 794 372,
95 732 171 782 loti
257 725 408 786 Positurac
431 740 446 781 a
469 719 607 800 ponendo
630 717 735 778 dictae.
772 717 850 777 unde
866 724 895 777 et
909 715 1008 777 theses
1023 717 1127 778 dictae.
1140 750 1183 762 —-
1200 717 1234 776 Vt
1255 724 1302 776 est·
1321 713 1392 776 illud
1408 715 1465 776 Te·

129 835 160 883 19
173 827 265 897 renti,
287 825 405 884 ‘iacio
429 830 463 883 te
485 821 577 902 apud
599 819 704 880 illurn
726 819 857 904 deum'.
883 853 920 862 -
944 818 1063 879 lledia
1087 825 1155 879 est:

324 926 514 1005 principio
537 920 675 984 caelum
699 939 740 980 ac
762 927 885 981 terras
908 938 1130 1001 camposque
1152 900 1366 1000 liquentes'

322 1026 591 1106 lucentemque
613 1022 763 1102 globum
786 1020 895 1083 lunae
917 1023 1142 1102 Titaniaque
1167 1020 1171 1104 l
1197 1028 1311 1090 astra,

126 1140 159 1188 22
172 1128 439 1212 propter'lougum
463 1145 598 1196 sensum,
622 1132 655 1184 ut
676 1122 839 1185 habeamus
862 1123 1033 1185 dilationem
1056 1124 1234 1204 respirandi.
1256 1158 1298 1167 -
1321 1123 1465 1183 Periodos

172 1240 217 1292 est
249 1229 398 1292 conclusio
431 1231 522 1291 totius
554 1245 672 1294 seusus;
714 1245 829 1287 comma
857 1235 903 1287 est
929 1245 1052 1287 caesura
1087 1227 1167 1287 fruita
1196 1244 1264 1286 cum
1294 1244 1397 1294 sensu,
1433 1233 1466 1285 ut

172 1334 325 1396 ‘Caesar
358 1333 517 1393 inerma
552 1331 714 1397 lurcus’;
749 1327 836 1389 colon
870 1335 914 1389 est
947 1346 1067 1389 caesura
1101 1335 1198 1393 curte,
1232 1335 1266 1387 ut
1299 1326 1464 1388 ‘ltaliam

170 1436 247 1496 lato
276 1434 485 1513 profugus'.

665 1551 968 1558 Ἥ*

471 1773 476 1783 ,
626 1683 723 1759 Ans
765 1681 1005 1759 suovnnn

524 1838 578 1899 DE
606 1838 829 1900 PARTIBVS
859 1838 1103 1900 oudilonis

126 2002 158 2052 26
256 1993 304 2053 Ex
333 1994 390 2053 his
418 1991 513 2052 (lirae
541 1999 626 2052 sumt
653 1992 903 2071 principales,
933 2011 1063 2052 nomon
1092 1990 1314 2052 etverbum:
1350 2009 1385 2051 ex
1409 2009 1463 2051 no·

169 2097 249 2156 mino
272 2103 302 2155 et
317 2093 407 2156 verbo
429 2111 524 2172 genus
546 2093 656 2155 ducunt
678 2101 796 2154 ceterae
817 2102 926 2173 partes.
943 2128 984 2136 —
1001 2093 1247 2172 Principales:
1271 2094 1336 2153 sine
1352 2091 1462 2173 quihus

169 2196 250 2277 loqui
283 2215 343 2257 non
376 2213 543 2275 possumus.
586 2194 666 2255 unde
695 2204 724 2255 et
751 2197 866 2273 primae
893 2204 992 2274 partes
1025 2196 1166 2255 orationis
1193 2203 1359 2275 ponuntur,
1394 2197 1460 2274 quia

168 2298 301 2377 reliquae
328 2298 433 2358 harum
461 2304 532 2359 suut
558 2305 668 2376 partes.
719 2314 883 2377 pronomen
912 2297 968 2357 hoc
998 2304 1042 2358 est
1071 2292 1076 2378 Ι
1107 2315 1202 2375 paene
1229 2296 1307 2376 quod
1336 2288 1460 2365 nomem
1475 2312 1499 2352 1⁵

169 2399 341 2461 adverbium
371 2417 448 2478 quae
476 2417 545 2479 pars
572 2400 636 2481 siue
664 2399 756 2460 uerbo
784 2418 843 2460 non
870 2400 996 2477 petitum
1033 2399 1223 2479 participium
1246 2397 1357 2486 habere
1380 2400 1462 2460 enim

168 2503 246 2582 parti
265 2503 393 2562 nominis
416 2510 446 2562 et
468 2501 550 2562 verbi
572 2502 776 2579 coniungitur;
800 2501 928 2561 nominis
942 2508 972 2560 et
993 2499 1076 2560 verbi
1098 2501 1219 2580 ponitur
1235 2497 1417 2572 coniunctio,
1441 2521 1458 2552 e

170 2604 283 2664 nomini
298 2610 397 2664 antem
412 2605 606 2684 praeponitur
618 2601 762 2670 etverbor
778 2603 945 2663 interiectio
961 2603 1073 2664 nomini
1088 2601 1246 2681 adponitur
1259 2610 1289 2663 et
1303 2602 1404 2664 verbo.
1418 2637 1459 2648 -

121 2708 153 2757 27
167 2705 390 2768 Articulum:
414 2705 490 2766 male
513 2705 586 2766 dixit
608 2705 747 2766 ilonatus.
793 2704 937 2766 habemus
960 2713 1056 2766 autem
1080 2702 1236 2774 articulos,
1260 2692 1366 2765 sedin
1388 2723 1458 2784 pro·

167 2809 301 2875 nomine,
326 2825 386 2868 non
408 2809 439 2867 in
462 2808 595 2877 nomine,
619 2816 652 2867 ut
673 2807 787 2868 Graeci.
831 2799 869 2866 τὸ
890 2798 1024 2886 ἄρθρον
1045 2825 1112 2867 cum
1134 2809 1165 2867 in
1189 2809 1309 2868 nomine
1330 2805 1497 2868 habeantur

166 2911 286 2979 Graeci,
319 2911 557 2970 interiectionem
590 2911 621 2969 in
652 2908 790 2969 adverbio
825 2916 1009 2970 enumerant.
1062 2907 1119 2969 heu
1150 2908 1323 2971 adverbium
1352 2910 1458 2971 Graeci

165 3012 279 3081 dicunt,
304 3010 399 3071 Latini
421 3012 667 3072 interiectionem.
713 3028 784 3088 ergo
800 3028 855 3070 nos
871 3009 1027 3070 articulum
1042 3018 1210 3090 separatum
1226 3028 1286 3070 non
1301 3009 1457 3081 habemus

119 3113 270 3174 ‘28Graoci
300 3113 546 3174 interiectionem.
579 3148 621 3156 —
653 3109 827 3172 Aristoteles
856 3111 928 3173 duas
953 3112 1037 3186 dicit,
1074 3115 1158 3173 stoici
1192 3115 1337 3193 quinquo,
1372 3112 1458 3174 multi

166 3233 287 3284 novem,
311 3213 394 3275 multi
417 3214 535 3282 decem,
560 3213 694 3293 plerique
717 3213 863 3275 undecim.
1070 3227 1073 3231 ·

707 3384 753 3445 DE
776 3383 920 3445 NOlllNE
1377 3395 1378 3398 ’
1468 3401 1494 3441 rs

63 3515 150 3574 ³73st
248 3503 361 3564 Nomen
390 3511 440 3563 aut
468 3501 653 3582 corporalem
680 3520 745 3562 rem
774 3503 919 3580 significat
946 3511 996 3564 aut
1017 3504 1244 3584 incorporalem.
1289 3502 1456 3583 corporalia

163 3612 232 3665 sunt
255 3600 259 3683 Ι
282 3623 358 3684 quae
386 3612 415 3664 et
442 3612 602 3681 tanguntur
631 3614 661 3664 et
681 3604 832 3672 ridentur,
858 3612 890 3664 ut
912 3604 1000 3665 homo
1023 3613 1102 3667 terra
1126 3624 1220 3673 mare;
1258 3604 1456 3685 incorporalia

163 3711 232 3764 sunt
254 3723 329 3783 quae
353 3723 411 3764 non
439 3713 599 3782 tanguntur
622 3713 652 3765 et
673 3704 824 3772 videntur,
863 3714 895 3765 ut
917 3705 1028 3768 caelum
1053 3706 1096 3768 sol
1120 3713 1184 3775 aer:
1223 3706 1278 3768 alia
1301 3727 1377 3787 quae
1398 3727 1455 3767 nec

135 3811 323 3884 stanguntur
345 3824 400 3866 nec
422 3806 573 3875 videntur,
599 3813 629 3866 ut
650 3807 745 3885 pietas
768 3807 876 3867 iustitia
899 3807 1035 3884 dignitas.
1060 3843 1102 3853 —
1122 3810 1213 3870 Vnius
1234 3810 1363 3871 hominis
1384 3828 1454 3889 pro·

161 3909 225 3987 pria
260 3908 378 3967 nomina
412 3904 615 3989 appellanlltur
650 3906 865 3987 [multorum
901 3909 1117 3972 vocabulum
1152 3911 1263 3972 iaciunt
1295 3930 1331 3972 ex
1363 3931 1395 3972 sc
1428 3914 1491 3973 sieo

233 4078 295 4129 uod.
316 4077 394 4127 Bern.
415 4077 435 4123 V
456 4074 570 4128 7-8*.
659 4078 777 4127 lrlresis
864 4080 919 4130 illut
939 4080 1029 4130 ferenti
1117 4081 1305 4147 dadspiraodi
1325 4083 1451 4148 principio

162 4147 292 4197 conclusio
364 4148 469 4195 7coma
488 4157 675 4198 estcaesusrnc
693 4149 775 4209 (corr.
797 4148 885 4212 arrae)
902 4151 927 4199 in
947 4152 983 4200 ito
1001 4165 1058 4199 cum
1111 4149 1227 4218 8colon]
1248 4151 1303 4200 cola
1355 4151 1452 4217 ilpro-

161 4218 187 4268 lu
210 4231 240 4268 us
266 4215 369 4281 explicit
392 4231 433 4265 rus
458 4219 548 4281 prima.
574 4217 683 4282 inquipit
706 4234 748 4266 ors
772 4220 885 4268 secundo
908 4219 1015 4270 feliciter
1040 4221 1073 4270 de
1092 4224 1206 4287 partibus
1225 4221 1347 4272 orationis
1416 4221 1452 4271 20

143 4234 272 4352 ,τόῗτοκ
345 4286 377 4337 21
395 4298 544 4337 errumarant
614 4289 647 4337 24
668 4285 793 4354 plerique]
815 4304 895 4352 usqne
966 4292 999 4339 25
1018 4305 1051 4340 or
1070 4307 1166 4343 nonme
1184 4309 1231 4346 om.
1303 4292 1337 4341 et)
1357 4291 1451 4341 lruuius

141 4372 226 4406 -corr,
245 4359 280 4408 nl.
302 4372 365 4404 rann.
387 4358 461 4407 unius
531 4357 566 4409 ³0
581 4373 613 4406 ex
631 4355 670 4422 se]
687 4373 733 4407 exe

230 4508 373 4576 'l'l'erentil
401 4511 508 4574 Adelph.
529 4513 572 4561 llll
594 4514 620 4573 1,
644 4512 675 4562 19
746 4516 760 4561 t
787 4512 922 4580 principio]
949 4518 1026 4580 Verp.
1047 4515 1113 4569 Aen.
1136 4517 1168 4563 Vl
1188 4518 1238 4567 7²4
1309 4516 1448 4581 SCoesurl

160 4583 260 4635 Lucam
277 4580 397 4632 Pllarsol.
419 4583 439 4630 ll
456 4582 508 4633 439
580 4579 686 4647 ltaliam]
712 4585 790 4648 Verp.
808 4583 873 4634 Aen.
896 4586 939 4634 12
1011 4585 1042 4636 17
1061 4587 1188 4649 tamnu,
1209 4604 1259 4652 qua
1277 4589 1400 4652 quaedam
1416 4589 1450 4638 de

157 4655 346 4715 praepositione
362 4651 521 4714 exciderunt,
538 4652 652 4713 indicavi,
670 4656 768 4718 reliqua
787 4661 916 4715 corrupta,
931 4659 995 4706 sicut
1012 4658 1038 4705 iu
1055 4657 1140 4705 codice
1155 4660 1254 4720 scripta
1267 4666 1333 4720 suar,
1349 4661 1448 4724 reliqui.

158 4727 279 4774 sententia
298 4720 488 4772 verberantiae
503 4724 562 4783 sere
577 4723 650 4773 modo
669 4724 769 4773 restitui
783 4731 875 4787 potest,
893 4725 1050 4788 adverbium,
1069 4740 1134 4787 quoe
1153 4743 1212 4793 pors
1228 4729 1284 4776 sine
1303 4730 1378 4779 verbo
1398 4743 1448 4778 nou

159 4795 275 4855 ponitur3
293 4791 456 4857 perticipium
475 4791 549 4840 habet
561 4802 658 4856 partem
679 4794 787 4842 leontinis
804 4803 829 4843 et
848 4801 943 4857 portem
958 4796 1043 4859 rerbi3
1056 4796 1199 4847 coniunctio
1214 4799 1317 4849 nomina
1334 4807 1358 4849 et
1370 4799 1448 4850 rerba

158 4864 303 4927 con²ungit;
323 4863 478 4927 praepositio
498 4862 592 4910 nomini
611 4863 776 4928 praeponitur
793 4872 818 4912 et
836 4863 912 4913 vrrlro
