3346 5498
124 368 187 432 372
667 366 868 429 coriscum

150 475 322 530 peon-sor.

125 576 212 618 sonae
236 565 346 616 certam
369 558 616 634 significationem¹
641 559 814 617 confusione
838 559 1028 636 suspendant.
1074 576 1139 618 nam
1163 575 1230 616 cum
1253 554 1319 614 dico
1342 557 1410 626 lroc,

124 661 221 726 sedet,
245 659 323 719 aliud
346 659 485 737 quiddam
508 662 655 736 significo,
685 678 773 739 (ruam
801 659 889 719 halect
912 660 960 719 illc
983 660 1056 719 ordo
1078 658 1161 718 verbi
1185 667 1281 718 actum
1305 667 1410 720 tenen-

125 764 175 829 tis,
200 780 267 821 cum
290 761 417 821 dicimus
439 762 527 821 sedeo
550 763 636 823 sedes
659 763 751 822 sedet.
789 766 898 841 partim
920 781 990 821 vero
1012 782 1028 822 a
1051 781 1082 822 se
1106 764 1253 820 oriuntur.
1299 762 1350 820 sed
1375 782 1410 821 ea

123 883 197 943 quae
221 883 237 922 a
260 882 290 922 so
320 866 457 923 oriuntur
485 865 572 924 modo
602 863 710 925 nullam
733 864 844 925 habent
864 884 987 944 prorsus
1014 867 1161 942 originem
1190 870 1240 923 aut
1268 863 1410 924 similitu-

123 966 223 1026 dinem
248 964 368 1044 [tertiae
388 961 393 1047 l
413 965 571 1047 personae]
588 966 688 1035 verbi,
712 975 744 1026 ut
759 976 804 1026 est
819 968 911 1046 pudet
926 967 1025 1027 taedet
1046 969 1129 1045 piget
1150 969 1297 1045 paenitet;
1320 965 1439 1025 modo-³>

123 1088 159 1128 ex
181 1068 280 1147 aliquo
304 1067 393 1127 verbo
416 1069 641 1129 similitudinem
664 1069 799 1139 trahunt,
823 1077 857 1129 ut
878 1072 1023 1130 misereor
1045 1071 1183 1137 miseret,
1207 1068 1284 1148 quod
1308 1075 1411 1128 utrum

123 1191 139 1232 a
162 1173 308 1230 misereor
330 1173 500 1240 misereris,
525 1190 561 1230 an
585 1189 601 1231 a
623 1173 750 1231 miseror
765 1174 919 1233 miseraris
933 1174 1047 1240 veniat,
1071 1173 1218 1231 incertum
1241 1178 1295 1229 est.
1319 1188 1411 1249 quar·
1476 1218 1478 1225 .

124 1282 185 1333 tum
207 1291 300 1350 genus
323 1280 369 1332 est
395 1273 641 1352 inpersonalium,
671 1274 749 1353 quod
777 1281 826 1333 tur
849 1274 958 1353 syllaba
980 1276 1092 1333 linitur.
1137 1272 1167 1332 id
1190 1272 1227 1332 al)
1249 1272 1412 1332 indicativo

122 1377 235 1454 primae
265 1393 407 1454 personae
436 1378 602 1454 praesentis
630 1377 772 1454 temporis
800 1395 818 1434 o
845 1376 944 1436 littera
973 1377 1131 1436 terminato
1160 1376 1254 1442 venit,
1284 1382 1316 1433 ul
1344 1374 1412 1452 lego
1485 1384 1488 1389 '

123 1477 246 1554 legitur,
270 1494 341 1553 gero
363 1479 494 1554 geritur,
518 1467 597 1556 quod
619 1477 780 1537 indiscrete
796 1478 833 1538 ab
849 1481 913 1538 eius
932 1478 1009 1539 modi
1034 1476 1125 1536 verbo
1147 1494 1265 1555 semper
1287 1478 1411 1536 omuino
1426 1489 1453 1528 10

123 1582 269 1648 nascitur,
301 1581 434 1658 exceptis
461 1578 654 1659 quibusdam,
683 1598 759 1658 quae
789 1582 820 1640 in
847 1580 901 1640 hac
924 1588 1008 1660 parte
1031 1580 1182 1639 deliciunt.
1227 1578 1304 1637 unde
1328 1578 1410 1638 ducti

123 1690 193 1742 sunt
220 1681 340 1759 qnidam
369 1690 402 1741 ut
428 1681 505 1741 hunc
534 1681 652 1741 modum
682 1681 870 1742 declinationi
900 1682 1097 1760 adplicarent,
1127 1683 1264 1760 quoniam
1288 1681 1410 1759 quidem

124 1784 236 1845 nullum
260 1785 324 1843 lere
347 1783 471 1843 verbum
493 1785 621 1843 inveniri
645 1791 756 1862 potest,
787 1804 822 1843 cx
845 1803 904 1864 quo
926 1803 984 1844 non
1006 1802 1060 1863 per
1083 1782 1312 1842 declinationum
1336 1784 1425 1864 ligu-¹

124 1906 171 1947 ras
187 1885 303 1954 ,modus
330 1889 387 1946 isle
415 1895 563 1947 nascatur.
608 1885 660 1945 sed
689 1889 720 1945 in
750 1887 805 1946 hoc
836 1895 1024 1954 erraverunt,
1054 1885 1132 1964 quod
1165 1885 1290 1944 eundem
1319 1887 1411 1944 istum

124 1989 256 2057 modum,
287 1991 337 2067 qui
365 1989 402 2049 ab
430 1991 524 2049 activa
546 1988 742 2049 declinatione
765 1996 878 2058 manat,
902 1991 991 2048 etiam
1014 1989 1138 2067 passivis
1161 1985 1452 2047 declinationibus1⁵

124 2091 361 2171 adplicarerunl‚
393 2111 459 2152 erun
487 2110 672 2169 nequaquam
702 2091 750 2151 illa
788 2092 984 2152 declinatione
1018 2092 1151 2170 passivae
1184 2091 1411 2166 significationis

123 2202 237 2273 partem
260 2193 364 2252 eadem
387 2192 476 2252 verba
500 2201 734 2271 repraesentent.
780 2214 846 2254 uam
875 2212 941 2253 cum
964 2193 1031 2252 dico
1054 2193 1187 2257 sedetur,
1217 2190 1287 2250 licet
1313 2194 1413 2251 omnis

123 2314 248 2375 persona
272 2296 394 2354 conlusa
417 2297 470 2363 sit,
499 2297 641 2375 numquid
672 2296 749 2355 aliud
778 2296 880 2356 videor
908 2297 1026 2363 dicere,
1050 2313 1138 2372 qnam
1161 2294 1196 2352 de
1220 2293 1266 2353 his
1289 2296 1339 2373 qui
1364 2312 1410 2352 se-

123 2398 213 2457 dent?
241 2405 290 2456 aut
319 2404 417 2475 potest
444 2396 520 2456 ullus
548 2397 715 2456 intellectus
743 2417 807 2463 esse
836 2407 868 2457 ut
894 2398 950 2457 hoc
973 2397 1083 2456 dixisse
1107 2395 1207 2454 ridear
1230 2394 1265 2454 de
1290 2395 1335 2455 lus
1358 2397 1410 2473 qui

123 2501 264 2560 sedentur
292 2518 358 2558 cum
386 2501 583 2578 permixtione
613 2501 776 2577 personae?
810 2519 881 2577 ergo
913 2501 1052 2578 ‹proniam
1081 2499 1154 2558 haec
1183 2497 1341 2557 declinatio
1370 2499 1451 2557 itaso

123 2610 266 2682 perpetua
296 2620 414 2679 semper
441 2602 504 2660 lere
534 2610 579 2660 ost
608 2601 644 2661 al>
674 2604 770 2661 activa
798 2604 1028 2678 significatione,
1053 2609 1084 2659 ut
1107 2618 1266 2678 nunupuaur
1289 2601 1412 2658 omnino

123 2706 214 2772 desit,
244 2702 439 2763 tolerabiliter
470 2703 541 2762 mihi
572 2705 602 2763 in
631 2706 725 2763 activa
754 2703 951 2763 declinalione
979 2705 1094 2782 positus
1122 2701 1337 2780 aquibusdam
1360 2700 1412 2760 lue

123 2807 226 2866 modus
256 2805 453 2885 inpersonalis
482 2804 607 2865 videtur.
653 2813 682 2863 et
704 2807 780 2883 quod
804 2824 858 2884 per
880 2814 995 2865 eeteros
1016 2805 1119 2864 modos
1142 2812 1239 2883 polest
1260 2803 1328 2862 duci
1352 2821 1410 2862 non

123 2908 281 2987 plurimum
315 2909 421 2974 ollrcit,
456 2908 524 2985 quia
557 2915 680 2985 excepto
713 2909 857 2968 inlinilivo
896 2909 958 2967 lere
993 2926 1047 2985 per
1082 2909 1179 2966 ouuua
1215 2924 1266 2965 sua
1302 2907 1409 2971 currit,

122 3013 256 3089 utramvis
285 3008 371 3088 paulo
399 3008 486 3068 latius
513 3009 704 3069 diffundatur.
749 3018 847 3070 cetera
876 3029 945 3069 vero
979 3008 1180 3088 inpersonalia
1208 3007 1297 3067 verba
1328 3016 1452 3066 recteest

123 3115 186 3173 sine
210 3111 395 3172 dubitatione
424 3119 537 3171 secreta
567 3131 581 3171 a
612 3111 840 3172 declinationum
862 3112 958 3172 modis
979 3111 1140 3189 generibus
1162 3131 1196 3170 ac
1219 3111 1411 3187 signilicatio-

123 3214 211 3274 nibus
239 3214 439 3293 adplicantur,
469 3216 536 3292 quia
565 3213 638 3273 llaec
666 3232 701 3273 ex
730 3217 810 3276 omni
839 3214 929 3273 vcrllo
958 3223 1087 3275 manant.
1132 3221 1177 3272 est
1199 3215 1267 3272 novi
1289 3214 1412 3287 generis

122 3316 266 3395 qrmedam
289 3318 404 3395 species
431 3336 446 3376 a
476 3315 638 3392 generibus
667 3319 773 3395 positis
794 3317 976 3396 discrepans.
1021 3336 1075 3376 nos
1098 3325 1193 3375 lamen
1217 3315 1411 3374 haecomnia

123 3417 211 3478 verba
235 3418 449 3497 inpersonalia‚
480 3426 602 3496 excepta
631 3419 862 3479 declinalionum
885 3418 995 3486 modis,
1019 3418 1180 3494 generibus
1195 3419 1225 3476 iu
1244 3423 1336 3475 lotum
1359 3415 1411 3475 ad·
1495 3413 1499 3424 '

124 3520 305 3598 plicavimus.
351 3519 511 3580 absurdum
541 3522 621 3580 enim
653 3523 746 3580 visum
775 3529 820 3579 cst
847 3521 979 3580 eiusdem
1008 3519 1091 3578 verbi
1120 3526 1256 3578 naturam
1278 3525 1307 3577 et
1330 3519 1454 3577 intereo

123 3640 231 3697 genera
255 3630 285 3681 et
308 3625 386 3682 inter
408 3622 510 3682 modos
533 3622 738 3681 adnumerare.

207 3724 285 3784 Satis
314 3730 416 3802 aperte
445 3733 474 3782 et
501 3725 537 3783 de
561 3724 588 3781 vi
613 3723 700 3781 etde
725 3726 866 3783 varietate
888 3723 1120 3802 inpersonalirmi
1142 3718 1311 3801 corbolium
1334 3721 1412 3783 ‹lixi-

123 3843 197 3893 mus,
222 3832 251 3883 ct
273 3827 320 3883 cui
344 3826 421 3902 parti
445 3843 479 3884 ea
502 3826 613 3883 rectius
636 3824 778 3902 adplicari
802 3833 953 3906 oporteret
976 3825 1169 3885 ostendimus,
1216 3844 1294 3884 laurac
1316 3844 1412 3903 pauca

124 3926 293 3986 intellectus
319 3927 414 4002 gralia
443 3926 478 3984 de
507 3927 561 3984 lroc
586 3927 650 4002 ipso
678 3929 813 4005 proximo
841 3926 1022 4006 inpersonali
1045 3926 1135 3986 verbo
1158 3928 1353 3997 disseremus,
1380 3936 1412 3987 ut

124 4029 183 4087 vim
212 4030 304 4106 ipsius
330 4028 476 4106 possimus
503 4028 667 4087 arlvertere.
713 4031 753 4088 ait
781 4030 922 4106 Virgilius
949 4029 1082 4109 ‘usque
1116 4029 1205 4089 adeo
1234 4028 1455 4090 l1u·baturas

123 4164 147 4171 ν
159 4163 265 4169 ---—-—
276 4163 424 4170 -----

192 4230 208 4280 3
232 4231 277 4278 sed
301 4239 430 4278 eteorum
451 4246 514 4293 qliae
538 4247 552 4279 a
575 4248 602 4280 se
623 4241 760 4282 noscuntur
778 4234 810 4282 M
879 4236 895 4283 5
916 4235 1005 4283 tertiae
1024 4248 1146 4298 personae
1164 4249 1211 4287 om.
1230 4233 1288 4283 ML
1360 4235 1378 4284 9
1397 4250 1414 4285 o

124 4302 206 4352 littera
224 4303 355 4350 terminato
370 4310 427 4362 post
446 4301 581 4351 iudicmivo
594 4301 688 4352 labent
706 4303 769 4352 BM
776 4305 800 4352 L
866 4306 895 4355 ll
918 4320 980 4367 quae
998 4312 1022 4353 et
1036 4303 1062 4352 iu
1082 4304 1129 4353 hae
1144 4305 1169 4353 B
1240 4305 1272 4354 12
1291 4306 1413 4366 quoniam

124 4372 221 4422 nullum
238 4369 292 4420 iere
311 4371 414 4419 uerbum
437 4372 543 4420 imreuiri
562 4381 647 4436 potest
664 4374 697 4422 M
714 4375 833 4437 quoniam
853 4374 953 4438 quidem
974 4374 1068 4423 nullum
1095 4375 1147 4423 lere
1171 4375 1277 4424 uerbum
1296 4374 1414 4425 inuenire

124 4442 236 4508 posseB
254 4441 372 4505 quoniam
391 4442 490 4502 quidem
514 4443 609 4491 nullum
633 4444 685 4493 lere
702 4446 807 4493 uerbum
825 4447 838 4494 e
856 4445 969 4493 inuenire
990 4447 1098 4506 posseL
1155 4442 1183 4494 14
1203 4445 1246 4492 sed
1262 4458 1310 4493 nou
1325 4445 1351 4493 in
1364 4444 1415 4494 hoe

125 4513 157 4562 M
167 4512 211 4561 sed
225 4511 308 4562 hoeL
361 4511 392 4562 lo
404 4509 471 4577 eum]
489 4522 512 4561 et
525 4512 557 4560 M
608 4515 640 4565 lll
652 4515 736 4565 nullus
749 4514 778 4563 M
827 4514 860 4564 23
876 4521 900 4563 et
912 4515 979 4576 quod
991 4514 1045 4564 ML
1058 4524 1082 4563 et
1095 4516 1162 4576 quia,
1175 4524 1202 4564 ut
1216 4514 1323 4576 uidetur,
1337 4532 1412 4569 corr,

124 4594 148 4632 et
163 4584 279 4645 quamuis
297 4596 425 4643 superscr.
440 4585 474 4631 ul.
493 4599 558 4631 man.
580 4582 595 4630 l'
615 4587 674 4646 quia
690 4584 715 4633 B
785 4588 818 4635 24
837 4584 913 4633 eflicit
933 4587 993 4646 quia
1010 4586 1034 4634 L
1059 4583 1135 4632 eflicit
1154 4585 1221 4648 quod
1241 4583 1319 4642 (corr.
1341 4588 1414 4648 quia)

125 4653 161 4701 B:
180 4652 258 4701 elficit
272 4651 332 4714 quin
352 4676 385 4685 —
403 4661 486 4700 currat
502 4652 641 4703 Siclorum
710 4656 744 4705 28
762 4655 909 4719 discrepans
927 4654 1067 4704 sehardus
1085 4653 1228 4718 discrepare
1247 4653 1299 4704 BL
1319 4654 1415 4705 discri-

124 4736 183 4786 pare
201 4738 277 4783 qrram
296 4721 402 4769 dicimus
424 4720 456 4768 M
524 4723 558 4770 ’211
573 4732 678 4788 excepta
700 4726 731 4774 M
747 4726 860 4788 exceptis
877 4723 930 4774 BL
990 4724 1185 4788 adplieamusss
1247 4723 1280 4774 32
1299 4723 1416 4777 diximus

123 4806 169 4842 om.
186 4790 218 4838 M
286 4789 319 4842 35
336 4792 372 4840 ait
388 4791 512 4855 Virgilius
530 4792 667 4843 Sielardus
683 4807 707 4844 et
724 4797 759 4844 ait
778 4794 894 4861 uirgilius
913 4796 938 4844 B
959 4807 985 4843 m
1004 4796 1039 4843 ait
1060 4794 1182 4860 uergillus
1200 4797 1224 4844 L
1247 4801 1273 4842 ut
1292 4795 1415 4861 uirgllius

126 4860 158 4909 M
227 4858 315 4926 usque]
339 4863 416 4926 Verp.
437 4861 516 4912 bucol.
539 4863 561 4925 l,
582 4864 613 4912 12
