3346 5498
1126 1044 1136 1099 i

652 1229 747 1323 litt
782 1226 1052 1321 todillltl
1078 1227 1117 1320 t.
1145 1231 1181 1322 t.

458 1413 528 1487 un
556 1413 896 1489 eanunnrsnus
922 1414 992 1488 ur
1017 1413 1377 1491 uurnenasurs

866 1639 1015 1654 —,--

299 1723 321 1765 p.
336 1713 386 1751 1-3
400 1711 423 1752 Β.
1446 1723 1463 1754 e.
1478 1714 1497 1752 1.
1512 1714 1531 1753 2.

358 1790 543 1855 Barbarismi
572 1814 588 1855 a
615 1700 947 1957 metaplasnffat
976 1802 1005 1854 et
1027 1795 1137 1856 diversi
1161 1801 1229 1855 sunt
1252 1801 1281 1853 et
1303 1795 1434 1855 diversas
1456 1793 1562 1853 delini·

275 1895 371 1953 tiones
394 1895 513 1956 habent.
539 1891 544 1979 l
569 1897 620 1956 sed
649 1899 717 1976 quia
747 1917 766 1976 q
790 1900 796 1911 '
822 1917 868 1957 arn
897 1897 992 1967 modi,
1022 1896 1188 1976 exquibus
1211 1898 1366 1965 eveniunt,
1390 1914 1564 1955 communes

275 2005 344 2057 sunt
372 2000 402 2057 iu
431 2001 519 2078 ipsis,
548 2001 704 2059 coniuncte
734 1999 769 2058 de
799 2000 846 2059 his
875 2000 1032 2059 dicendum
1060 2006 1114 2058 est.
1159 2001 1202 2058 sic
1225 2002 1320 2067 enim,
1349 2017 1408 2078 ‹pue›
1432 2018 1447 2058 a
1470 2017 1501 2057 so
1530 2006 1590 2057 ets

275 2101 306 2158 iu
329 2099 437 2179 quibus
460 2102 584 2171 distent,
614 2082 730 2162 facilius
758 2102 923 2182 apparebit.
968 2101 1045 2181 quod
1074 2120 1141 2161 cunr
1165 2103 1205 2160 ita
1227 2102 1359 2160 loturum
1383 2103 1473 2160 sitin
1497 2103 1563 2178 ipsa

275 2203 475 2281 expositione,
505 2203 540 2262 ad
569 2222 633 2263 rem
662 2207 793 2283 pertinet
822 2206 906 2283 prius
934 2212 966 2263 ut
993 2203 1180 2264 definitiones
1208 2206 1367 2282 separatim
1396 2203 1498 2262 demus
1531 2210 1563 2261 et
1596 2275 1600 2283 ¹

274 2303 468 2381 generaliter,
498 2306 569 2383 quid
597 2305 803 2366 distantiarum
832 2309 911 2365 inter
934 2324 965 2365 se
988 2305 1131 2374 habeant,
1161 2305 1407 2366 demonstremus.
1452 2304 1562 2365 barba-

204 2462 211 2467 .
274 2407 385 2465 rismus
407 2413 466 2474 est,
490 2414 523 2465 ut
545 2407 664 2485 qnidam
687 2407 802 2477 volunt,
827 2427 883 2468 una
907 2426 976 2487 pars
998 2411 1141 2468 orationis
1155 2409 1261 2467 vitiosa
1276 2410 1306 2467 iu
1324 2426 1458 2467 sermone
1481 2425 1562 2466 com-

275 2510 373 2567 muni:
412 2507 484 2567 baec
512 2509 645 2569 definitio
673 2517 790 2587 separat
817 2510 1055 2589 metaplasmum,
1085 2529 1120 2569 eo
1147 2511 1224 2589 quod
1254 2511 1319 2570 lieri
1343 2509 1604 2569 barbarismorum

275 2609 348 2669 dicit
370 2612 400 2670 in
423 2612 570 2670 communi
594 2630 739 2679 serunone,
763 2614 911 2690 nutritiam,
936 2615 960 2672 si
984 2615 1013 2671 in
1038 2619 1171 2691 poemate
1194 2630 1265 2691 pars
1286 2614 1432 2672 orationis
1455 2613 1563 2672 vitiosa

276 2714 328 2781 sit,
357 2712 581 2790 metaplasmum
610 2713 722 2774 dicunt.
768 2715 839 2774 item
869 2713 1073 2774 barbarismus
1101 2721 1159 2782 est,
1189 2722 1221 2774 ut
1252 2714 1372 2792 quidam
1405 2713 1563 2781 definiunt,

276 2815 366 2875 dictio
390 2817 495 2875 vitiosa
517 2817 735 2875 enuntiatione:
760 2816 815 2875 hoc
831 2817 897 2876 ideo
919 2816 1008 2876 habet
1031 2817 1308 2895 reprehensionem,
1332 2818 1471 2896 (proniani
1487 2816 1562 2875 haec

276 2918 409 2978 delinitio
432 2917 467 2976 ad
491 2899 623 2996 tempora
647 2925 677 2976 et
699 2925 839 2977 acre-ntus
861 2925 974 2978 tantum
997 2920 1142 2996 pertinet,
1172 2918 1201 2977 id
1224 2925 1269 2977 est
1290 2919 1453 2997 prosodias
1490 2920 1563 2977 item

276 3019 480 3080 barbarismus
506 3027 549 3079 est
576 3019 668 3078 dictio
697 3020 795 3099 aliqua
823 3027 906 3098 parte
930 3023 974 3080 sui
999 3022 1118 3081 vitiosa:
1155 3020 1209 3079 hoc
1234 3020 1269 3080 ad
1293 3007 1508 3080 detractionem
1532 3028 1562 3079 et
1577 3036 1605 3077 15

276 3121 473 3182 adiectionem
494 3129 523 3180 et
539 3124 816 3182 transmutationem
833 3131 862 3182 et
878 3124 1113 3182 immutationem
1128 3122 1297 3182 litterarum
1313 3122 1491 3202 syllabarum
1515 3141 1564 3181 ac-

276 3229 414 3284 centuum
439 3232 604 3303 temporum
621 3226 893 3304 aspirationurnque
915 3226 1060 3304 pertinet,
1084 3225 1162 3304 quod
1186 3225 1329 3304 exemplis
1350 3244 1416 3284 mox
1440 3224 1564 3304 prolatis

276 3306 456 3406 apparebit‘
486 3327 536 3386 scd
560 3329 732 3406 priusquam
755 3326 791 3385 de
815 3326 1004 3406 metaplasmo
1027 3326 1254 3405 subiungamus,
1279 3345 1447 3387 ariunonere
1471 3325 1563 3386 deho-

276 3447 341 3488 mus
363 3429 442 3488 aliud
466 3447 531 3488 esse
554 3428 787 3496 barbarismum,
812 3428 890 3488 aliud
914 3447 978 3488 esse
1001 3427 1220 3490 barbarolexim
1257 3428 1460 3489 barbarismus
1482 3431 1563 3488 eninr

277 3530 440 3589 secundum
468 3531 659 3590 definitiones
687 3532 856 3609 superiores
884 3531 929 3590 rel
957 3531 1130 3591 accentibus
1158 3531 1202 3590 rel
1231 3531 1338 3606 litteris
1360 3530 1404 3590 rel
1433 3529 1606 3609 sylllabisao

276 3632 321 3691 rel
344 3632 529 3711 temporibus
551 3633 596 3692 vel
619 3630 851 3711 aspirationibus
872 3640 988 3710 peceat,
1018 3635 1095 3693 sicut
1117 3652 1184 3692 mox
1206 3633 1302 3711 palam
1325 3635 1390 3702 het;
1418 3631 1564 3692 barbaros

277 3741 374 3794 autent
397 3734 470 3793 lexis
497 3752 556 3793 uuo
585 3733 671 3793 niodo
698 3740 812 3793 tantum
840 3733 1037 3810 intellegitur,
1066 3753 1133 3795 cum
1156 3754 1192 3792 ex
1215 3734 1309 3795 aliena
1332 3735 1433 3812 lingua
1456 3737 1485 3793 in
1508 3754 1563 3794 no·

277 3843 370 3894 strum
394 3854 478 3894 usum
501 3835 597 3913 aliqua
621 3853 689 3913 pars
711 3836 854 3894 orationis
881 3835 1047 3904 inducitur,
1078 3844 1110 3896 ut
1132 3856 1199 3896 cum
1223 3837 1349 3896 dicimus
1371 3839 1480 3897 cateias
1503 3839 1564 3896 uti-

277 3955 333 4014 que
362 3937 461 3996 hastas
489 3931 651 4005 Gallorum,
680 3944 858 3997 mastrucam
887 3940 1096 3998 vestimentum
1123 3937 1301 4008 Sardorum,
1331 3939 1453 4015 magalia
1477 3939 1564 3998 hiro-

277 4055 343 4096 rurn
376 4056 472 4107 casaS,
507 4040 644 4098 acinaces
676 4038 790 4115 gladios
823 4038 983 4099 Medorum.
1029 4059 1108 4100 nunc
1140 4041 1324 4118 metaplasmi
1358 4041 1607 4103 definitionenrsa

277 4157 436 4218 ponemus:
461 4140 670 4219 metaplasmus
692 4147 738 4199 est
759 4158 817 4201 una
839 4161 909 4220 pars
932 4144 1077 4202 orationis
1099 4143 1223 4220 figurata
1246 4152 1348 4203 contra
1371 4144 1564 4203 consuetudi·

278 4259 345 4302 nem
368 4242 413 4301 rel
436 4250 558 4302 ornatus
581 4242 705 4303 alienius
728 4261 815 4303 causa
838 4244 883 4303 vel
906 4247 993 4305 metri
1016 4247 1193 4305 necessitate
1216 4253 1350 4323 cogente.
1396 4246 1444 4305 hie
1467 4254 1564 4307 mota·

277 4363 577 4377 .-......Ἴ--...-.

348 4449 360 4498 l
383 4448 529 4511 lncipitara
547 4448 677 4499 consentii¹
700 4463 723 4497 v.
741 4463 762 4501 c,
780 4449 811 4497 dc
830 4449 943 4499 barbaris
971 4457 996 4497 et
1019 4449 1189 4514 metaplasmis
1214 4450 1247 4498 Μ
1319 4452 1334 4498 4
1359 4450 1511 4498 conueniunt
1532 4451 1565 4501 M

278 4519 428 4578 proveniunt
447 4517 610 4567 Butbnamrus
697 4517 713 4567 8
732 4517 825 4567 habent
845 4520 877 4568 Μ
962 4519 995 4570 10
1012 4533 1042 4566 eo
1058 4519 1125 4581 quod
1141 4520 1239 4568 firmum
1257 4519 1300 4568 diri
1317 4521 1340 4567 in
1361 4520 1487 4568 communi
1509 4537 1566 4569 ser-

278 4600 352 4637 mone
370 4588 403 4636 Μ
473 4586 503 4636 13
522 4587 569 4636 hoe
588 4588 644 4636 ideo
666 4590 845 4638 nuntiationem
865 4589 940 4638 habet
958 4590 983 4638 in
1001 4589 1196 4652 reprehensione
1215 4591 1265 4652 quo
1290 4590 1396 4638 difinitio
1419 4589 1565 4652 (adscripto

276 4656 394 4721 inmurp.
415 4655 445 4712 hl
466 4658 499 4707 M
568 4657 768 4707 mescone!
820 4659 850 4709 18
868 4659 1139 4708 admoueredebemus
1158 4661 1276 4709 lectorem
1294 4658 1406 4709 Clemens
1461 4658 1567 4711 lubar-

277 4725 406 4776 baralexin
428 4727 460 4775 Μ
525 4728 557 4777 21
576 4727 618 4774 fiet
636 4728 745 4778 Clemens
762 4728 853 4777 batM
925 4729 1060 4789 ‘23aliqua
1078 4745 1137 4794 pars
1157 4730 1444 4792 Clenaenaparsaliqua
1466 4729 1494 4779 Μ
1550 4785 1555 4794 ,

278 4797 371 4847 cateias
386 4798 469 4860 utique
488 4805 556 4855 astes
570 4797 680 4847 Clemens
695 4797 797 4847 entheas
811 4797 897 4848 hastas
912 4799 996 4862 utique
1015 4797 1047 4847 Μ
1115 4798 1149 4849 26
1168 4799 1284 4863 ponimus
1302 4799 1336 4848 Μ
