3346 5498
288 318 352 384 514
835 320 1035 383 nvcvsrtrd

320 441 341 483 p.
356 431 412 470 eoos.
429 431 456 470 οι
469 427 492 472 r.

288 528 355 569 cum
378 527 393 568 r
415 509 514 569 iittera
531 512 697 571 errurrtiare.
735 518 827 572 restat
842 509 966 571 verbum
988 510 1154 590 deponens,
1178 510 1256 590 quod
1278 510 1345 571 ideo
1368 511 1488 581 dicitur,
1512 512 1583 591 quia

288 593 410 672 deponit
432 595 545 674 aliquid
567 595 603 655 dc
626 596 790 676 quantitate
813 598 978 657 communis
993 595 1088 656 verbi.
1133 614 1199 656 nam
1222 615 1289 656 cum
1311 598 1470 676 participia
1495 601 1582 675 quat·

289 687 355 739 tuor
377 678 485 740 babeat
509 679 631 740 verbum
654 698 824 752 commune,
849 699 990 761 praesens
1004 683 1184 747 criminans.
1208 682 1340 742 futurum
1356 684 1582 749 criminaturus,

287 766 480 844 praeteritum
504 767 693 836 criminatus,
716 766 849 827 futurum
872 785 887 827 a
909 768 1024 846 passiva
1047 767 1262 845 significatione
1282 766 1500 836 criminandus,
1524 765 1583 826 boc
1619 780 1622 785 ·

203 913 208 922 ,
287 868 346 909 uon
369 848 460 910 habet
481 849 605 911 verbum
628 851 779 931 deponens
800 858 831 912 et
852 852 919 912 ideo
939 852 1049 913 dicitur
1069 851 1232 932 deponenS,
1256 854 1324 932 quia
1346 851 1466 930 deponit
1487 869 1608 912 unums

287 936 480 1014 participivnn
508 935 601 995 futuri
629 938 773 1016 temporis
795 955 811 996 a
833 936 925 997 verbo
946 939 1077 1017 passivo,
1101 936 1178 1016 quod
1206 939 1267 997 evit
1295 939 1326 997 in
1348 937 1402 997 dus
1423 935 1581 1016 syllabam.

287 1027 320 1080 ut
347 1027 417 1098 puta
440 1022 546 1100 opinor
569 1020 614 1081 vel
637 1023 734 1083 minor
757 1022 846 1083 verba
869 1030 938 1083 sunt
960 1023 1152 1102 deponentia:
1182 1023 1300 1083 venitm·
1322 1023 1358 1083 ad
1385 1023 1584 1102 participium

287 1107 454 1183 praesentis
476 1108 634 1185 temporis,
658 1115 688 1167 et
702 1107 774 1168 iacit
788 1109 920 1177 minans,
944 1109 1045 1168 iuturo
1060 1117 1193 1188 tempore
1208 1108 1278 1169 iacit
1293 1109 1468 1177 minaturus,
1493 1124 1583 1186 prae·

287 1192 376 1250 terito
403 1191 475 1251 iacit
503 1191 646 1263 1ninatus;
676 1193 776 1252 futuro
804 1212 820 1253 a
849 1192 1063 1270 significatione
1092 1194 1207 1273 passiva
1229 1212 1288 1253 non
1316 1193 1388 1253 iacit
1409 1190 1581 1253 minandus.

286 1276 330 1335 sic
352 1277 477 1354 opinans
498 1277 672 1354 opinaturus
695 1279 845 1356 opinatus,
870 1278 1035 1356 opinandus
1057 1297 1116 1339 non
1138 1279 1225 1348 iacit;
1248 1277 1295 1338 vei
1309 1279 1335 1338 si
1350 1278 1430 1338 dieas
1444 1279 1583 1337 moriens
1597 1298 1621 1336 aa

287 1361 448 1420 moriturus
470 1368 621 1427 mortuus,
650 1380 708 1422 non
731 1363 802 1423 iacit
824 1363 1010 1432 moriendus,
1036 1365 1107 1444 quia
1129 1363 1253 1424 latinum
1276 1370 1410 1424 nonest.
1454 1379 1529 1440 ergo
1553 1368 1583 1421 et

286 1445 342 1505 boo
364 1445 516 1525 deponens
539 1444 661 1507 verbum
683 1449 727 1508 sic
750 1449 845 1507 carnit
872 1466 926 1528 per
953 1449 1055 1509 modos
1077 1456 1107 1509 et
1128 1456 1260 1527 tempora
1283 1456 1313 1509 et
1333 1465 1490 1527 personas,
1520 1465 1583 1526 quo

218 1565 228 1584 .
286 1530 373 1591 modo
397 1549 485 1609 supra
515 1530 710 1593 dictumest:
738 1541 771 1593 ut
793 1551 948 1594 conamuue
970 1532 1094 1594 verbum
1116 1552 1175 1594 non
1197 1531 1329 1612 deposita
1352 1551 1368 1593 r
1388 1533 1489 1592 littera
1511 1531 1582 1593 iati-

286 1635 357 1675 nom
380 1623 439 1684 est,
464 1616 598 1694 deposita
622 1625 721 1678 autem
742 1617 865 1678 latinum
888 1627 1022 1687 nonest,
1046 1620 1089 1680 sic
1105 1621 1194 1680 etiam
1211 1618 1402 1698 deponentia,
1425 1635 1499 1683 cvun
1510 1635 1582 1696 per·

286 1700 417 1760 diderint
445 1719 459 1760 v
487 1701 631 1772 iittcrarn,
661 1702 751 1763 latina
781 1722 838 1763 non
867 1711 945 1764 sunt.
996 1704 1110 1764 subicio
1138 1706 1238 1783 itaque
1267 1722 1345 1765 nunc
1372 1720 1465 1782 pauca
1488 1701 1622 1762 verbane

286 1786 477 1864 deponentia,
502 1794 600 1846 cetera
624 1805 694 1848 usus
716 1788 825 1849 latinus
848 1788 977 1849 docebit.
1022 1797 1091 1849 sunt
1113 1797 1210 1849 aretem
1232 1790 1324 1862 baec,
1353 1789 1459 1866 opinor
1481 1788 1583 1847 minor

285 1878 387 1946 grator
415 1871 546 1947 gratulor
573 1870 704 1932 arbitror
736 1876 886 1950 gratiticor
919 1877 1057 1953 auspicor
1085 1876 1232 1934 misereor
1265 1874 1416 1934 lenocinor
1449 1872 1582 1932 meditor

286 1955 381 2016 luctor
403 1974 494 2016 cortor
516 1958 661 2034 suiiragor
684 1976 787 2019 vescor
809 1958 901 2019 laetor
923 1961 1037 2020 morior
1058 1958 1226 2020 stomachor
1247 1961 1329 2018 orior
1343 1955 1475 2027 bariolor
1490 1974 1581 2034 argu·

287 2047 332 2100 tor
362 2043 496 2119 paciscor
522 2042 693 2121 conplector
715 2043 856 2104 adversor
879 2062 971 2122 angor
999 2062 1109 2124 ‹prveror
1132 2041 1159 2119 (a
1182 2044 1397 2121 significatione
1424 2040 1580 2120 quereiae)

285 2127 397 2185 atrocior
419 2127 580 2186 ratiocinor
603 2136 793 2204 argumentor
816 2127 951 2189 blandior
973 2129 1090 2189 iabuior
1112 2131 1191 2188 nitor
1214 2128 1295 2188 tabor
1319 2127 1345 2206 (a
1360 2126 1582 2204 significatione
1597 2146 1623 2185 so

286 2210 393 2290 lapsus)
419 2228 506 2288 vagor
522 2214 651 2272 rusticor
667 2216 822 2273 contionor
846 2212 890 2292 [id
907 2221 953 2274 est
967 2214 1002 2274 ad
1038 2214 1158 2293 opuium
1174 2211 1291 2292 loquor]
1316 2212 1455 2272 moechor
1471 2213 1582 2272 iucun-

285 2296 340 2374 dor
363 2296 509 2355 vociferor
533 2299 688 2357 nanciscor
713 2296 804 2377 [quod
828 2306 874 2358 est
896 2233 1036 2378 inveniob
1055 2300 1190 2377 suspicor
1213 2305 1241 2357 et
1264 2297 1332 2357 alia.
1376 2297 1452 2356 baec
1473 2297 1582 2356 merui-

284 2381 380 2448 neris,
406 2388 437 2439 ut
458 2381 517 2440 ianr
540 2381 615 2456 itini,
639 2401 706 2442 curn
730 2401 744 2441 ι·
767 2383 866 2443 littera
889 2386 1061 2444 enuntiare:
1091 2402 1159 2444 nam
1180 2402 1266 2443 nemo
1286 2382 1359 2442 dicit
1381 2381 1504 2441 biandio
1529 2388 1584 2441 aut

285 2466 413 2544 pacisco.
458 2466 501 2524 sic
524 2466 596 2526 baec
618 2469 716 2527 onmia
739 2467 924 2528 declinantur
946 2468 981 2529 ad
999 2469 1001 2525 i
1018 2470 1144 2529 sormam
1167 2467 1374 2527 declinationis
1395 2464 1481 2526 verbi
1498 2484 1581 2526 eom·

284 2551 384 2611 maratis
405 2549 483 2628 ‹puod
507 2550 581 2620 dixi,
606 2554 758 2612 criminor.
1596 2570 1622 2610 as

369 2633 572 2695 Tractavimus
594 2654 665 2714 orgo
688 2636 776 2698 verba
799 2640 907 2708 activa,
931 2658 1005 2717 quae
1027 2639 1168 2699 dicuutur
1182 2637 1218 2699 ab
1235 2637 1362 2714 agendo;
1386 2637 1584 2696 tractavimus

284 2719 445 2788 uetrtraiia,
475 2739 550 2799 oriae
579 2721 647 2781 ideo
675 2721 732 2782 tale
761 2741 867 2782 nomen
891 2725 1055 2801 accipiunt,
1085 2723 1163 2803 quod
1192 2740 1247 2781 nec
1274 2727 1365 2798 agunt
1386 2720 1501 2799 aliquid
1524 2739 1583 2780 nec

284 2807 451 2884 patiuntur,
482 2816 512 2866 ut
541 2805 683 2875 diximus,
713 2814 758 2867 sto
785 2810 868 2867 iaceo
895 2808 985 2868 sedeo
1012 2807 1089 2869 cubo
1111 2815 1141 2868 et
1167 2807 1239 2875 aiia;
1268 2807 1459 2866 tractavimus
1489 2807 1583 2865 ctiam

284 2890 341 2950 alia
366 2890 526 2960 rreutraiia,
555 2910 630 2969 {puae
654 2900 744 2968 argum
766 2892 892 2971 aliquid,
921 2893 972 2953 sed
997 2911 1053 2952 uon
1076 2895 1244 2972 patiuntur,
1269 2898 1297 2952 et
1319 2891 1402 2969 epitasi
1426 2892 1582 2950 semineu-

284 2974 369 3036 tralia
397 2975 554 3044 dicuutur,
586 2984 617 3036 ut
644 2983 712 3036 nato
740 2995 842 3047 curro,
873 2986 922 3038 atri
950 2980 1104 3056 pattanrtur
1132 2986 1161 3036 et
1188 2995 1245 3035 non
1274 2983 1377 3053 agunt,
1410 2981 1442 3034 ut
1470 2974 1620 3054 vapuloso

284 3059 399 3139 pernice
422 3060 494 3121 sardo
517 3060 601 3137 algeo
624 3068 726 3121 aestuo
748 3062 844 3122 l'ebrio
866 3064 967 3122 ferveo
989 3065 1104 3123 somnio
1119 3061 1244 3121 meridio
1260 3062 1343 3137 rigeo
1363 3060 1461 3136 frigeo
1478 3067 1582 3121 tumeo

283 3144 410 3222 languco
432 3145 496 3205 oieo
520 3154 606 3224 tepeo
630 3146 724 3207 rubeo
746 3147 846 3225 fulgeo
868 3157 973 3227 stupeo
996 3154 1026 3207 et
1047 3147 1114 3208 aiia.
1159 3149 1191 3206 iu
1213 3146 1259 3206 bis
1281 3143 1436 3212 omnibus,
1462 3152 1525 3205 tavn
1549 3147 1582 3204 in

283 3230 427 3309 hisquae
450 3247 636 3309 nequaquam
659 3232 772 3311 aliquid
796 3242 886 3309 agunt
901 3251 956 3293 nec
970 3234 1139 3311 patiuntur,
1163 3249 1251 3311 quam
1273 3232 1361 3290 etiam
1383 3229 1413 3288 in
1436 3228 1581 3308 hisquae

283 3321 373 3392 agunt
396 3334 450 3375 uec
474 3318 642 3394 patiuntur,
665 3336 753 3394 qrvam
775 3319 806 3376 in
829 3317 876 3378 bis
898 3337 973 3397 quae
995 3317 1147 3395 patiuntur
1162 3314 1273 3395 aliquid
1289 3333 1343 3375 nec
1358 3315 1458 3374 tamen
1475 3322 1580 3390 agunt,

283 3419 443 3479 rruvnquam
471 3401 599 3461 adicitur
621 3420 637 3461 r
660 3402 773 3462 littera:
803 3421 870 3462 uam
892 3404 1040 3482 incipiunt
1068 3419 1126 3461 non
1149 3419 1214 3460 esse
1237 3400 1338 3460 latina.
1382 3400 1619 3459 tractavimusaa

282 3487 355 3546 item
377 3488 544 3546 couununia
573 3493 604 3546 et
626 3489 832 3565 exposuimus,
862 3487 940 3547 unde
962 3488 1128 3546 communia
1151 3485 1305 3552 dicuntur,
1334 3485 1403 3562 quia
1426 3485 1580 3543 actionem

284 3573 313 3631 in
337 3589 368 3631 se
391 3579 494 3632 tenent
516 3578 545 3632 ct
567 3574 745 3650 passionem.
791 3575 980 3632 tractavimus
1002 3570 1179 3651 deponentia
1203 3577 1232 3629 et
1253 3570 1458 3647 exposuimus,
1482 3587 1581 3647 quare

282 3656 460 3735 ‹inponentia
484 3656 636 3735 (liguratur,
666 3659 734 3735 opalia
758 3656 911 3736 deponunt
937 3658 1030 3716 futuri
1053 3657 1196 3734 temporis
1225 3655 1414 3733 participium
1442 3655 1581 3730 asigni-

281 3743 417 3801 ticatione
441 3743 571 3819 passiva,
600 3741 678 3821 ιμιιιιΙ
702 3743 763 3801 exit
784 3743 816 3801 in
839 3741 908 3810 dus,
937 3743 1006 3820 quia
1029 3740 1202 3801 moriendus
1223 3738 1394 3816 gloriandus
1416 3735 1581 3798 blandien-

281 3826 336 3886 dus
365 3833 395 3885 rt
423 3825 493 3894 alia,
522 3845 597 3904 quae
627 3828 750 3886 veniunt
778 3845 794 3885 a
823 3824 1041 3905 deponentibus
1067 3824 1187 3892 verbis,
1222 3843 1281 3883 non
1309 3823 1447 3883 dicimus,
1505 3842 1582 3884 sane
1598 3845 1623 3884 ro

281 3912 390 3970 artium
413 3913 575 3989 scriptores
597 3911 771 3970 adiecerunt
794 3910 881 3971 aiiam
910 3909 993 3970 verbi
1015 3912 1160 3989 speciem,
1189 3928 1276 3987 rpuarn
1300 3914 1479 3967 vocaverunt
1503 3927 1582 3970 neu·

281 3997 484 4073 tropassivam.
512 3994 565 4055 sed
587 3995 642 4054 boc
665 3995 813 4055 novellum
835 4013 929 4072 genus
951 3996 1034 4055 verbi
1050 3994 1197 4074 euphonia
1213 3995 1339 4060 invonit,
1363 4000 1393 4050 et
1415 3993 1446 4050 in
1469 3995 1582 4071 paucis

280 4087 326 4138 est
349 4078 460 4148 verbis,
485 4088 517 4139 ut
538 4081 662 4157 gaudeo.
699 4083 837 4160 quoniam
860 4080 967 4141 durum
989 4088 1053 4141 erat
1075 4086 1108 4139 ut
1129 4080 1296 4140 diceremus
1317 4078 1484 4155 praeterito
1501 4084 1582 4139 tem·

351 4250 362 4299 l
383 4250 495 4298 verrutiarc
511 4250 555 4306 re
625 4253 640 4300 4
660 4250 772 4300 futurum
789 4250 962 4300 criminandus
979 4266 994 4298 a
1011 4251 1115 4315 passiua
1132 4246 1318 4313 significatione
1336 4245 1515 4295 criminandus
1535 4249 1584 4306 Ρς

331 4319 514 4383 iipassiniFs
558 4320 746 4375 lautomas
789 4321 821 4371 15
835 4335 900 4369 vruvrc
914 4319 1004 4385 pauca]
1022 4334 1071 4368 non
1085 4333 1164 4384 parua
1176 4317 1201 4365 F
1235 4317 1583 4380 ldsuntnutemopiuor5

279 4389 301 4438 si
315 4398 397 4437 antem
417 4389 507 4453 opinor
523 4389 549 4436 F
601 4391 632 4440 17
651 4390 950 4457 gratteretgrntaiorF
1003 4390 1033 4439 18
1052 4385 1140 4453 taeter]
1163 4387 1232 4434 iezor
1252 4386 1276 4433 F
1326 4384 1420 4433 morior
1439 4384 1585 4437 Petscdiu

279 4472 363 4508 moror
374 4460 418 4515 Ἐς
455 4456 565 4506 bariolen
577 4460 645 4511 iezor
661 4461 736 4509 idest
748 4461 831 4511 coiere
847 4461 938 4525 pingor
953 4467 1056 4524 argutor
1068 4473 1085 4512 ς
1121 4457 1152 4507 21
1168 4455 1307 4503 attacumdor
1319 4469 1387 4503 cerr.
1402 4454 1535 4507 incendor
1548 4459 1585 4521 1¹⁸,

278 4540 364 4584 orme
433 4529 467 4577 22
486 4528 553 4590 quod
572 4541 610 4580 est
628 4531 744 4579 iuuenior
763 4532 788 4579 F
854 4530 916 4579 baec
934 4546 981 4582 om.
1001 4529 1026 4576 F
1029 4542 1046 4583 ς
1115 4526 1229 4587 ecqua
1247 4525 1304 4573 ideo
1323 4524 1506 4582 dicuntung

278 4599 312 4647 27
331 4597 399 4661 quod
418 4612 467 4648 nou
487 4606 566 4662 egeant
583 4601 609 4648 F
675 4599 711 4649 30
734 4615 807 4649 curro
827 4610 854 4650 ut
872 4599 999 4663 patiantur
1021 4606 1045 4643 et
1066 4612 1116 4646 non
1135 4603 1213 4660 agant
1230 4595 1254 4643 F
1274 4609 1348 4642 curro
1369 4590 1420 4641 alia
1441 4609 1512 4654 quae
1531 4613 1582 4662 pn-

279 4669 371 4716 tiantur
389 4677 413 4717 et
432 4682 480 4716 non
500 4677 611 4732 agaut3
664 4669 698 4719 32
716 4667 801 4735 tepeo]
823 4680 896 4720 teneo
914 4668 944 4727 F,
958 4679 1040 4722 om.5
1092 4668 1117 4715 in
1137 4661 1511 4728 hisomnibns]baeeomnia
1529 4668 1583 4724 Ες

347 4735 380 4785 35
401 4737 520 4786 adiicitur
536 4739 561 4786 in
580 4738 619 4787 bis
638 4739 719 4787 iitteru
739 4756 750 4787 r
768 4755 785 4797 ς
854 4740 888 4789 37
909 4752 986 4801 quare
1005 4736 1158 4801 deponentia
1178 4734 1236 4796 quia
1252 4733 1276 4781 F
1291 4748 1370 4796 qnare
1388 4732 1512 4784 dicentur
1533 4737 1581 4788 de-

279 4807 397 4871 ponentia
416 4807 474 4870 quia
493 4822 509 4864 ς
