3346 5498
120 287 185 353 512
668 281 868 344 AVGVS'l'lNl

150 411 171 452 p.
186 398 310 440 tatu—2001
325 395 348 436 Ρ.

123 478 208 540 deleo
230 475 325 545 deles,
349 483 450 552 tergeo
473 480 587 550 terges,
611 489 698 532 arceo
713 489 813 540 arces,
836 488 908 549 egeo
930 489 1016 550 eges,
1040 479 1140 532 terreo
1162 478 1271 540 terres,
1296 468 1412 532 mulceo

123 562 249 631 mulces,
273 558 383 640 impleo
406 557 526 638 imples,
550 555 684 636 compleo
706 554 851 636 comples,
874 555 976 636 repleo
998 557 1112 637 reples,
1135 555 1257 637 suppleo
1279 555 1412 636 supples,

123 649 244 710 mordeo
271 646 404 714 mordes,
433 644 565 723 spondeo
592 642 721 723 spondes
749 651 778 702 et
806 640 872 701 alia.
918 650 948 701 et
974 642 1021 704 liis
1050 643 1177 703 adicitur
1205 661 1221 703 r
1243 639 1359 710 littera,
1383 649 1412 702 et

123 736 196 796 fiunt
219 733 352 813 passiva,
376 737 480 790 teneor
502 729 628 797 toneris,
651 727 788 787 mordeor
810 727 972 796 morderis,
1000 747 1103 789 arceor
1125 730 1253 797 arceris,
1277 725 1413 788 mulceor

124 817 278 886 mulceris,
308 813 436 896 impleor
462 811 606 892 impleris.
651 810 816 873 declinabis
843 811 916 873 baec
938 816 1055 891 passiva
1083 831 1138 893 per
1159 813 1261 874 modos
1283 820 1312 872 et
1335 820 1438 873 tem-⁵

123 921 195 984 pora
218 910 247 962 et
269 917 426 980 personas:
452 917 506 978 per
527 897 643 966 modos,
668 905 700 958 ut
722 896 799 966 dixi,
821 897 1015 961 indicativum
1037 901 1244 978 imperativum
1268 895 1412 977 [promis-

124 985 234 1066 sivum]
264 987 425 1065 optativum
447 984 669 1044 coniunctimm
690 982 855 1052 inlinitum,
883 983 939 1042 hoc
962 982 1106 1064 estquod
1129 984 1192 1044 dixi
1213 1001 1268 1063 per
1291 982 1410 1053 modos;

124 1092 180 1155 per
201 1081 335 1152 tempora
364 1076 478 1138 autern,
508 1067 537 1127 id
561 1075 606 1127 est
627 1086 682 1147 por
703 1085 846 1146 praesens
872 1070 1033 1147 praeterita
1055 1067 1100 1138 vel
1128 1069 1238 1129 lutura·
1266 1086 1411 1147 personas

124 1164 222 1220 autem
245 1158 308 1217 dixi
328 1156 455 1234 primam
478 1153 638 1213 secundam
660 1161 689 1214 et
711 1154 844 1222 tertiam,
874 1160 907 1213 ut
927 1158 1031 1214 teneor
1054 1155 1167 1214 teneris
1187 1160 1320 1222 tenetur,
1343 1150 1410 1233 plu-

124 1242 230 1304 raliter
256 1249 393 1302 tenemur
420 1239 564 1299 tenemini
591 1244 739 1298 tenentur.
777 1237 850 1298 haec
872 1240 950 1298 siout
972 1239 1033 1299 dixi
1056 1237 1240 1299 observabis.
1276 1238 1328 1298 sed
1351 1256 1412 1317 quo
1427 1250 1451 1289 ¹⁰

126 1328 226 1396 modo,
251 1336 282 1387 ut
297 1326 435 1404 superius
451 1322 528 1393 dixi,
552 1325 647 1402 prima
662 1325 848 1400 coniugatio,
872 1341 946 1402 quae
969 1326 1030 1384 exit
1052 1326 1083 1385 in
1106 1343 1153 1393 as,
1176 1331 1209 1384 ui
1231 1342 1297 1383 amo
1319 1341 1411 1391 arnas,

125 1415 205 1493 capit
226 1419 255 1471 ei
277 1409 368 1486 verba
390 1406 551 1476 neutralia,
574 1416 607 1469 ut
629 1416 712 1469 certo
735 1414 846 1476 certas,
875 1415 944 1468 nato
966 1417 1064 1478 natas,
1088 1411 1117 1469 in
1141 1407 1250 1488 quibus
1272 1428 1287 1467 r
1309 1406 1411 1468 littera

125 1517 184 1558 non
207 1496 374 1556 admittitur
397 1491 463 1570 (nec
484 1494 564 1553 euim
587 1493 714 1553 dicimus
737 1487 844 1574 cerltor
871 1493 983 1572 nator),
1007 1496 1050 1554 sic
1072 1496 1103 1554 in
1127 1494 1181 1554 bac
1203 1494 1412 1571 coniugatione

126 1582 269 1650 secunda,
293 1598 367 1659 quae
390 1580 451 1638 exit
472 1578 503 1638 in
527 1596 563 1637 eo
585 1596 632 1647 es,
655 1585 688 1638 ut
710 1595 815 1638 moneo
837 1590 955 1648 mones,
985 1579 1076 1639 doceo
1097 1579 1201 1649 doces,
1229 1585 1298 1638 sunt
1318 1576 1413 1639 multa
1458 1602 1463 1611 ·

126 1685 200 1748 quae
224 1684 282 1725 non
311 1665 470 1725 admittunt
492 1681 507 1722 r
529 1660 659 1722 litteram
687 1665 717 1722 in
746 1664 842 1742 prima
869 1681 1010 1742 persona,
1032 1672 1066 1724 ut
1087 1662 1171 1741 algeo
1193 1661 1287 1741 alges,
1311 1670 1413 1723 scateo
1428 1671 1453 1710 1⁵

126 1759 236 1813 scates:
265 1748 373 1827 algeor'
393 1750 472 1808 onim
499 1766 558 1807 non
587 1756 631 1808 est
659 1746 798 1807 latinum:
833 1749 876 1807 sic
904 1749 1004 1809 ferveo
1032 1750 1143 1820 serves,
1173 1756 1276 1827 torpeo
1298 1755 1411 1827 torpes,

126 1837 241 1917 pendeo
264 1834 390 1915 pendes,
414 1833 532 1893 invideo
554 1832 683 1902 invides,
707 1851 883 1913 quamquam
901 1833 1039 1895 lloratius
1061 1842 1146 1913 poeta
1170 1834 1304 1893 invideor
1326 1833 1412 1901 dixit,

127 1921 177 1982 sed
201 1921 256 1980 boc
279 1938 352 1979 nova
375 1920 582 1996 usurpatione:
606 1919 648 1977 sio
665 1920 781 1979 eminco
797 1920 924 1989 emines;
948 1937 1003 1979 nec
1017 1922 1095 1979 enim
1118 1919 1243 1979 dicimus
1266 1921 1411 1979 enrineor.

127 2006 182 2066 liae
205 2005 280 2066 duae
308 2006 544 2081 coniugationes,
573 2005 669 2082 prima
698 2010 728 2063 et
749 2003 892 2072 secunda,
922 2023 994 2084 quas
1016 2005 1145 2066 diximus
1167 2006 1249 2063 exire
1272 2006 1304 2063 in
1327 2023 1359 2064 as
1383 2012 1414 2064 et

115 2094 158 2153 'in
182 2108 227 2160 es,
251 2096 284 2149 ut
306 2109 371 2149 amo
394 2107 487 2158 arnas,
512 2107 618 2148 moneo
640 2106 750 2158 mones,
774 2089 909 2149 loturum
931 2108 1049 2168 semper
1070 2098 1188 2168 tempus
1210 2090 1241 2149 in
1264 2087 1301 2148 bo
1324 2087 1413 2168 sylla·
1428 2096 1455 2135 w

58 2170 64 2180 '
128 2176 196 2237 bam
218 2177 353 2242 mittunt,
378 2182 409 2233 ut
432 2172 535 2233 amabo
558 2172 694 2233 monebo.
738 2175 782 2233 sic
804 2173 951 2244 servabis,
980 2173 1159 2254 ubicumque
1182 2175 1313 2234 lutnrum
1336 2183 1413 2234 tem·

127 2262 236 2340 pusio
261 2258 298 2318 bo
321 2256 463 2338 syllabam
486 2260 601 2326 mittas,
625 2260 693 2337 quia
716 2257 785 2318 sunt
802 2237 881 2319 'aliae
905 2260 979 2319 duae
1003 2261 1242 2336 coniugationes,
1266 2277 1342 2338 quae
1366 2260 1413 2319 ln·

127 2352 226 2405 turum
254 2351 370 2422 ternpus
398 2345 429 2402 in
458 2361 503 2403 arn
532 2340 673 2422 syllabam
702 2345 838 2420 mittunt,
872 2362 930 2405 non
958 2346 988 2405 in
1017 2343 1069 2412 bo,
1099 2353 1129 2404 et
1155 2352 1297 2404 vocantur
1330 2346 1415 2424 ipsae

128 2430 351 2505 coniugationes
374 2429 461 2486 tertia
484 2435 622 2506 correpta
645 2434 674 2486 et
695 2430 783 2489 tertia
807 2429 960 2507 producta.
999 2431 1087 2490 tertia
1110 2436 1246 2508 correpta
1269 2437 1313 2489 cst
1336 2447 1414 2508 quac

128 2515 336 2593 imperativum
359 2512 476 2572 modum
506 2515 536 2572 in
565 2532 581 2571 e
610 2520 777 2592 correptam
800 2516 905 2583 mittit,
931 2522 962 2574 ut
984 2513 1082 2574 scribe
1106 2512 1175 2574 tolle
1199 2532 1286 2593 carpe
1309 2514 1414 2574 occide
1429 2522 1456 2560 ²⁵

128 2617 194 2660 sere
217 2597 293 2676 lege.
339 2615 410 2674 ergo
433 2596 532 2657 vidisti
557 2599 764 2675 imperativum
786 2600 829 2658 sic
852 2601 949 2668 exire,
979 2601 1067 2659 tertia
1089 2601 1256 2675 coniugatio
1279 2605 1328 2659 est
1346 2617 1415 2659 cor·

128 2692 229 2764 repta,
257 2701 333 2763 quae
361 2699 480 2761 semper
507 2682 639 2743 futurum
668 2690 784 2761 tempus
812 2685 842 2743 in
869 2703 916 2744 am
938 2686 1044 2754 mittit,
1068 2702 1227 2763 numquam
1250 2686 1281 2743 in
1305 2683 1357 2752 bo,
1382 2692 1416 2745 ut

112 2768 258 2830 scribam
280 2766 375 2844 legam
398 2765 497 2828 tollam
519 2786 653 2847 carpam,
676 2773 746 2847 quia
768 2766 892 2829 latinum
915 2787 972 2828 non
996 2777 1054 2838 est,
1079 2771 1104 2828 si
1133 2769 1246 2829 dixeris
1274 2767 1416 2829 scribcbo

128 2852 234 2932 legebo
261 2850 371 2913 tollebo
399 2851 538 2931 carpebo.
584 2854 672 2912 tertia
702 2855 870 2931 coniugatio
898 2854 1040 2932 producta
1069 2852 1207 2914 similitel
1240 2872 1275 2914 ex
1308 2854 1416 2915 eodern

128 2941 306 3018 imperativo
333 2938 420 2998 modo
448 2936 607 3015 colligitur.
653 2957 719 2997 cnm
748 2940 827 2998 enirn
855 2940 1047 3018 imperativus
1069 2940 1173 2999 modus
1195 2941 1256 2999 exit
1278 2940 1309 2998 in
1332 2941 1342 2998 i
1365 2937 1415 3000 lit·
1430 2945 1459 2986 ³⁰

128 3032 239 3092 teram,
262 3025 350 3085 tertia
372 3025 541 3100 coniugatio
556 3022 699 3102 producta
715 3030 774 3092 est,
797 3031 830 3084 ut
852 3024 921 3085 audi
943 3027 1023 3085 nutri
1047 3027 1124 3084 senti
1147 3026 1229 3083 muni
1252 3025 1330 3083 sarci
1353 3023 1416 3086 leni

129 3119 158 3170 et
180 3107 247 3169 alia.
285 3105 423 3167 similiter
446 3109 534 3167 otiam
558 3107 630 3168 liaeo
653 3108 785 3169 loturum
808 3116 925 3188 tempus
947 3112 978 3170 in
1001 3129 1047 3169 am
1070 3111 1205 3179 mittunt,
1229 3117 1261 3168 ut
1283 3110 1416 3170 muniam

128 3193 236 3254 leniam
265 3195 396 3253 nutriam
423 3193 550 3252 audiam.
595 3193 647 3253 sed
675 3196 764 3255 tertia
792 3201 926 3274 correpte
955 3195 1071 3254 infinito
1099 3195 1186 3254 modo
1208 3213 1224 3253 o
1247 3202 1416 3272 correptam

128 3279 218 3339 habet
240 3285 308 3339 ante
331 3280 519 3339 novissimam
543 3275 700 3357 syllabam,
731 3288 763 3340 ut
784 3278 885 3356 legere
906 3277 1011 3340 tollere
1034 3297 1156 3358 carpere
1180 3277 1330 3348 scribere;
1353 3286 1416 3339 ter·

128 3366 170 3424 tia
194 3382 264 3423 vero
287 3363 429 3443 producta
452 3364 568 3423 infinito
590 3363 676 3422 modo
703 3366 713 3423 i
736 3364 826 3424 habet
849 3373 916 3425 ante
939 3365 1128 3424 novissimam
1151 3362 1307 3443 syllabam,
1337 3383 1417 3443 quac
1431 3371 1461 3411 ³⁵

130 3451 139 3510 i
168 3448 357 3528 producitur,
387 3455 420 3507 ut
446 3450 563 3508 munire
591 3446 686 3508 lenire
715 3447 820 3509 audire
848 3451 961 3510 sarcire
988 3451 1100 3510 sentire
1123 3451 1236 3508 venire.
1281 3448 1360 3509 unde
1385 3451 1417 3510 in

129 3533 268 3593 omnibus
297 3531 397 3592 verbis
424 3531 479 3591 bae
509 3534 731 3610 coniugationes
759 3533 964 3594 observantur.
994 3553 1069 3614 quae
1092 3543 1201 3595 exeunt
1223 3536 1253 3593 in
1277 3552 1308 3593 as
1331 3542 1360 3593 et
1385 3536 1418 3595 in

130 3637 176 3687 es,
205 3619 338 3678 sutorum
365 3625 482 3695 tenipus
510 3619 539 3677 in
569 3617 606 3676 bo
636 3620 771 3688 mittunt,
800 3626 833 3678 nt
860 3621 978 3699 saepius
999 3620 1071 3680 dixi.
1116 3638 1191 3698 quae
1214 3627 1311 3679 autem
1334 3621 1365 3680 in
1390 3621 1418 3680 is
1461 3693 1465 3696 ⁴

60 3753 64 3760 .
130 3711 248 3772 exeunt,
272 3704 405 3763 futurum
428 3709 545 3781 tempus
568 3705 598 3761 in
622 3722 668 3762 am
691 3705 820 3773 mittunt,
845 3723 1003 3783 numquam
1026 3707 1057 3764 in
1081 3703 1133 3773 bo,
1157 3706 1215 3764 nisi
1239 3705 1416 3764 auctoritate

129 3795 334 3866 praesumpta:
364 3805 431 3847 nam
459 3807 507 3847 ars
535 3787 590 3847 hoo
618 3787 767 3867 prohibet.
796 3785 801 3869 Ι
831 3789 882 3849 scd
912 3789 1010 3868 aliqua
1032 3788 1122 3849 verba
1146 3791 1284 3868 ponimus
1305 3790 1462 3850 tortiaco

130 3874 346 3950 coniugationis
368 3880 538 3951 correptae,
562 3890 596 3931 ex
620 3872 728 3950 quibus
751 3879 781 3932 et
803 3871 859 3934 alia
882 3876 1082 3953 consequaris.
1121 3882 1189 3935 sunt
1211 3881 1307 3935 autern
1330 3872 1416 3942 haec,

130 3955 196 4032 lego
223 3954 293 4017 tollo
322 3958 405 4033 erigo
432 3975 521 4035 carpo
550 3974 695 4033 cognosco
723 3959 808 4037 capio
842 3959 925 4036 fugio
952 3978 1054 4037 rnergo
1077 3978 1143 4018 sero
1177 3977 1269 4037 arguo
1299 3960 1418 4037 accipio

130 4060 207 4121 pono
229 4059 312 4100 sumo
335 4041 461 4101 ascendo
484 4060 598 4120 expono
621 4044 742 4120 incipio.
788 4043 860 4103 haec
890 4047 1039 4124 accipiunt
1061 4063 1076 4103 r
1098 4044 1228 4104 litteram
1251 4050 1280 4103 et
1303 4045 1418 4104 iaciunt

130 4126 245 4206 passiva
268 4123 372 4193 verba,
402 4123 484 4203 legor·
512 4144 618 4205 carpor
645 4129 747 4205 capior
775 4135 804 4187 et
826 4137 935 4190 cetera.
981 4129 1036 4190 snb
1059 4129 1113 4189 bac
1136 4130 1229 4189 lorrna
1252 4136 1321 4188 sunt
1342 4146 1416 4189 neu-

211 4347 228 4394 u
246 4345 426 4410 promissivum
444 4362 490 4396 om.
507 4363 523 4403 ς
606 4346 623 4397 8
641 4346 667 4395 id
686 4356 725 4398 eet
743 4364 788 4413 per
805 4349 949 4414 praecentio
972 4348 1012 4398 uel
1031 4346 1116 4398 lutura
1137 4347 1160 4395 F
1179 4348 1261 4398 idest
1280 4351 1420 4412 praeterita

130 4417 272 4482 praesentia
291 4416 330 4465 uel
347 4415 460 4472 suturas
547 4416 976 4481 aprimasecundaetreuiare
1065 4418 1096 4469 10
1112 4418 1174 4468 boec
1191 4433 1236 4467 om.
1257 4418 1282 4466 F
1367 4434 1419 4482 quo

129 4484 218 4551 modo]
237 4489 288 4551 quo
307 4486 352 4541 Fe
424 4486 620 4550 taquamquam
637 4489 732 4537 orotiue
747 4496 821 4555 poeta
841 4488 904 4538 licus
922 4488 987 4537 dixit
1004 4489 1049 4538 sed
1065 4488 1113 4540 hoc
1129 4489 1293 4552 usnrpatione
1311 4487 1352 4536 ide
1372 4489 1419 4538 de-

129 4557 190 4606 inde
208 4559 306 4607 eminco
322 4556 347 4604 F
360 4557 477 4618 quamuis
496 4554 609 4607 horatius
628 4570 701 4623 poeto
720 4558 837 4608 inuideor
856 4558 948 4606 dixerit
965 4559 1009 4607 sed
1030 4574 1097 4608 nouo
1114 4559 1279 4624 usurpatione
1297 4558 1336 4606 sic
1353 4560 1420 4607 emi·

130 4641 177 4675 neo
196 4642 228 4683 ς.·
247 4629 313 4679 Hor.
331 4642 358 4679 o.
375 4641 402 4688 p.
424 4627 457 4675 56
512 4626 543 4676 18
560 4628 626 4675 enirn
646 4643 692 4681 ovar.
712 4629 760 4684 Fe
828 4627 1040 4685 '23mittontF5
1110 4629 1418 4690 ‘zdterttolraqoecon-

129 4696 225 4760 iugario
241 4710 257 4751 ς
328 4697 361 4748 28
378 4697 400 4745 ci
420 4696 512 4745 dixerit
529 4697 554 4744 F
569 4698 590 4747 si
607 4696 699 4746 dixerit
714 4699 771 4761 quis
789 4697 812 4744 F
879 4696 913 4747 29
931 4697 1046 4748 similiter
1063 4706 1121 4763 port
1135 4699 1281 4764 coniugatio
1294 4699 1366 4760 ponit
1386 4699 1418 4759 F,

127 4773 186 4827 post
203 4765 275 4815 tertia
290 4780 307 4821 ς
375 4764 410 4817 36
424 4766 449 4814 in
464 4781 509 4817 orn.
523 4765 549 4814 F
617 4769 650 4818 tt
668 4768 712 4817 sed
732 4765 779 4816 boe
798 4765 879 4818 lorme
898 4776 956 4817 sunt
974 4768 999 4815 F
