3346 5498
240 407 282 470 70
797 405 972 468 sinduitti

264 515 429 570 prosumo.

392 597 536 655 interea
560 592 694 655 mulier
716 593 890 672 quaedam
914 590 956 652 ab
978 590 1062 652 hinc
1085 593 1305 660 triennium,

240 705 269 759 et
291 695 436 774 Vergdius
458 695 602 756 ‘Siculo
626 695 824 775 prospexit
847 693 889 754 ab
912 712 1025 773 usque
1047 693 1247 773 Pachyno'.
1294 693 1345 753 sed
1369 692 1426 753 hoc
1452 692 1530 767 tob·

240 797 418 859 servandum
440 797 603 861 secundum
627 806 725 857 certos
747 814 845 864 sonos,
871 813 946 875 quos
960 803 1264 875 poetaeusurparuut
1279 793 1530 876 [praepositiones

122 913 181 971 ³87,
198 913 227 960 ti
241 899 308 960 addi
331 917 390 959 non
413 897 581 980 oportere}
601 932 636 943 -
660 898 831 970 Quamvis
852 894 1055 975 legerimus
1078 897 1303 967 desursum,
1326 896 1529 967 desubito,

241 1021 281 1063 er
304 999 389 1061 iude
412 1008 445 1060 et
468 999 511 1061 ah
534 1018 647 1079 usque
670 998 768 1060 etde
790 999 884 1059 hino.
915 997 978 1059 sed
1001 996 1090 1060 haec
1114 1006 1295 1077 tamquam
1318 1017 1423 1060 unam
1445 1016 1554 1079 par-s

241 1111 310 1164 tem
334 1103 518 1163 orationis
541 1101 605 1163 sub
629 1119 699 1161 uuo
722 1109 876 1161 accentu
898 1099 1236 1179 pronuntiabimus:
1262 1100 1415 1161 ‘deinde
1437 1103 1531 1162 satis

240 1203 393 1265 lluvium
417 1203 588 1265 inducit’.
613 1203 720 1263 deinde
743 1211 773 1261 ot
793 1202 948 1263 desursum
977 1209 1006 1261 et
1028 1200 1164 1262 desubito
1191 1219 1251 1262 uon
1274 1210 1343 1264 sunt
1365 1202 1440 1263 duae
1463 1222 1532 1282 par·

241 1314 285 1367 tes
308 1307 464 1375 orationis,
488 1304 540 1365 sed
563 1323 620 1365 una
643 1301 821 1385 conposillta.
867 1305 891 1364 si
914 1301 1039 1373 dividas,
1063 1305 1242 1383 praepositio
1264 1312 1321 1374 est,
1346 1322 1458 1365 conexa
1481 1304 1533 1365 ad·

241 1408 374 1469 verbium
402 1407 481 1489 iacit.
518 1405 586 1467 ideo
608 1406 821 1485 praeiudicium
845 1424 904 1466 nou
927 1406 1050 1473 iaciunt,
1080 1407 1148 1484 quia
1171 1424 1230 1466 uno
1254 1415 1376 1466 accentu
1399 1425 1531 1485 pronun-

241 1511 364 1579 tiantur,
389 1517 537 1589 tamquam
560 1506 693 1586 singulae
715 1514 815 1586 partes
837 1507 994 1587 orationis,
1018 1525 1077 1567 uon
1101 1515 1248 1586 tamquam
1271 1507 1389 1569 divisae.
1545 1524 1569 1564 ro

751 1676 799 1738 DE
820 1675 1029 1738 pannulum

199 1813 230 1861 18
326 1797 572 1876 Participium
596 1804 652 1858 est
674 1814 757 1876 pars
780 1796 966 1857 orationis
988 1794 1099 1864 dicta,
1123 1793 1218 1874 quod
1241 1804 1386 1876 partem
1409 1800 1534 1876 capiat

241 1900 418 1971 nominis,
441 1905 583 1977 partem
600 1897 712 1958 verbi.
742 1898 878 1976 recipit
900 1898 992 1957 euim
1010 1915 1024 1956 a
1041 1899 1187 1957 nomine
1210 1916 1344 1974 genera
1368 1907 1403 1959 et
1425 1912 1532 1960 casus

242 1999 425 2080 [qualitatem
449 2009 478 2060 ct
503 2000 648 2079 tempus],
673 2001 677 2080 l
708 2018 723 2058 a
758 1999 869 2059 verbo
893 2007 1057 2078 tempora
1081 2007 1116 2058 et
1143 1999 1465 2076 significationes,
1490 1999 1532 2060 ab

242 2109 401 2181 utroque
423 2120 611 2162 numerum
635 2108 669 2160 et
691 2102 863 2178 figuram:
889 2100 1005 2179 quando
1028 2098 1135 2162 similia
1158 2108 1227 2160 suut
1248 2101 1366 2161 nomina
1389 2107 1420 2161 et
1440 2103 1570 2181 parti-1⁵

241 2205 332 2282 cipia,
357 2204 411 2263 hac
434 2222 467 2263 re
490 2202 642 2264 discernis
676 2205 700 2263 si
722 2204 858 2279 genetivo
881 2203 983 2271 servit,
1008 2220 1114 2263 nomen
1139 2209 1195 2269 est;
1218 2204 1243 2262 si
1266 2204 1441 2273 accusativo,
1465 2222 1532 2283 par·

241 2306 388 2384 ticipium,
413 2312 445 2364 ut
465 2304 598 2383 prudens
620 2302 698 2364 illius
713 2306 771 2373 rei,
794 2303 925 2384 prudens
940 2304 976 2364 ad
992 2303 1073 2365 illam
1088 2323 1167 2365 rem:
1193 2304 1240 2364 hic
1257 2312 1372 2382 tempus
1388 2303 1531 2384 designat,

242 2405 320 2466 unde
342 2407 530 2485 participium
554 2404 719 2487 credimus,
743 2405 811 2465 licet
833 2407 976 2485 privatum
1000 2408 1037 2466 sit
1058 2407 1283 2486 significatione.
1316 2407 1471 2485 participia
1493 2409 1532 2467 ita
1578 2406 1584 2420 ’

242 2526 274 2566 se
298 2509 423 2568 invicem
445 2517 562 2585 regunt.
598 2526 666 2568 naut
690 2509 715 2566 si
738 2509 903 2586 praesentis
927 2510 1068 2586 temporis
1090 2508 1244 2587 participio
1268 2506 1406 2566 detrahas
1427 2526 1441 2567 s
1464 2506 1533 2568 ulti·

156 2635 160 2657 ι
241 2628 318 2669 uram
342 2608 470 2670 litteram
498 2619 528 2670 et
554 2608 645 2670 addas
672 2608 728 2669 dus
749 2607 904 2688 syllabam,
934 2611 1007 2669 iacis
1028 2611 1216 2697 participium
1239 2610 1329 2669 iuturi
1351 2612 1496 2688 temporis
1517 2628 1571 2672 aro

240 2712 371 2790 passivo,
395 2718 428 2771 ut
449 2729 551 2772 amans
573 2710 725 2772 amandus.
769 2711 839 2770 item
864 2712 888 2770 si
910 2713 1067 2790 participio
1090 2712 1243 2791 praeteriti
1265 2712 1407 2790 temporis
1430 2730 1446 2770 a
1469 2731 1534 2791 pas·

242 2813 304 2873 sivo
328 2812 466 2872 detrahas
495 2832 509 2871 s
537 2812 668 2873 ultimam
698 2810 824 2872 litteram
854 2820 884 2872 et
911 2811 1001 2873 addas
1024 2832 1088 2883 ruS,
1118 2815 1208 2872 iacies
1230 2813 1418 2892 participium
1441 2813 1534 2875 futuri

242 2915 385 2993 temporis
408 2913 445 2974 ab
467 2917 575 2984 activo,
600 2922 632 2975 ut
653 2912 750 2973 lectus
772 2912 911 2974 lecturus.
943 2913 947 2992 l
977 2916 1075 2975 onrrria
1099 2915 1251 2994 participia
1275 2916 1438 2993 praesentis
1460 2923 1534 2976 tem·

241 3016 324 3094 poris
346 3015 384 3075 ab
407 3017 487 3076 omni
511 3019 716 3095 coniugatione
740 3035 774 3076 us
797 3015 902 3076 litteris
925 3018 1130 3086 terminantur,
1154 3024 1185 3077 ut
1206 3036 1321 3083 amans;
1345 3018 1534 3097 participium

241 3117 393 3196 praeteriti
416 3121 559 3197 teurporis
580 3121 612 3180 in
635 3137 669 3179 us
691 3119 793 3185 mittit,
824 3126 855 3177 ut
876 3125 1010 3184 amatum
1041 3119 1130 3179 luturi
1154 3121 1296 3197 temporis
1318 3120 1473 3198 participia
1497 3119 1571 3181 abrs

241 3226 366 3297 utroque
395 3219 485 3279 verbo
513 3221 542 3280 iu
571 3219 625 3281 dus
653 3231 683 3280 et
710 3221 740 3280 in
763 3238 815 3279 rus
836 3218 977 3300 syllabam
1002 3227 1123 3288 exeunt,
1152 3230 1183 3281 ut
1205 3218 1350 3281 amandus
1372 3230 1532 3283 amaturus.

196 3340 228 3387 ‘23
244 3354 278 3364 -
305 3321 518 3391 Commune,
545 3330 582 3382 ut
610 3321 754 3400 legens:
784 3324 873 3383 trium
902 3339 1043 3399 generum
1073 3321 1122 3381 hie
1145 3330 1174 3382 et
1196 3321 1269 3381 haec
1291 3329 1321 3382 et
1343 3322 1399 3382 hoc
1421 3321 1534 3400 legens.

195 3440 278 3486 24—
310 3423 393 3482 Nanr
426 3426 545 3484 omnia
574 3427 789 3503 praesentis
817 3425 997 3503 temporis
1025 3425 1228 3502 participia
1261 3425 1413 3501 generis
1446 3434 1534 3486 suut
1577 3450 1580 3455 ⁴

241 3527 451 3588 communis.
498 3545 604 3586 casus
628 3525 782 3586 totidem
806 3534 891 3585 suut
915 3527 1218 3604 participiorum,
1247 3533 1337 3603 «pulit
1360 3533 1394 3584 et
1418 3528 1534 3586 uomi-

242 3642 339 3684 num:
378 3645 455 3686 nam
493 3646 556 3704 per
593 3644 717 3685 omnes
754 3646 861 3686 casus
899 3628 1008 3687 etiam
1046 3628 1248 3705 participia
1280 3625 1571 3688 declinanturso

242 3734 407 3803 tempora
438 3729 652 3805 participiis
680 3727 856 3787 accidunt
884 3728 968 3794 tria,
998 3745 1180 3805 praesens
1203 3729 1455 3806 praeteritum
1479 3730 1532 3789 iu·

240 3834 374 3895 turum,
405 3836 443 3886 ut
466 3828 612 3888 luctans
640 3826 806 3888 luctatus
836 3828 1064 3888 luctaturus:
1088 3830 1127 3888 ita
1151 3836 1194 3888 tot
1216 3837 1285 3888 suut
1307 3847 1392 3890 casus
1414 3831 1533 3909 partici-

241 3929 374 4005 piorum,
404 3938 474 4007 quot
501 3939 529 3988 et
558 3933 725 3999 nominum,
754 3937 786 3988 nt
815 3938 844 3989 et
872 3932 1029 4007 septimum
1053 3929 1151 3990 casum
1176 3929 1304 3990 habeant
1325 3933 1481 4010 participia
1505 3941 1534 3992 et

194 4037 382 4096 sportarum.
414 4028 419 4113 Ι
450 4065 483 4074 -
515 4032 868 4109 Signil'icotionrsa
898 4031 1100 4109 generibus
1124 4042 1332 4093 sumuntur:
1372 4032 1429 4092 hoc
1452 4043 1534 4094 esta

308 4234 369 4285 Cod.
391 4235 469 4284 Bern.
486 4235 530 4284 xii
548 4231 666 4284 3*-5*.
741 4235 752 4283 l
774 4232 880 4301 intereo]
899 4237 977 4283 intere
1047 4232 1152 4298 abhinc]
1170 4236 1229 4283 aeliu
1247 4240 1325 4295 (corr.
1344 4237 1390 4301 ad)
1409 4237 1466 4286 hine

239 4306 366 4370 ‘ancyuo
436 4306 452 4356 3
471 4320 548 4354 souue
563 4320 626 4369 quos
645 4314 735 4371 poetue
754 4315 923 4369 susnrpuruut
994 4306 1196 4368 praepositiones
1212 4306 1242 4353 od
1261 4307 1298 4370 (iu
1317 4307 1378 4356 arld.
1399 4309 1433 4360 ol,
1453 4308 1535 4372 ruore.)

239 4384 355 4438 oportere
425 4375 589 4438 bubusquue
654 4376 733 4440 partis
804 4370 946 4438 illusioni]
970 4375 1064 4438 patitur
1134 4372 1264 4440 uno]uuu
1339 4377 1370 4426 id
1383 4379 1464 4444 partis

240 4446 272 4495 15
285 4453 392 4508 utruque
467 4445 497 4495 ln
517 4460 574 4494 nnm
597 4447 628 4495 de
655 4446 787 4511 participio
809 4446 952 4511 praesentis
975 4447 1096 4510 temporis
1115 4461 1129 4492 a
1149 4446 1254 4509 passiuu
1274 4461 1330 4495 tram
1350 4448 1371 4497 si
1391 4450 1534 4512 praesentis

238 4516 360 4579 temporis
374 4513 493 4564 detrahas
546 4517 580 4564 20
594 4513 652 4581 rius]
670 4515 695 4563 di
748 4515 781 4563 23
796 4515 905 4564 lecturus
921 4526 979 4562 sunt
996 4517 1117 4578 temporis
1132 4529 1158 4562 m
1174 4514 1244 4564 soleo
1258 4518 1344 4566 solens
1360 4516 1451 4567 solitus
1463 4521 1533 4568 soleo

238 4594 351 4649 tempore
368 4584 372 4648 Ι
389 4585 523 4649 praeterito
544 4586 648 4649 perlecti
670 4601 714 4634 uec
733 4585 798 4633 solui
818 4586 874 4634 iacit
895 4595 918 4632 et
939 4582 1023 4632 loturo
1046 4596 1159 4647 tempore
1178 4595 1245 4633 caret
1265 4601 1313 4633 uon
1333 4586 1393 4635 lucit
1411 4587 1534 4637 soh-ndns

238 4656 337 4704 orrmiu:
357 4657 390 4717 es,
409 4654 479 4717 iufra
492 4669 518 4716 p.
534 4657 576 4712 71,
590 4657 621 4705 21
676 4655 1032 4704 alcontunenorrestitteris
1087 4656 1120 4704 29
1134 4656 1202 4717 quod
1216 4665 1239 4702 et
1292 4656 1322 4706 31
1343 4657 1533 4708 uceedouttriu

239 4740 296 4788 pres
314 4728 434 4789 praelltur
449 4735 475 4774 nt
494 4726 591 4774 luctans
662 4725 695 4775 33
716 4725 784 4787 ‹rrtod
802 4736 827 4774 et
847 4725 975 4773 uomiuom
996 4736 1020 4772 m
1040 4741 1071 4773 ex
1092 4726 1227 4789 septimum
1247 4740 1322 4774 cnsns
1340 4742 1408 4777 corr.
1427 4743 1497 4777 -sum

305 4899 321 4946 2
341 4895 478 4963 Vergilius]
499 4898 563 4948 Aen.
584 4897 627 4945 Vll
646 4896 696 4947 ’289
767 4897 784 4944 d
802 4894 905 4962 deiude]
931 4899 1008 4961 Verp.
1022 4912 1111 4961 peorp.
1130 4897 1135 4943 Ι
1157 4897 1205 4946 iou
