3346 5498
656 454 659 459 ·
750 425 821 486 ARS
1368 424 1432 491 379

1238 545 1259 586 ρ.
1272 534 1330 576 socc.
1343 536 1369 576 sa
1383 533 1405 576 r.

143 612 357 681 Menaechmis,
386 613 501 671 ‘sorte
529 619 568 671 ut
596 613 748 672 multum
776 611 957 690 pluerat'.
1002 632 1036 674 ea
1064 631 1181 692 quoque
1204 631 1279 691 qnae
1303 613 1432 674 diximus

143 717 258 775 inimita
281 712 419 774 omnihus
441 712 628 792 temporibus
651 716 818 774 communia
840 721 924 783 sunt,
949 722 981 774 ut
1003 714 1130 775 obruere
1153 715 1325 775 incendere,

227 816 351 877 Numeri
380 814 480 875 verbis
508 815 647 875 accidunt
675 815 750 885 duo,
781 815 941 894 singularis
969 824 998 875 et
1025 817 1163 896 pluralis:
1197 817 1374 895 singularis,
1400 825 1533 891 ut384‚1

143 920 224 996 lego,
254 918 392 998 pluralis,
422 925 455 976 ut
481 916 617 993 legimus.
662 920 796 997 quamvis
822 918 943 997 quidam
973 919 1073 980 dicant
1108 927 1242 999 tempore
1269 921 1435 999 praeterito

117 1022 278 1100 aperlecto
301 1038 445 1100 personae
468 1021 575 1079 tertiae
599 1037 664 1080 esse
688 1019 803 1080 dualem
826 1038 998 1080 numerum:
1023 1029 1056 1081 ut
1078 1040 1147 1081 ecce
1170 1020 1298 1099 legimus
1319 1021 1434 1099 legistis

143 1123 280 1201 legerunt
302 1124 498 1201 praeteritum
520 1123 686 1200 perlectum
709 1129 754 1182 est
773 1125 890 1182 numeri
913 1122 1051 1202 pluralis;
1074 1123 1173 1201 legere
1196 1131 1294 1183 autem
1318 1123 1434 1184 dualem

144 1245 208 1286 esse
238 1226 356 1294 dicunt,
387 1232 418 1283 ut
444 1224 499 1283 hoc
527 1225 563 1282 de
591 1223 706 1284 duobus
733 1232 814 1283 recte
844 1224 904 1285 dici
931 1225 1082 1294 rideatur,
1112 1225 1249 1303 legerunt
1276 1234 1375 1286 autem
1398 1225 1433 1285 de

143 1326 291 1406 pluribus.
337 1326 388 1385 sed
411 1326 487 1386 hane
511 1326 711 1386 adsertionem
733 1344 804 1385 usus
826 1326 1005 1405 inprobavit.
1036 1329 1137 1407 itaque
1161 1346 1197 1388 ex
1220 1327 1434 1389 consuetudine

144 1429 287 1508 pluralem
311 1436 468 1507 utrumque
490 1428 627 1488 dicimus.
670 1437 677 1466 t

107 1549 131 1587 ro
230 1531 305 1590 Sunt
327 1530 416 1589 rerba
440 1531 580 1609 pleraque
602 1547 658 1608 per
679 1543 820 1590 numeros
837 1526 844 1613 1
863 1530 1022 1599 delectira,
1046 1539 1079 1591 ut
1101 1539 1147 1591 est
1174 1533 1241 1592 lano
1262 1532 1343 1592 infit:
1377 1551 1435 1591 non

146 1636 225 1693 enim
260 1632 296 1691 ad
328 1631 528 1711 pluralitatem
555 1638 724 1701 transeunt,
759 1640 791 1693 ut
818 1634 929 1693 iaciant
954 1633 1082 1693 laximns
1110 1641 1161 1693 aut
1188 1633 1290 1693 inlitis.
1335 1641 1435 1693 utrum

146 1744 244 1795 autern
267 1736 398 1793 vicissim
421 1735 481 1793 sint
507 1732 632 1812 pluralia
655 1741 769 1793 tantum
792 1732 898 1804 verba,
922 1753 998 1814 quae
1021 1737 1052 1794 in
1076 1735 1257 1811 singularem
1279 1753 1436 1796 numerum

146 1856 211 1897 non·
228 1843 395 1903 transeant,
418 1835 548 1895 nondum
570 1839 701 1916 repperi.

231 1939 358 2015 Figurae
382 1935 540 1998 verborum
564 1946 633 1998 sunt
655 1939 745 2007 duae,
775 1939 899 2017 simplex
927 1945 957 1998 et
984 1940 1146 2018 conposita.
1191 1947 1241 2000 aut
1263 1942 1343 2000 enim
1366 1941 1465 2000 sim-3

110 2059 134 2098 15
147 2041 235 2121 plicia
264 2048 332 2100 sunt
360 2038 463 2109 rerba,
493 2048 527 2099 ut
555 2038 667 2110 scribo,
697 2047 747 2099 aut
774 2042 942 2118 conposita,
974 2049 1007 2100 ut
1034 2040 1182 2101 describo.
1228 2049 1435 2121 conponuntur

147 2150 244 2203 autem
267 2141 357 2202 rerba
380 2141 476 2201 modis
498 2148 654 2220 quattuor,
678 2149 711 2202 ut
733 2149 849 2201 ceterae
872 2149 973 2220 partes
1004 2145 1163 2203 orationis:
1193 2161 1230 2203 ex
1253 2142 1369 2205 duobus
1391 2146 1436 2203 in·

147 2247 255 2322 tegris,
279 2251 312 2303 ut
335 2242 505 2321 proscribo;
529 2262 564 2302 ex
588 2243 704 2304 duobus
726 2245 888 2323 corruptis,
913 2251 945 2304 ut
967 2246 1098 2316 sullieio;
1121 2263 1157 2304 er
1180 2247 1298 2323 integro
1320 2255 1350 2305 et
1371 2264 1436 2305 cor·

147 2354 251 2425 rupto,
275 2353 308 2404 nt
330 2346 447 2414 reficio;
471 2362 506 2404 ex
529 2354 669 2424 corrupto
692 2354 723 2406 et
744 2348 876 2424 integro,
901 2353 932 2405 ut
956 2347 1075 2406 suliero.
1115 2359 1324 2426 conponuntur
1347 2349 1437 2407 etiam

148 2446 358 2527 expluribus,
388 2454 421 2505 ut
446 2465 625 2526 reconpono.
669 2448 742 2508 illud
766 2455 865 2509 autem
892 2450 923 2508 in
947 2447 1070 2508 dubium
1093 2467 1150 2508 non
1174 2450 1267 2519 venit,
1296 2450 1437 2529 pleraque

111 2549 238 2609 aovcrlta
263 2568 321 2608 non
350 2566 436 2627 posse
459 2552 601 2628 conponi,
630 2556 664 2609 ut
690 2552 738 2609 aio
765 2569 891 2630 quaeso,
927 2558 956 2609 et
982 2550 1125 2630 pleraque
1153 2569 1257 2612 rursus
1284 2553 1437 2630 conposita

149 2651 296 2731 simplicia
326 2652 390 2710 lieri
419 2670 478 2711 non
506 2670 608 2731 posse,
638 2670 672 2711 ea
695 2653 824 2723 scilicet,
848 2670 924 2732 quae
947 2659 998 2711 aut
1019 2671 1055 2712 ex
1079 2650 1193 2713 duobus
1215 2655 1365 2731 corruptis
1387 2658 1438 2711 aut

148 2760 228 2813 certe
252 2772 287 2812 ex
311 2756 475 2832 posteriore
498 2762 639 2833 corrupto
661 2763 883 2834 conponuntur,
908 2761 940 2813 ut
962 2755 1077 2813 sullicio
1100 2755 1212 2814 reticio.

233 2855 370 2934 Plerique
399 2856 540 2916 adserunt
566 2874 631 2916 esse
659 2855 749 2917 verba
776 2875 830 2935 per
852 2857 962 2933 figuras
984 2855 1143 2924 defectiva,
1169 2862 1200 2914 ut
1220 2853 1340 2933 impleo.
1386 2854 1437 2914 sed

148 2959 204 3018 hoc
227 2957 388 3018 absurdum
404 2957 534 3027 ridetur,
559 2977 624 3018 cum
641 2977 728 3018 omne
748 2957 886 3028 verbum,
911 2960 935 3017 si
965 2958 1092 3036 conponi
1116 2974 1173 3016 non
1196 2959 1306 3035 possit,
1330 2954 1439 3015 lrabeat

111 3062 272 3138 ssfiguram
295 3059 475 3138 simplicem;
505 3062 528 3119 si
557 3078 627 3119 vero
656 3062 842 3139 conpositum
871 3061 925 3128 sit,
954 3057 1062 3118 habeat
1089 3058 1214 3136 figuram
1243 3059 1438 3136 conpositam,

150 3179 246 3241 neque
270 3163 309 3220 sit
331 3162 437 3232 ullum,
461 3162 538 3241 quod
562 3181 619 3222 non
643 3170 694 3222 ant
715 3162 840 3240 simplex
862 3169 913 3220 aut
940 3163 1126 3239 conpositum
1154 3159 1214 3219 dici
1245 3177 1367 3219 necesse
1390 3160 1437 3227 sit,

151 3266 209 3324 nisi
231 3265 306 3323 lorte
330 3283 396 3324 curn
420 3264 542 3324 alterius
564 3266 658 3343 partis
680 3266 845 3343 conpositio
866 3262 911 3322 vel
932 3265 1049 3339 integra
1071 3261 1117 3321 sel
1132 3270 1272 3340 corrupta
1288 3268 1438 3340 appareat,

151 3367 277 3427 alterius
299 3368 420 3425 omnino
442 3385 501 3425 non
525 3375 619 3435 extet,
643 3373 676 3425 ut
699 3374 744 3425 est
765 3366 821 3425 hoc
844 3367 941 3444 ipsum
965 3363 1073 3443 impleo
1096 3371 1147 3423 aut
1169 3366 1292 3442 impero.

236 3468 382 3527 Personae
411 3467 510 3526 verbis
539 3468 692 3527 accidunt:
722 3486 825 3527 earum
852 3469 1011 3526 varietates
1039 3473 1107 3525 sunt
1135 3474 1211 3535 tres,
1239 3485 1314 3545 quae
1336 3467 1442 3543 liguris
1454 3480 1486 3530 18

112 3591 137 3630 ao
151 3569 310 3630 verborum
334 3570 567 3646 distinguuntur.
596 3572 693 3649 prima
717 3576 763 3629 est
784 3587 859 3648 qnae
882 3568 968 3637 dicit,
993 3568 1073 3644 lego,
1097 3566 1225 3628 secunda
1248 3569 1296 3627 cui
1319 3567 1439 3637 dicitur,

151 3673 240 3750 legis,
265 3675 351 3731 tertia
375 3672 411 3731 de
434 3691 491 3750 qua
515 3672 639 3739 dicitur,
662 3671 749 3748 legit;
773 3689 848 3750 quae
865 3670 1022 3730 distantiae
1046 3669 1152 3748 plurali
1176 3687 1292 3748 quoque
1316 3686 1441 3729 numero

152 3784 318 3835 serrantur.
364 3793 431 3833 nam
460 3776 556 3852 prima
585 3792 711 3853 persona
735 3782 794 3843 est,
819 3792 886 3833 cum
909 3773 1020 3832 dicitur
1042 3770 1183 3849 legimuS,
1207 3770 1350 3840 secunda,
1373 3790 1441 3831 eum

152 3877 263 3936 dicitur
286 3875 400 3952 legitis,
425 3879 530 3944 tertia,
555 3895 621 3935 curn
645 3876 756 3936 dicitnr
777 3876 890 3954 legunt.
921 3880 990 3933 sunt
1011 3873 1155 3952 quaedam
1171 3872 1261 3933 rerba
1283 3891 1360 3952 qnae
1383 3891 1441 3934 non

151 3998 206 4058 per
228 3997 331 4037 omnes
353 3996 495 4056 personas
517 3980 596 4038 llecti
619 3985 760 4057 possunt,
785 3995 878 4057 eaque
895 3977 940 4037 vel
954 3979 1081 4056 primam
1104 3993 1261 4054 personam
1282 3975 1442 4035 indicativo

115 4101 140 4138 aa
155 4080 241 4140 modo
264 4081 363 4138 statim
387 4099 444 4138 rron
468 4079 593 4149 habent,
617 4087 650 4139 ut
671 4066 752 4150 inllt;
776 4080 831 4149 rel,
855 4082 879 4139 si
903 4081 1030 4158 primam
1052 4077 1164 4138 habent
1186 4077 1320 4139 sollemni
1343 4077 1443 4137 littera

224 4354 236 4403 l
257 4349 294 4417 ut]
316 4362 340 4400 et
356 4352 389 4401 M
457 4367 486 4401 ea
505 4366 605 4415 quoque
624 4351 720 4400 infinita
740 4367 805 4415 quae
824 4351 936 4402 diximus
955 4350 979 4399 B
997 4365 1083 4399 eorum
1104 4366 1153 4413 que
1174 4351 1270 4399 inlinits
1288 4350 1400 4399 diximus
1418 4348 1442 4397 L

154 4438 184 4472 ea
201 4438 301 4484 quoque
326 4438 389 4484 quae
408 4422 522 4471 diximus
544 4421 669 4470 infinitiuo
686 4422 719 4470 M
786 4422 979 4485 ’ztcmporibus
997 4435 1042 4470 om.
1060 4419 1118 4471 BL
1186 4420 1393 4471 8esserti0ncm
1412 4419 1445 4467 M

153 4491 351 4542 rationemBL
424 4493 456 4541 13
477 4490 742 4542 nontranseuntBL
813 4489 1082 4542 15discriboBML
1154 4489 1244 4541 161111
1265 4485 1397 4538 modisM

155 4562 187 4612 18
207 4572 392 4626 componuntur
411 4573 494 4610 autem
514 4576 546 4609 ccx
564 4563 680 4627 pluribus
696 4561 722 4610 B
735 4571 911 4625 conponuntur
928 4570 1012 4609 sutem
1025 4576 1058 4610 ex
1073 4561 1236 4625 conpluribus
1249 4561 1274 4609 L
1288 4571 1445 4621 componun·

154 4644 193 4680 tur
208 4648 240 4681 ex
260 4633 373 4695 pluribus
393 4632 424 4680 M
493 4633 525 4682 21
546 4645 596 4681 non
616 4647 691 4695 posse
707 4639 731 4680 et
748 4645 778 4679 es
792 4630 818 4679 B
836 4630 905 4678 nullo
924 4630 1000 4679 modo
1019 4646 1096 4696 posse
1115 4640 1139 4681 et
1157 4647 1187 4680 ea
1203 4629 1264 4679 ML
1281 4628 1350 4676 nullo
1368 4626 1443 4677 modo

155 4719 230 4767 posse
249 4717 279 4750 ea
292 4700 431 4751 Siclardns
518 4717 550 4751 ex
568 4702 668 4750 duabus
684 4701 808 4766 corruptis
826 4699 882 4748 BL
901 4715 933 4749 ex
950 4699 1050 4751 duobus
1067 4716 1137 4753 corr.
1157 4715 1189 4749 cx
1207 4699 1306 4747 durabus
1326 4698 1360 4747 M

153 4774 187 4820 22
206 4782 322 4836 corrupta
340 4771 401 4819 1111
419 4783 533 4836 correpta
551 4772 575 4819 L
645 4771 730 4821 reflcio
749 4784 878 4833 superscr.
899 4774 933 4820 at.
949 4787 1015 4824 mea.
1036 4770 1086 4820 nisi
1103 4770 1207 4819 redeant
1223 4769 1256 4816 sd
1274 4769 1442 4834 integritatem

155 4841 179 4890 B
249 4843 282 4891 ao
302 4857 382 4903 neque
401 4846 434 4890 sit
450 4842 527 4891 ullum
551 4841 618 4905 quod
635 4842 674 4890 uel
695 4857 740 4891 uec
760 4855 809 4890 non
827 4850 870 4889 sut
888 4840 914 4888 B
933 4855 1015 4903 neque
1034 4841 1067 4889 sit
1085 4840 1163 4890 ullum
1183 4839 1300 4902 (uerbum
1319 4839 1380 4891 add.
1401 4837 1444 4899 M)

155 4911 221 4975 quod
242 4927 286 4959 trec
303 4919 346 4958 aut
363 4911 393 4959 M
401 4912 423 4959 L

1174 4990 1241 5055 aa*
