3346 5498
664 338 900 402 tottMEh'Tvtt
1382 343 1421 405 sl

136 532 262 586 secutus
286 543 372 602 sum,
395 523 586 608 praesertim
609 545 683 589 eum
705 547 771 588 non
793 524 930 590 multum
952 526 1031 591 novi
1052 549 1095 591 ex
1108 525 1164 590 illo
1180 528 1360 592 accederet.
1388 528 1423 592 in

134 623 279 690 Parisino
302 623 415 690 codice
431 624 487 709 (P)
503 623 584 688 haec
606 647 682 710 pars
704 649 768 691 non
790 627 920 712 integra
926 677 935 709 ,
952 628 1010 692 sed
1025 627 1098 692 aliis
1121 629 1249 694 omissis
1265 629 1337 694 aliis
1353 653 1421 694 mu-

133 725 206 790 tatis
228 726 351 810 legitur
372 724 397 788 1.
418 726 478 790 51*
501 731 538 789 dc
565 732 748 791 barbarismo
769 734 843 808 quid
863 744 905 794 εει
926 735 1128 794 herberismus
1148 767 1189 776 —
1212 729 1236 795 1.
1259 731 1300 794 62
1328 753 1347 795 e
1369 754 1422 796 re-

133 831 182 890 lus
200 832 339 907 paribus.
378 849 420 891 ex
447 827 510 894 hoc
537 851 658 915 pauca,
687 852 770 914 quae
798 830 934 896 alieuius
958 832 1112 895 momenti
1133 853 1204 896 csse
1227 832 1422 897 videbantur

132 929 170 993 ad
191 929 387 1016 scripturam
410 928 655 1012 stabiliendam,
679 931 847 1019 adscripta
869 941 952 999 sunt.
983 955 1061 1018 ergo
1077 933 1118 998 de
1133 931 1184 996 his
1198 933 1292 998 libris
1315 935 1420 1000 tribus

130 1032 167 1095 iis
196 1042 327 1096 tanturn
349 1029 428 1096 locis
457 1042 606 1096 constare
635 1032 726 1112 volo,
754 1035 812 1098 ubi
833 1035 913 1120 quid
935 1035 1031 1099 iniis
1055 1035 1213 1121 scriptum
1234 1037 1277 1100 sit
1298 1035 1419 1100 indica-

130 1143 193 1197 tum
216 1143 278 1199 est.

209 1232 367 1320 Reliquos
390 1236 538 1321 Pompeii
558 1235 697 1317 codices,
721 1260 801 1323 quos
825 1238 956 1323 quidem
979 1237 1049 1304 vidi
1072 1251 1129 1304 aut
1151 1237 1224 1304 aliis
1246 1239 1419 1325 inspicien-

130 1336 214 1401 tibus
236 1336 394 1421 cognovi,
417 1336 562 1402 breviter
584 1337 746 1405 indicabo.
791 1351 867 1405 sunt
889 1349 998 1404 autem
1019 1340 1064 1404 hi.
1108 1339 1213 1405 codex
1235 1340 1418 1427 Montepcs·

130 1437 260 1503 solanus
285 1460 371 1502 saec.
394 1437 437 1519 X,
460 1439 485 1502 1.
512 1440 528 1501 1
557 1444 595 1504 de
621 1445 730 1504 littere.
767 1462 839 1520 erpo
866 1448 1006 1519 quonium
1033 1446 1205 1518 benefecit
1230 1447 1356 1506 donatus
1376 1479 1419 1488 —

129 1539 150 1604 1.
164 1539 207 1602 22
228 1543 281 1603 udi
298 1561 354 1620 pes
372 1547 448 1615 finit.
471 1548 596 1619 explicit
611 1549 768 1622 pompeius
786 1551 1001 1621 prdmmeticus
1024 1545 1070 1632 (p.
1086 1544 1216 1627 8-82).
1250 1544 1275 1608 1.
1290 1543 1417 1608 22-34

128 1641 347 1726 fragmentum
374 1641 454 1705 artis
476 1641 647 1728 Eutychii‚
671 1644 711 1708 de
734 1645 984 1731 orthographia,
1012 1646 1260 1711 commentarius
1282 1646 1317 1710 in
1339 1645 1418 1710 Ver-

127 1741 194 1827 gilii
219 1741 380 1810 bucolica.
412 1741 435 1805 f.
458 1744 500 1808 35
522 1750 628 1825 incipit
644 1753 801 1826 pompeius
821 1755 973 1826 expositor
993 1755 1168 1827 repuleram
1190 1753 1294 1812 donati
1311 1767 1419 1825 prum-

127 1851 235 1908 metici.
281 1855 473 1908 commentum
500 1853 575 1910 artis
606 1852 718 1911 donati.
756 1856 985 1929 uniuscuiusque
1019 1855 1067 1914 rei
1096 1856 1237 1914 scientiae
1264 1887 1305 1896 —
1332 1847 1354 1917 1.
1377 1849 1418 1914 36

127 1968 219 2026 quere
240 1953 306 2026 ipso
327 1952 433 2010 ordine
448 1953 550 2027 posite
571 1960 640 2012 sunt
660 1954 694 2012 id
713 1962 757 2014 est
776 1963 806 2015 et
825 1959 970 2016 renonem
992 1958 1106 2016 ordinis
1128 1954 1174 2040 (p.
1198 1951 1305 2036 3-8)
1329 1951 1353 2014 1.
1376 1951 1418 2016 36

126 2056 227 2130 incipit
248 2059 394 2113 tractatus
411 2057 554 2129 pempepi
570 2057 736 2128 prometiri
756 2058 794 2116 de
815 2061 939 2118 nomine.
965 2067 1071 2134 portes
1092 2061 1236 2117 orationis
1257 2089 1298 2099 —
1320 2060 1418 2116 stetim

127 2164 155 2215 ut
176 2153 290 2215 ruderit
310 2156 424 2228 oblique
446 2156 555 2214 dicium
578 2152 625 2237 (p.
649 2152 833 2237 82—476).
871 2156 975 2220 codex
998 2154 1221 2242 Sangallensis
1245 2155 1307 2219 876
1331 2177 1415 2219 saec.
1502 2204 1508 2221 .

127 2253 167 2334 X,
183 2275 216 2340 p.
232 2251 296 2317 398
319 2259 423 2330 incipit
441 2265 586 2317 tractatus
606 2263 730 2334 pompei
749 2263 780 2319 in
802 2278 859 2334 quo
881 2262 985 2322 donati
1005 2269 1099 2322 ortem
1120 2264 1245 2334 mirifice
1265 2277 1418 2321 cemmen-

125 2368 200 2420 tatus
228 2369 281 2418 εει.
321 2359 448 2419 donatus
474 2362 596 2435 scripsit
621 2368 715 2420 artem
745 2362 894 2438 duplicem
922 2364 1019 2424 idest
1053 2363 1133 2423 VIII
1146 2370 1252 2438 partes
1273 2365 1417 2422 orationis·

121 2464 219 2535 primo
241 2462 362 2535 scripsit
387 2493 428 2503 —
457 2461 537 2534 qued
558 2464 632 2520 ortis
657 2468 829 2540 praeceptis
849 2467 941 2525 multe
964 2474 1070 2526 ιεηεει.
1108 2466 1183 2541 quid
1202 2467 1241 2525 sit
1258 2482 1417 2539 premine-

124 2566 198 2624 ticde
218 2565 295 2623 artis
311 2564 506 2638 principium.
544 2566 631 2623 multi
650 2565 754 2624 dicunt
774 2567 812 2626 ol
832 2576 898 2625 orte
919 2600 960 2609 —
983 2586 1015 2650 p.
1037 2563 1101 2628 510
1127 2569 1257 2628 areius
1278 2568 1415 2643 parilia.

124 2668 230 2740 explic.
249 2667 405 2740 pompepii
425 2665 463 2723 de
484 2667 577 2740 tropis
600 2661 646 2747 (p.
669 2663 800 2728 3-82.
825 2665 1076 2730 417—480ed.
1099 2664 1224 2751 Lind.).
1258 2667 1417 2729 Tractatus

123 2769 271 2842 pompeqii
290 2767 328 2827 de
350 2766 513 2825 maioribus
530 2768 669 2841 partilem
691 2784 735 2827 or.
760 2777 867 2845 partes
887 2774 1032 2831 orationis
1053 2805 1095 2814 —
1116 2789 1147 2853 p.
1164 2766 1227 2831 526
1249 2773 1416 2830 terminun—

125 2878 169 2929 tur
190 2870 278 2944 apud
295 2884 401 2943 preces
423 2876 482 2927 tole
501 2885 596 2942 preco
616 2876 685 2928 sunt
708 2870 858 2944 feminine
878 2877 955 2933 enim
977 2883 1046 2934 sunt
1071 2880 1100 2933 ει
1127 2880 1233 2933 nostre
1255 2868 1303 2955 (p.
1327 2868 1416 2932 82-

127 2967 210 3052 110).
242 2963 538 3030 codex'Parisinus
562 2966 643 3030 1491
668 2989 754 3032 saec.
778 2968 826 3050 X,
850 2968 927 3034 olim
950 2968 1079 3035 Claudii
1101 2970 1250 3050 Putcani,
1274 2970 1298 3032 1.
1324 2972 1340 3034 1
1364 2978 1416 3034 in-

124 3075 193 3148 cipit
217 3075 370 3147 prolopus.
407 3073 535 3132 donatus
555 3075 675 3148 scripsit
696 3083 790 3134 ortem
813 3076 961 3150 duplicem
981 3110 1024 3120 -
1045 3093 1097 3135 ers
1118 3085 1161 3136 εει
1187 3077 1417 3149 ιιηιιιεεειιιεᾳιιε

124 3177 168 3233 rei
187 3176 323 3234 scientie.
354 3176 458 3249 incipit
479 3182 626 3235 tractatus
645 3180 778 3252 pompeii
795 3181 988 3251 prommntici
1007 3195 1065 3252 pico
1087 3179 1191 3237 donati
1211 3185 1306 3236 artem
1328 3180 1415 3235 miri-

122 3280 175 3347 fice
196 3282 407 3336 commentatus
428 3283 525 3337 estet
547 3273 687 3338 duarum
710 3275 905 3361 paginarum
926 3275 1034 3362 spatio
1062 3275 1176 3340 relicto
1199 3275 1223 3338 f.
1245 3275 1290 3337 2*
1312 3281 1416 3354 incipit

124 3396 173 3439 ars
192 3382 315 3453 pompei
331 3382 525 3455 prommdtici
551 3379 589 3438 de
607 3383 808 3453 prdmmeticn
830 3391 902 3441 erte.
934 3382 1066 3441 discimus
1086 3397 1158 3454 erpo
1179 3384 1321 3454 quoniam
1343 3382 1415 3441 berre

121 3482 194 3552 fecit
215 3482 344 3540 donatus
359 3486 421 3540 etc.
438 3480 484 3562 (p.
502 3476 521 3539 8
538 3499 607 3564 sqq.
624 3478 674 3542 cd.
690 3478 802 3566 Lind.)
826 3479 850 3543 1.
868 3479 906 3542 18
930 3485 1035 3557 incipit
1054 3483 1145 3542 editio
1167 3483 1205 3541 de
1227 3493 1292 3541 crte
1305 3500 1413 3561 prem-

124 3587 230 3642 melico
247 3586 381 3658 pompei.
412 3585 450 3642 de
466 3584 607 3660 pertibus
629 3587 783 3645 orationis.
812 3597 915 3660 peries
929 3587 1073 3645 cretionis
1093 3592 1162 3645 sunt
1184 3583 1265 3644 VIII
1280 3618 1314 3627 —
1332 3581 1357 3644 1.
1373 3581 1414 3645 82

124 3686 154 3742 id
178 3693 221 3744 est
246 3688 274 3744 si
298 3687 348 3745 iile
373 3686 492 3744 miliare
516 3684 617 3756 fretus
642 3703 696 3759 epo
719 3689 829 3762 pietate
857 3685 901 3771 (p.
925 3683 965 3747 82
988 3707 1058 3771 sqq.
1082 3682 1133 3746 ed.
1155 3681 1280 3767 Lind.).
1308 3684 1413 3748 codex

124 3782 330 3847 Florentinus
359 3805 402 3847 cx
423 3782 456 3847 S.
479 3782 582 3847 Marci
604 3783 805 3850 bibliotheca
832 3785 866 3849 in
887 3785 1142 3850 Laurentianam
1170 3784 1349 3850 translatus
1371 3788 1413 3851 38

124 3907 204 3950 saec.
228 3884 291 3965 XI,
315 3892 345 3948 in
368 3891 484 3948 nomine
505 3891 556 3950 dei
574 3894 682 3950 summi
701 3893 806 3966 incr'pit
824 3894 912 3951 etium
935 3899 1047 3952 trctere
1069 3893 1107 3951 de
1125 3891 1263 3966 pertidus
1284 3897 1413 3952 maiori—

124 3991 179 4050 Ims.
219 3995 447 4066 uniuscuiusque
470 3995 517 4051 rei
543 3996 678 4067 queritur
704 4027 738 4034 —
763 3996 816 4067 qui
838 4003 933 4068 potest
966 3995 1082 4053 tardior
1108 4011 1172 4052 csse
1199 3995 1343 4054 testudine
1366 3994 1411 4078 (p.

123 4089 288 4175 3-476).
325 4090 421 4153 huius
451 4091 603 4155 notitiam
632 4089 736 4156 debeo
758 4089 969 4173 Detlefseno,
999 4093 1054 4178 qui
1078 4113 1152 4155 cum
1174 4092 1261 4156 inter
1282 4093 1412 4158 codices

123 4213 162 4256 ex
175 4190 346 4256 Marciana
368 4190 568 4256 bibliotheca
589 4193 624 4255 in
637 4192 892 4258 Laurentianam
913 4191 1091 4259 translatos
1114 4192 1240 4258 invenit
1262 4204 1295 4258 ct
1317 4217 1413 4280 quae-

77 4364 84 4389 ·
123 4291 194 4357 dam
219 4293 297 4358 inde
320 4306 473 4379 excerpta
495 4315 622 4357 mecum
644 4296 906 4360 communicavit.
939 4297 1045 4361 codex
1066 4295 1304 4359 Laurentianus
1324 4296 1411 4377 41,8

122 4385 311 4461 chartaceus
335 4418 420 4460 saec.
444 4395 521 4477 XV,
548 4404 641 4460 oratio
668 4403 781 4461 dicitur
801 4404 947 4476 eloquutio
967 4435 1008 4446 -
1031 4403 1131 4460 aliene
1152 4403 1230 4460 enim
1247 4418 1347 4476 poena
1369 4403 1414 4460 ilii

122 4505 201 4560 nulla
223 4504 293 4561 tulis
314 4506 372 4561 erit
392 4500 438 4586 (p.
455 4499 611 4584 4-479):
636 4498 677 4562 cs.
695 4499 838 4563 Bandini
859 4499 931 4563 cod.
946 4498 1003 4563 lat.
1027 4498 1107 4563 bibl.
1123 4498 1223 4563 Laur.
1240 4498 1274 4561 H
1289 4521 1321 4582 p.
1336 4498 1410 4561 393.

121 4600 224 4664 codex
239 4597 410 4663 Palatinus
430 4600 510 4666 1756
526 4600 716 4665 chartaceus
733 4622 761 4664 a.
779 4601 861 4664 1464
880 4601 1031 4687 scriptus,
1046 4608 1150 4680 incipit
1165 4611 1309 4663 tractatus
1319 4619 1408 4677 pom-

117 4709 177 4780 peii
196 4724 290 4780 super
308 4713 414 4780 partes
429 4708 529 4766 clerinti
547 4708 740 4780 prommotici
760 4708 842 4766 arrhis
856 4723 945 4766 rome.
977 4710 1205 4781 uniuscuiusque
1221 4740 1260 4746 —
1270 4706 1408 4791 paribus.

122 4804 221 4868 codex
244 4803 484 4888 Neapolitanus
507 4804 725 4870 bibliothecae
748 4804 858 4890 regiae
880 4805 929 4869 IV
952 4806 981 4870 A
1004 4805 1046 4869 34
1068 4826 1152 4868 saec.
1177 4802 1227 4866 XI
1249 4802 1301 4865 vel
1324 4802 1415 4887 XlIr
