3346 5498
589 412 638 473 DE
662 413 807 475 NOMINE
830 416 965 479 32-44
1359 410 1422 475 563

186 559 196 580 ⁶
1238 519 1397 573 smne

223 593 330 664 Quarta
353 597 511 658 declinatio
533 603 613 659 omni
636 602 722 661 modo
751 604 849 664 addita
873 623 921 664 um
945 602 1071 663 ablativo
1093 602 1235 678 singulari
1260 602 1350 660 lacict
1371 614 1421 677 ge·

139 698 262 757 nitivnm
291 698 451 777 pluralem,
480 709 512 761 ut
541 720 632 762 curru
660 723 817 775 curruum,
848 724 936 765 manu
964 723 1112 763 manuum.
1157 705 1209 782 qui
1232 703 1346 781 etipse
1370 701 1421 762 ali·

139 800 274 877 quotiens
298 802 326 859 in
350 804 480 862 carmine
504 800 680 885 συγκοπήν
702 810 827 886 patitur,
857 815 890 868 ut
918 815 963 865 est
984 805 1064 866 ‘ille
1094 824 1234 865 manum
1257 805 1422 884 patiens’

140 919 193 979 pro
226 921 379 971 mannum,
414 911 443 963 et
477 904 547 965 illud
581 909 690 986 ‘quae
720 912 844 986 gratia
878 925 1023 968 currum
1057 925 1317 984 armorumque
1352 906 1424 964 tuit

114 1007 252 1064 avivis’
277 1022 330 1083 pro
353 1024 494 1066 curruum
517 1009 580 1067 sine
604 1008 709 1078 dubio,
734 1013 803 1089 quia
825 1013 953 1071 insertur
976 1014 1252 1087 ‘armorumque
1275 1007 1375 1066 luit'.

223 1105 330 1176 Quinta
354 1107 511 1168 declinatio
540 1118 569 1169 et
595 1113 660 1189 ‚ipsa
688 1112 788 1172 addita
811 1130 877 1171 rum
899 1111 1025 1171 ablativo
1048 1111 1189 1186 singulari
1212 1127 1312 1168 casnm
1335 1109 1424 1167 faciet

139 1226 226 1285 saepe
256 1207 382 1276 dictum,
413 1217 444 1269 ut
471 1210 507 1269 ab
535 1211 589 1273 hac
617 1231 649 1272 re
677 1213 781 1274 harum
811 1232 928 1283 rerum,
956 1213 993 1273 ab
1023 1212 1076 1272 hac
1103 1213 1166 1271 acie
1194 1212 1341 1279 acierunr;
1365 1211 1422 1268 nisi

139 1310 216 1389 ‹prrod
246 1311 395 1392 interdum
423 1312 499 1390 apud
529 1316 665 1392 antiquos
693 1318 724 1375 in
752 1316 798 1375 bis
821 1333 895 1394 quae
918 1334 950 1375 es
973 1313 1106 1374 ultimam
1129 1313 1300 1372 nominativi
1323 1313 1423 1387 singu-

139 1410 210 1471 laris
238 1431 341 1490 liuram
372 1413 530 1474 habuerint
558 1416 692 1477 rlittera
717 1416 843 1477 ablativo
871 1416 987 1476 additae
1017 1414 1146 1494 syllabae
1174 1412 1364 1481 subducitur,
1394 1420 1425 1471 et

102 1514 210 1572 1⁰tacit
237 1516 400 1589 genitivum
427 1515 571 1594 pluralem
600 1537 652 1596 per
680 1537 748 1579 eum
776 1517 917 1598 syllabas
942 1524 974 1578 ut
996 1519 1146 1596 specieum
1168 1534 1223 1594 pro
1245 1517 1422 1595 specierum,

140 1616 267 1674 lacteum
291 1634 345 1693 pro
367 1617 527 1686 lacierun13
551 1619 603 1679 sed
627 1621 713 1680 modo
735 1639 793 1680 non
818 1622 929 1680 utimur
951 1618 1006 1679 hac
1029 1619 1241 1678 enuntiatione.

223 1715 297 1776 Item
327 1720 430 1778 tertiae
458 1728 579 1798 quartae
608 1723 727 1799 quintae
757 1721 985 1782 declinationum
1008 1720 1122 1780 dativus
1144 1717 1266 1797 pluralis
1289 1717 1344 1777 bus
1367 1717 1423 1796 spl-

140 1817 205 1878 laba
230 1821 418 1889 terminatur,
442 1821 493 1880 sed
517 1824 547 1881 in
571 1825 657 1882 tertia
680 1833 709 1883 et
731 1832 835 1902 quarta
859 1825 868 1882 i
891 1823 990 1882 littera
1006 1821 1213 1890 antecedente,
1237 1826 1270 1879 ut
1290 1817 1425 1897 patribus

140 1920 310 1980 hominibus
332 1921 449 1999 legibus
472 1922 597 1983 urbibus
620 1924 807 2003 praetoribus
823 1923 961 1985 lluctibus
983 1922 1123 1982 curribus
1144 1919 1281 1981 manibus
1303 1921 1424 1998 portici·

102 2028 127 2075 ιδ
141 2022 195 2082 bns
218 2021 352 2092 casibus;
376 2032 496 2103 praeter
518 2044 610 2104 pauca
634 2029 789 2105 utriusque
813 2023 934 2105 [tertiae
957 2022 1094 2102 quartae]
1118 2008 1333 2090 declinationis,
1350 2040 1425 2100 quae
1460 2051 1463 2057 ·

140 2124 327 2184 discretionis
355 2143 441 2186 causa
472 2127 515 2187 vel
544 2127 701 2187 archaismi
724 2130 733 2186 i
760 2128 889 2188 litteram
913 2129 943 2187 in
972 2145 991 2185 u
1013 2132 1203 2193 convertunt,
1227 2131 1259 2183 ut
1281 2122 1426 2202 partubus

140 2225 268 2285 arcubus
296 2227 428 2287 artubus.
475 2205 542 2288 nam
569 2237 670 2308 partes
698 2228 848 2308 partibus,
873 2235 975 2308 partus
998 2246 1067 2287 vcro
1090 2225 1249 2305 partubus;
1273 2244 1358 2284 arces
1379 2244 1425 2284 ar·

140 2327 241 2396 eilurs,
276 2348 363 2388 arcus
394 2349 464 2388 vero
497 2330 641 2399 arcubus:
675 2338 754 2391 artes
788 2329 917 2399 artibus,
947 2337 1030 2389 artus
1057 2347 1126 2387 vero
1153 2327 1277 2388 artubus
1305 2329 1425 2388 facient.

142 2432 211 2488 item
245 2430 291 2510 τῷ
319 2423 490 2512 ἀρχαισμῷ
524 2433 604 2492 lacus
632 2432 764 2493 lacubus.
814 2434 885 2493 item
918 2433 948 2491 in
983 2433 1071 2490 tertia
1106 2430 1304 2489 declinatione
1338 2427 1447 2487 boves·

102 2537 127 2574 ²⁰
143 2531 230 2591 boum
254 2531 360 2592 bulms.
407 2536 477 2593 item
500 2542 530 2593 et
551 2555 626 2615 aptiae
650 2555 745 2614 neque
769 2537 778 2594 i
802 2553 897 2614 neque
921 2552 948 2602 u,
973 2532 1024 2592 sed
1041 2551 1058 2589 o
1073 2533 1268 2610 praemittunt
1290 2529 1346 2589 bus
1368 2529 1426 2608 syl·
1451 2606 1454 2612 Ι

141 2633 240 2701 labae,
271 2642 302 2694 ut
330 2635 389 2695 dno
418 2636 547 2705 duobus,
578 2637 664 2697 ambo
687 2634 844 2705 ambobus,
874 2654 948 2714 quae
971 2644 1070 2695 tamen
1094 2642 1123 2693 et
1146 2631 1279 2694 anomala
1302 2640 1372 2691 sunt
1394 2649 1427 2689 ac

141 2735 200 2795 sola
228 2739 430 2814 reperiuntur.
475 2740 504 2798 in
532 2741 635 2818 quinta
664 2757 732 2798 vero
760 2738 956 2798 declinatione
987 2755 1003 2794 e
1032 2735 1175 2814 producta
1204 2752 1323 2812 semper
1346 2739 1426 2792 ante·

142 2838 278 2905 cedente,
303 2847 334 2898 ιιι
356 2839 447 2900 rebus
470 2841 579 2919 spebus
601 2839 707 2900 (liebus
729 2838 860 2899 aciebus.
885 2833 890 2918 1

331 3005 465 3046 Extollunt
488 3005 724 3046 buettuattbouvat
742 3002 875 3044 NthlNVbl
894 3001 945 3043 ΡΕΙι
967 3000 1108 3041 §litoreas
1128 2999 1243 3041 FORMAS

104 3132 129 3168 ιι
227 3111 435 3172 becliuationis
464 3114 577 3189 primae
605 3113 724 3187 generis
751 3109 905 3169 masculini
935 3107 983 3166 hic
1012 3114 1097 3184 poeta
1121 3106 1208 3166 liuius
1231 3114 1335 3185 poetae
1360 3107 1428 3165 ιιιιίι,

142 3223 245 3291 poetae
269 3213 346 3272 ΙιιιιιιΙ
369 3219 485 3290 poetam
508 3233 525 3272 o
548 3222 634 3291 poeta
658 3211 694 3271 ab
717 3212 773 3270 boc
795 3219 881 3288 poeta
897 3208 927 3268 hi
951 3216 1053 3286 poetae
1078 3208 1183 3268 borum
1205 3215 1360 3287 puetarum
1383 3208 1430 3266 bis

142 3317 237 3391 plutis
261 3314 313 3373 laos
336 3323 437 3391 poetas
452 3335 469 3372 o
484 3322 588 3392 poetae
605 3313 640 3373 ab
658 3313 703 3372 bis
724 3313 834 3390 poetis,
858 3310 976 3389 generis
998 3311 1133 3369 seniiuini
1157 3310 1230 3369 baec
1252 3328 1318 3369 msa
1342 3309 1429 3368 liuius

143 3434 227 3473 rosae
256 3415 325 3474 lmic
354 3434 437 3474 rosae
468 3415 541 3474 barre
564 3434 661 3474 rosam
684 3435 701 3471 ιι
724 3433 789 3474 rosa
813 3411 849 3474 ab
873 3411 926 3471 bac
950 3428 1016 3470 rosa
1038 3411 1092 3470 bae
1116 3429 1200 3471 rosae
1223 3411 1326 3471 irarum
1349 3430 1428 3471 rosa-

144 3535 208 3574 rum
239 3516 285 3574 bis
313 3519 389 3574 rosis
419 3515 471 3575 bas
499 3534 582 3575 rosas
609 3534 732 3575 orosae
756 3515 792 3575 ab
816 3514 863 3573 bis
886 3514 977 3580 rosis,
1001 3515 1122 3589 generis
1143 3514 1308 3572 communis
1329 3512 1378 3572 bic
1400 3519 1429 3571 et

105 3635 130 3673 ao
145 3616 215 3678 barac
239 3616 349 3676 advena
373 3617 460 3676 lartius
483 3617 611 3677 advenae
635 3616 703 3676 luric
727 3616 855 3675 advenae
879 3616 957 3676 huuc
980 3622 1008 3673 et
1032 3614 1106 3673 lrartc
1129 3614 1270 3674 advenam
1286 3634 1303 3672 ιι
1318 3613 1429 3674 advena

144 3717 180 3776 ab
205 3718 259 3777 boc
282 3727 311 3778 et
334 3718 370 3778 ab
394 3719 447 3778 bac
470 3719 582 3778 advena
611 3719 641 3778 bi
664 3726 694 3777 et
721 3718 777 3777 hae
798 3717 927 3777 advenae
943 3714 1048 3775 borum
1072 3723 1101 3774 et
1123 3715 1228 3775 harum
1251 3716 1429 3775 advenarum

144 3819 190 3877 bis
212 3819 333 3880 advenis
357 3821 409 3879 luis
431 3828 460 3880 et
483 3821 534 3879 bas
558 3820 684 3881 aatlreuas
706 3840 723 3879 o
745 3820 874 3880 advenae
898 3817 936 3878 ab
959 3818 1006 3877 his
1029 3817 1159 3877 advenis.
1190 3818 1301 3878 formae
1324 3836 1429 3877 secun-

96 3924 101 3934 '
144 3922 197 3980 alac
226 3922 344 3997 gerreris
371 3922 527 3982 masculini
557 3922 604 3981 bic
636 3921 730 3983 bonus
758 3921 846 3981 liuius
874 3918 944 3978 boni
972 3917 1041 3977 bruc
1069 3917 1146 3978 bono
1174 3919 1253 3979 hunc
1281 3918 1391 3979 bonum
1413 3939 1432 3977 o

145 4023 223 4082 bone
250 4022 286 4082 ab
314 4023 370 4082 boc
399 4022 476 4083 bono
504 4025 534 4083 bi
559 4023 628 4082 boui
652 4023 757 4082 borum
785 4022 930 4081 bonortun
953 4021 999 4080 his
1021 4019 1106 4081 bortis
1129 4021 1182 4081 bos
1204 4007 1298 4081 bonos
1320 4041 1337 4080 o
1361 4021 1430 4081 boui

105 4124 180 4184 asab
215 4126 261 4185 liis
293 4125 393 4194 bonis
422 4128 541 4202 generis
568 4126 704 4185 feminini
733 4125 806 4184 baec
834 4126 921 4202 pinus
950 4122 1037 4181 buiris
1065 4123 1127 4200 piru
1155 4122 1223 4184 lruic
1255 4125 1327 4201 pino
1355 4122 1431 4183 banc

144 4229 246 4305 piuum
270 4246 287 4285 o
310 4228 379 4305 pirm
403 4225 517 4286 abbae
540 4228 610 4305 pino
632 4226 686 4286 liae
715 4227 778 4305 pini
806 4225 911 4285 barram
935 4226 1071 4303 pinorum
1096 4223 1142 4282 tus
1163 4225 1242 4301 pinis
1264 4223 1316 4282 lias
1344 4224 1431 4301 pinos

143 4348 160 4386 ιι
183 4330 245 4406 pirri
269 4327 306 4388 ab
330 4328 377 4387 his
398 4329 492 4405 priuis,
516 4330 636 4405 generis
659 4329 758 4387 neutri
781 4326 836 4387 hoc
865 4325 1007 4404 templum
1030 4326 1117 4385 liuius
1139 4324 1242 4404 templi
1265 4324 1334 4384 huic
1357 4332 1431 4383 tem-

144 4429 191 4507 plo
214 4430 269 4488 hoc
291 4428 433 4507 templum
456 4448 473 4487 o
496 4429 638 4507 templum
667 4427 703 4490 ab
731 4428 786 4489 hoc
814 4426 925 4506 templo
953 4426 1025 4486 haec
1048 4426 1157 4505 templa
1180 4426 1284 4485 horum
1308 4424 1431 4504 templo·

227 4667 243 4713 3
261 4665 314 4731 ille]
337 4669 415 4730 Verp.
438 4667 502 4716 Aen.
524 4665 636 4716 vuaso
721 4667 738 4715 4
757 4661 833 4731 quae]
859 4664 937 4729 Verp.
954 4663 1019 4719 Aen.
1041 4664 1073 4713 Vl
1089 4663 1141 4713 653
1210 4677 1309 4712 cerrum
1326 4663 1351 4712 B

148 4735 178 4783 15>
197 4738 283 4784 tertiae
300 4747 324 4784 et
340 4746 444 4798 quartae
465 4736 548 4786 editor
569 4735 768 4786 Vindobonensia
837 4735 871 4784 ²5
889 4735 992 4799 generis
1009 4734 1141 4783 masculini
1162 4748 1228 4782 nom.
1246 4732 1287 4780 hic
1306 4742 1379 4796 poeta
1398 4763 1431 4772 —

144 4814 168 4849 et
187 4804 317 4865 pluraliter
336 4823 402 4859 nom.
423 4805 447 4854 hi
464 4821 553 4870 poetae
570 4806 602 4860 B.
620 4808 677 4857 item
695 4807 720 4855 ln
738 4806 841 4871 reliquie
857 4807 953 4853 amaret-i
966 4805 1127 4869 pluralitive!
1142 4805 1315 4867 ιιιριιιαήιιι
1332 4816 1432 4852 casuum

143 4881 216 4922 erotus
232 4876 303 4926 titudo
321 4876 423 4927 additae
442 4877 466 4924 t'u
478 4875 504 4923 B
518 4876 589 4926 ruodo
603 4877 708 4926 molstus
725 4881 869 4926 menter
884 4874 956 4924 οιιιὶεί
