3346 5498
179 399 243 464 432
750 398 897 461 ellectu

205 522 226 563 p.
241 511 285 550 aas
298 510 324 550 aa
338 506 359 547 1.
1277 521 1301 562 p.
1317 510 1380 551 aare
1394 508 1458 552 un.

132 592 138 597 '
180 590 235 651 cali
259 588 365 669 [paveo
388 589 471 666 pavi,
493 605 581 646 caveo
603 583 700 666 cavi],
724 589 755 646 in
778 589 803 647 si
826 594 856 647 et
877 589 923 656 xi,
945 605 1020 667 quae
1043 588 1122 647 inter
1143 595 1267 667 excepta
1289 588 1481 653 notabimus

180 711 251 771 ergo
278 692 377 752 omnia
401 689 490 749 verba
519 690 665 749 secundae
693 690 912 766 coniugatiouis
939 687 1073 769 qualibet
1094 698 1274 751 consonante
1297 694 1481 773 praeposita

180 814 215 856 eo
238 791 359 874 syllabis
386 793 581 871 praeteritum
610 792 777 871 perlectum
798 793 829 851 in
852 794 883 852 ui
905 794 1042 862 mittunt,
1070 799 1102 851 ut
1123 791 1219 852 babeo
1241 791 1354 865 habor,
1379 792 1481 857 debeo

180 896 285 965 debui,
309 894 403 956 rubeo
420 891 524 962 rubui,
548 892 639 954 doceo
655 893 758 963 docui,
782 901 866 955 taeeo
881 895 976 964 tacui,
999 896 1111 955 misceo
1126 896 1247 964 miscui,
1270 896 1361 957 iaceo
1383 898 1478 968 iacui,

180 1017 273 1060 noceo
296 998 399 1066 nocui,
423 1014 511 1057 arceo
533 998 631 1066 arcui,
655 995 795 1075 splendeo
818 995 967 1075 splendui,
1000 996 1112 1057 caudeo
1133 995 1256 1067 candui,
1279 997 1393 1060 madeo
1415 1018 1503 1065 ura-a

181 1101 247 1170 dui,
278 1117 351 1178 egeo
379 1100 463 1177 egui,
493 1098 599 1176 langeo
633 1098 749 1176 langui,
783 1101 868 1177 vigeo
901 1099 996 1175 vigui,
1030 1101 1115 1176 rigeo
1142 1100 1237 1176 rigui,
1266 1098 1352 1161 caleo
1382 1101 1477 1171 calui,

182 1204 267 1265 doleo
296 1201 393 1270 dolui,
422 1200 487 1261 oleo
514 1200 590 1269 olui,
619 1199 714 1279 palleo
740 1200 849 1279 pallui,
878 1201 968 1260 timeo
998 1201 1099 1270 timui,
1131 1208 1218 1261 teneo
1247 1203 1350 1271 tenui,
1382 1220 1479 1265 caneo

182 1307 284 1374 canui,
306 1311 393 1382 tepeo
415 1304 513 1381 tepui,
536 1309 639 1381 torpeo
662 1303 775 1381 torpui,
804 1319 893 1381 pareo
916 1303 1017 1380 parui,
1039 1320 1127 1363 eareo
1149 1304 1249 1372 carui,
1273 1304 1358 1364 vireo
1383 1306 1475 1377 erui,

182 1408 275 1468 llorco
290 1405 393 1473 llorui,
416 1404 524 1463 horreo
539 1403 657 1473 horrui,
681 1422 789 1464 conseo
810 1405 928 1473 censui,
951 1405 1033 1464 niteo
1052 1406 1143 1474 nitui,
1167 1412 1254 1484 pateo
1273 1407 1372 1484 patui.
1419 1424 1472 1469 ex·

183 1511 337 1588 cipiuntur
370 1524 463 1585 pauca
491 1523 566 1584 quae
595 1508 627 1565 in
655 1507 682 1566 si
709 1503 849 1584 syllabam
878 1508 1000 1566 mittunt
1026 1509 1236 1585 praeteritum,
1265 1506 1356 1568 iubeo
1386 1510 1513 1587 iussim

183 1610 299 1671 mulceo
338 1607 441 1676 mulsi,
482 1607 600 1685 mulgeo
638 1607 739 1676 mulsi,
783 1606 868 1685 algeo
901 1607 969 1676 alsi,
1009 1607 1107 1686 fulgeo
1146 1607 1237 1679 iulsi,¹
1270 1609 1363 1670 ardeo
1403 1613 1476 1681 arsi,

183 1711 294 1773 suadeo
318 1711 411 1778 suasi,
441 1728 546 1769 maneo
568 1711 679 1777 mansi,
707 1709 817 1770 haereo
839 1709 937 1778 haesi,
967 1708 1050 1768 rideo
1072 1712 1142 1780 risi,
1165 1716 1289 1789 torqueo
1312 1713 1406 1782 torsi,
1429 1714 1477 1773 iu·

185 1813 292 1890 dulgeo
322 1811 443 1872 indulsi.
489 1811 525 1871 cle
555 1829 647 1889 urgeo
675 1818 705 1871 et
734 1819 838 1888 turgeo
866 1810 1037 1888 ambigitur.
1082 1811 1138 1872 alia
1167 1815 1197 1872 in
1220 1814 1266 1881 xi,
1288 1812 1380 1890 lugeo
1402 1813 1476 1881 luxi,

184 1917 281 1992 frigeo
303 1916 384 1975 frixi.
422 1912 471 1973 illa
494 1916 524 1972 in
548 1915 576 1972 vi
598 1914 794 1992 praeteritum
816 1915 951 1982 mittunt,
975 1931 1050 1991 quae
1073 1915 1103 1973 in
1126 1915 1221 1992 prima
1243 1931 1373 1993 persona
1395 1915 1477 1976 modi

186 2016 338 2077 indicativi
367 2017 512 2094 temporis
540 2017 707 2094 praesentis
736 2033 753 2073 v
780 2023 847 2075 ante
881 2033 916 2074 eo
948 2013 1073 2084 habeut,
1107 2021 1137 2074 ct
1162 2018 1289 2094 primam
1317 2015 1517 2096 syllabamrs

186 2137 272 2197 quam
297 2120 327 2178 in
350 2118 500 2196 praesenti
523 2124 657 2196 tempore
680 2116 815 2185 brevem,
844 2118 875 2176 in
903 2119 1065 2195 praeterito
1086 2116 1202 2194 longam
1225 2114 1352 2187 habent,
1376 2126 1413 2179 ut
1432 2120 1477 2181 la·

187 2238 240 2279 veo
263 2220 335 2287 lavi,
358 2236 451 2297 paveo
474 2221 555 2296 pau',
578 2219 663 2278 loveo
685 2219 759 2286 lovi,
783 2236 885 2278 moveo
906 2220 1000 2286 movi,
1024 2236 1113 2278 caveo
1135 2221 1208 2288 cari,
1233 2236 1322 2279 voveo
1344 2223 1424 2292 vovi,
1447 2228 1479 2283 et

187 2339 262 2400 quae
285 2340 321 2380 ex
343 2320 391 2380 his
417 2327 643 2398 componuntur.
687 2320 848 2398 quaedam,
877 2338 1054 2399 quamquam
1082 2322 1112 2379 in
1140 2322 1289 2399 praesenti
1318 2340 1379 2382 nou
1408 2330 1480 2384 sunt

188 2422 300 2483 similia
322 2420 543 2499 superioribus,
559 2424 754 2499 praeteritum
770 2428 869 2505 tamen
892 2424 922 2481 iu
939 2425 966 2481 vi
983 2424 1103 2481 mittunt
1125 2422 1268 2501 producta
1289 2423 1478 2502 paenultima

188 2523 308 2603 syllaba,
333 2540 389 2583 neo
412 2524 488 2591 nevi,
512 2522 568 2582 ileo
591 2523 673 2591 llevi,
697 2525 761 2582 cieo
784 2525 856 2591 civi,
879 2524 987 2602 impleo
1011 2523 1139 2602 implevi,
1162 2523 1294 2602 compleo
1317 2525 1517 2606 complevi.»

188 2625 293 2704 expleo
321 2623 452 2702 explevi,
481 2624 567 2685 doleo
595 2624 699 2685 delevi.
745 2643 803 2685 non
826 2625 949 2685 multum
977 2625 1014 2685 ab
1037 2624 1083 2685 bis
1107 2621 1119 2706 11
1143 2625 1313 2705 discrepare
1336 2627 1481 2690 videntur

189 2730 278 2789 etiam
301 2727 375 2786 baec
397 2744 523 2805 quorum
545 2727 641 2806 prima
664 2726 775 2805 syllaba
797 2729 829 2787 in
852 2729 1013 2806 praeterito
1034 2746 1069 2788 ex
1092 2735 1228 2806 correpta
1251 2727 1331 2788 cadit
1352 2731 1385 2789 in
1408 2748 1480 2810 pro·

189 2830 323 2898 ductam,
353 2828 443 2888 sedeo
470 2812 550 2897 sedi,
579 2829 665 2888 video
694 2828 765 2888 vidi.
811 2836 912 2888 contra
942 2832 1074 2890 omnium
1107 2829 1240 2908 regulam
1267 2837 1312 2889 est
1344 2832 1481 2910 prandeo

188 2930 304 3011 prandi.
348 2930 491 3009 quaedam
514 2933 637 2991 suntin
660 2931 789 2992 secunda
811 2933 1019 3008 coniugatione
1041 2950 1167 3010 priorum
1190 2933 1386 3010 praeteritum
1409 2952 1480 3014 per·

96 3078 101 3089 .
188 3035 299 3094 lectum
321 3034 448 3092 iteratur
470 3051 524 3110 per
546 3035 672 3112 primam
695 3032 851 3112 syllabam,
881 3032 955 3094 baec
977 3033 1053 3102 sola,
1083 3034 1197 3112 pendeo
1219 3032 1362 3112 pependi,
1388 3053 1517 3115 spon-n

189 3136 245 3196 deo
268 3134 426 3213 spopondi,
451 3135 559 3194 tondeo
582 3135 710 3203 totondi,
734 3135 855 3195 mordeo
877 3135 1032 3194 momordi.
1076 3154 1151 3213 quae
1174 3135 1338 3214 adstunptis
1362 3132 1366 3199 l
1392 3155 1481 3217 prae·

190 3235 389 3317 positionibus
411 3253 470 3295 non
493 3236 597 3296 eodem
619 3236 706 3296 modo
728 3237 909 3316 proferenda
930 3246 1013 3297 srrrrt:
1037 3254 1105 3297 nam
1128 3236 1270 3316 despondi
1293 3243 1324 3296 et
1345 3237 1480 3317 dependi

191 3345 221 3398 et
243 3338 368 3417 rependi
391 3346 421 3398 et
443 3337 563 3397 detondi
586 3339 723 3399 dicimus.
768 3338 805 3398 de
828 3340 1059 3418 neutropassivis
1081 3338 1198 3398 abunde
1221 3338 1332 3398 dictum
1355 3344 1442 3401 est*

274 3438 376 3499 Tertia
400 3441 568 3517 coniugatio
591 3449 743 3520 correpta,
773 3460 849 3520 quae
873 3440 1031 3501 secundam
1054 3458 1210 3519 personam
1233 3441 1264 3500 in
1285 3441 1312 3500 is
1334 3440 1482 3520 syllabam

190 3543 283 3602 mittit
315 3544 345 3602 in
379 3544 553 3621 imperativo
581 3543 667 3602 morlo
694 3545 725 3601 in
753 3561 769 3601 e
800 3543 916 3602 solitam
943 3544 1089 3610 converti,
1118 3544 1313 3621 praeteritum
1341 3561 1399 3621 per
1426 3544 1518 3606 lrasao

193 3643 320 3722 syllabas
343 3643 443 3711 ellert,
467 3645 498 3702 in
521 3646 550 3702 ui
573 3646 742 3722 praeposita
765 3651 959 3713 consonante,
984 3646 1014 3705 iu
1038 3647 1065 3703 vi
1088 3646 1255 3723 praeposita
1278 3644 1391 3714 vocali,
1414 3648 1448 3706 in
1470 3650 1482 3707 i

192 3751 371 3804 consonante
394 3743 526 3822 qualibet
548 3747 731 3824 praeposita,
761 3747 792 3805 in
815 3748 857 3814 si,
887 3747 918 3805 in
940 3747 981 3805 xi.
1025 3745 1076 3805 sed
1103 3745 1154 3806 illa
1175 3747 1371 3824 praeteritum
1393 3749 1426 3809 in
1449 3751 1481 3810 ui

278 3962 312 4012 29
331 3965 401 4013 tertia
416 3966 560 4030 coniugatio
580 3963 655 4016 011111.
673 3964 733 4025 244,
752 3964 794 4017 22.
812 3981 870 4019 eree.
888 3965 963 4019 Cbor.
983 3965 1044 4030 564,
1065 3963 1097 4015 39

277 4186 290 4236 l
311 4187 452 4236 notabimus
468 4201 485 4244 ς
504 4188 648 4236 notauinms
665 4187 719 4236 PF
797 4187 813 4238 3
835 4202 864 4237 eo
887 4188 992 4253 syllabis
1014 4189 1201 4239 Ltnderacnnua
1223 4203 1253 4237 eo
1278 4188 1391 4252 syllabae
1408 4191 1433 4240 P
1451 4206 1482 4241 eo

193 4255 290 4323 syllaba
306 4257 373 4320 Fp5
442 4266 469 4306 ut
486 4256 566 4305 habeo
584 4257 665 4306 debeo
680 4255 758 4305 rubeo
777 4258 849 4306 nrboi
870 4258 950 4307 babeo
967 4259 1040 4307 docui
1063 4259 1087 4306 P
1104 4270 1131 4307 ut
1145 4258 1225 4307 liabeo
1242 4259 1290 4308 deo
1304 4259 1383 4308 rubeo
1402 4260 1484 4310 doceo

193 4326 270 4377 docui
284 4325 308 4373 F
357 4326 373 4375 5
392 4328 482 4377 madeo
502 4327 587 4376 madui
602 4342 648 4376 om.
669 4327 707 4375 F:
726 4327 814 4376 madeo
834 4328 919 4377 madai
939 4342 1016 4393 agree
1034 4330 1107 4394 egrui
1127 4344 1144 4384 ς
1195 4328 1336 4392 dlougueo
1354 4328 1430 4385 PF5

194 4399 269 4463 vigeo
281 4396 352 4462 vigui
364 4412 410 4447 om.
424 4396 470 4452 F5
518 4397 789 4447 iteneotenuieaneo
806 4398 938 4450 earroilloe
955 4402 1066 4448 loeoena
1082 4398 1155 4453 PF5
1206 4398 1308 4448 9niteo
1323 4397 1392 4447 niteo
1406 4408 1484 4463 pateo

194 4467 265 4533 patui
283 4473 357 4514 teneo
376 4466 444 4514 teuui
464 4480 542 4515 caneo
560 4468 633 4517 canui
651 4468 815 4533 excipiuntur
832 4468 875 4523 F5
887 4468 953 4516 niteo
967 4468 1030 4516 nirui
1047 4483 1125 4517 caneo
1144 4469 1217 4517 canui
1233 4469 1396 4532 excipiuntur
1407 4470 1433 4518 P

195 4537 226 4587 ll
253 4535 350 4585 urrrleeo
370 4533 455 4602 mulsi]
477 4536 557 4586 moleo
574 4536 647 4586 moisi
665 4538 689 4586 F
739 4539 840 4605 mulgeo
859 4537 934 4586 mulsi
954 4551 998 4586 om.
1016 4537 1074 4589 PF.
1092 4536 1184 4592 add.5
1243 4536 1274 4587 13
1293 4537 1324 4586 de
1340 4552 1440 4604 argaeo
1458 4546 1485 4589 et

194 4614 303 4671 turgueo
322 4607 347 4656 P
398 4607 429 4658 17
447 4606 553 4671 pavi-
573 4621 661 4657 moveo
679 4622 725 4660 om,
739 4609 764 4657 P
816 4606 847 4657 18
866 4606 988 4670 quaedam
1008 4622 1133 4671 quaquam
1149 4608 1246 4670 [quae
1264 4622 1420 4670 quamquam
1436 4609 1484 4665 P5

185 4671 259 4738 'quae
272 4690 399 4741 quaquam
408 4676 433 4726 F
443 4676 566 4740 quaedam
577 4678 693 4740 quamuis
700 4694 718 4742 p
766 4677 798 4728 19
809 4677 957 4743 productam
970 4677 1093 4741 syllabam
1106 4691 1152 4727 neo
1164 4677 1188 4725 F
1231 4678 1264 4728 21
1279 4676 1369 4742 expleo
1379 4678 1485 4743 expleri

193 4759 240 4794 orn.
262 4745 286 4793 P
353 4745 386 4797 28
405 4754 429 4797 et
447 4746 552 4812 rependi
568 4761 614 4799 om.
632 4747 657 4794 P
707 4748 809 4798 detondi
827 4759 851 4796 et
869 4747 1013 4811 praemordi
1032 4747 1140 4796 dicimus
1157 4762 1175 4808 g
1193 4748 1328 4797 Patrobios
1390 4746 1485 4799 aoso·

195 4813 265 4863 litam
288 4816 413 4866 conuertit
431 4817 455 4866 P
479 4815 584 4865 solidam
604 4819 718 4867 corruenti
735 4818 760 4867 F
776 4817 885 4867 solidam
909 4819 1033 4866 conuertit
1050 4832 1067 4872 5
1155 4816 1186 4867 31
1206 4818 1278 4866 effert
1296 4831 1313 4873 ς
1332 4816 1442 4867 efferent
1461 4818 1487 4869 P

196 4884 303 4934 effemut
320 4887 345 4935 F
