3382 5498
742 362 978 425 COllblllNl'Vbl
1115 354 1118 359 ¹
1446 362 1509 429 249

1322 473 1484 527 p.ttt-toi.

221 547 276 611 beo
297 548 398 611 dicere
419 549 456 611 de
477 552 567 620 intus,
591 550 628 611 de
651 550 732 622 loris,
757 559 790 612 ut
810 552 916 630 iungas
939 553 1183 633 praepositiones.
1214 570 1285 632 ergo
1309 570 1418 633 usurpa
1436 552 1508 615 illud

221 656 251 713 ot
269 649 365 732 abque
386 652 431 713 sic
452 651 514 723 dio,
541 650 546 734 Ι
570 651 606 714 ad
636 652 713 714 intro
742 660 773 712 et
800 651 835 713 ad
858 652 947 714 loras.
993 672 1067 734 cogo
1096 663 1125 716 te
1148 671 1220 733 ergo
1243 662 1274 716 et
1294 655 1338 716 sic
1358 653 1454 734 loqui,
1484 658 1509 716 si

219 753 343 831 iungere
365 751 494 816 volueris
515 757 767 834 praepositiones:
799 763 830 816 ut
851 756 1000 835 possimus
1022 759 1153 836 apertius
1178 755 1367 836 intellegere,
1391 757 1508 837 quando

218 861 286 916 sunt
306 856 363 916 ista
386 856 416 916 in
438 854 515 927 loco,
539 856 656 936 qrrando
679 856 716 917 de
745 856 825 925 loco,
855 855 998 918 debemus
1020 857 1129 920 addere
1157 860 1406 939 praepositiones,
1435 876 1507 937 quo·

186 958 295 1019 aaran
318 957 356 1019 de
377 958 522 1037 significat
543 958 580 1019 de
602 958 668 1021 loco
690 978 764 1026 esse,
789 957 928 1020 deintus
951 966 980 1019 et
1002 957 1038 1019 de
1059 961 1144 1023 ioris.
1178 979 1250 1040 ergo
1271 963 1297 1023 si
1318 961 1375 1023 hoc
1398 969 1451 1032 est,
1476 969 1509 1022 ut

215 1057 284 1121 ideo
312 1058 411 1121 dicant
439 1059 603 1121 addendam
633 1079 699 1121 csse
734 1062 997 1141 praepositionem,
1033 1064 1171 1139 quoniam
1199 1063 1344 1142 significat
1372 1062 1408 1123 de
1442 1062 1508 1124 loco

216 1170 327 1243 aperte,
352 1179 408 1241 ogo
431 1180 504 1240 cogo
527 1171 556 1223 te
579 1162 678 1224 dicere
699 1162 735 1223 ad
758 1164 847 1233 intro,
872 1162 908 1224 ad
932 1164 1019 1233 toras,
1044 1172 1076 1225 ut
1091 1166 1220 1244 apertius
1242 1165 1278 1226 ad
1301 1164 1398 1226 locum
1417 1165 1507 1243 signi·

217 1263 294 1325 dces.
341 1265 474 1325 novimus
498 1266 577 1325 enim
600 1265 667 1343 quia
690 1264 726 1326 ad
749 1262 786 1326 ad
808 1264 906 1326 locum
929 1265 1082 1344 significat.
1129 1284 1200 1345 ergo
1230 1266 1321 1328 debes
1349 1265 1450 1326 dicere
1472 1265 1508 1326 ad

218 1366 310 1436 iutro,
348 1374 382 1427 ut
408 1367 541 1447 apertius
569 1368 717 1444 significes
746 1366 782 1427 ad
810 1365 918 1430 locum.
971 1366 1023 1428 sed
1051 1368 1107 1429 boc
1138 1386 1325 1447 nequaquam
1351 1386 1509 1449 possumus

182 1467 325 1536 solarere.
350 1474 380 1529 et
402 1469 512 1530 utimur
534 1470 598 1529 sine
620 1470 850 1548 praepositione.
887 1477 917 1529 et
938 1468 1056 1546 quando
1080 1472 1118 1531 sit
1140 1472 1314 1549 significatio
1336 1471 1381 1532 rel
1396 1473 1427 1531 in
1443 1470 1508 1532 loco

220 1554 260 1630 del
282 1569 321 1631 de
343 1569 418 1640 loeo,
443 1570 480 1631 de
503 1570 602 1632 verbis
623 1571 781 1650 intellegis.

300 1672 414 1734 Accidit
427 1674 514 1733 etiam
526 1675 697 1752 conparatio
709 1673 864 1735 adverbiis.
890 1675 1115 1753 cooperationes
1131 1673 1338 1737 adverbiorum
1348 1682 1411 1738 tres
1424 1681 1507 1738 sunt:
1522 1680 1581 1740 415,
1593 1681 1626 1729 ‘rt

221 1783 266 1835 aut
278 1776 357 1835 enim
370 1776 528 1856 positivum
539 1774 662 1852 gradum
677 1777 827 1855 recipiunt
842 1782 891 1836 aut
906 1778 1127 1856 conparativum
1141 1784 1191 1839 aut
1206 1776 1425 1856 superlativum.
1450 1780 1510 1858 pri·
1522 1749 1581 1866 {ff}
1596 1750 1627 1865 ff

220 1894 297 1939 mum
317 1878 396 1938 seire
418 1876 509 1938 debes
532 1896 592 1938 non
615 1879 712 1938 omnia
735 1876 875 1939 adverbia
898 1880 1033 1958 recipere
1050 1880 1285 1959 conparationes,
1309 1880 1360 1941 sed
1385 1900 1418 1941 ea
1434 1899 1509 1961 quae
1574 1853 1580 1878 ⁸

189 1977 330 2043 liducnnt
345 1979 489 2057 originem
507 1998 522 2039 a
535 1979 706 2041 nominibus
722 1979 936 2059 recipientibus
951 1968 1205 2060 conparationem.
1228 1999 1287 2042 non
1303 2000 1391 2043 omne
1406 1982 1509 2043 adrer-

221 2079 298 2143 bium
314 2081 422 2160 recipit
436 2083 687 2160 conparationem,
713 2081 765 2142 sed
786 2081 815 2142 id
832 2080 1013 2152 adverbium,
1036 2082 1114 2163 quod
1131 2084 1236 2162 recipit
1258 2086 1509 2165 conparationem,

221 2184 295 2244 renit
312 2200 328 2242 a
345 2182 514 2244 nominibus
535 2183 747 2264 recipientibus
762 2185 1014 2265 conparationem.
1039 2193 1109 2264 puta
1126 2184 1230 2246 doctus
1245 2187 1352 2266 recipit
1365 2205 1509 2268 conpara·

220 2285 337 2355 tionem,
355 2283 442 2345 docte
463 2272 588 2353 doctius.
625 2304 658 2346 ea
675 2303 747 2364 ergo
765 2285 903 2346 adverbia
920 2287 1069 2365 recipiunt
1084 2289 1335 2367 conparationem,
1355 2306 1429 2367 quae
1446 2288 1509 2368 du}-

221 2392 288 2448 eunt
303 2387 448 2464 originem
464 2404 480 2446 a
497 2386 666 2448 nominibus
681 2387 893 2467 recipientibus
908 2391 1161 2468 conparationem.
1184 2390 1254 2468 quid
1271 2408 1341 2469 ergo
1358 2393 1510 2469 sequitur?

189 2485 265 2548 attia
288 2486 436 2558 adverbia,
461 2506 537 2567 quac
560 2488 671 2550 ducunt
692 2491 837 2567 originem
854 2509 869 2550 a
886 2490 986 2561 verbo,
1010 2509 1070 2553 non
1093 2494 1242 2573 recipiunt
1258 2495 1509 2572 conparationem,

220 2592 356 2668 quoniam
388 2590 508 2652 verbum
544 2609 603 2651 non
632 2593 738 2671 recipit
771 2594 1023 2672 conparationem.
1075 2601 1107 2654 ut
1140 2602 1210 2673 puta
1243 2596 1354 2656 cursim
1385 2596 1509 2657 strictim

221 2710 276 2754 nou
306 2694 456 2772 recipiunt
484 2696 744 2773 conparationem,
778 2696 915 2774 quoniam
944 2694 1056 2756 ducunt
1082 2697 1225 2774 originem
1255 2714 1270 2755 a
1296 2695 1401 2765 verbo,
1432 2694 1509 2773 quod

198 2793 340 2862 ¹verbum
363 2811 421 2855 non
445 2798 551 2875 recipit
573 2797 824 2874 conparationem.
860 2797 930 2874 quid
953 2796 1000 2857 illa
1025 2796 1173 2866 adverbia,
1198 2814 1273 2875 quae
1296 2799 1440 2876 originem
1457 2796 1508 2856 du·

221 2902 288 2956 cunt
314 2913 330 2955 a
359 2899 549 2974 pronomine,
580 2898 698 2958 meatim
727 2899 848 2959 tuatim?
882 2917 942 2959 non
971 2900 1120 2976 recipiunt
1148 2901 1405 2977 conparationem,
1437 2916 1509 2977 quo·

187 2998 296 3060 aniam
325 3017 380 3059 nec
409 3018 574 3079 pronomen
604 3001 711 3078 recipit
739 3003 990 3079 conparationem.
1035 3000 1105 3079 quid
1135 3003 1159 3061 si
1186 3008 1256 3080 puta
1290 3000 1339 3061 illa
1372 3000 1509 3062 adverbia

220 3101 363 3179 originem
385 3100 496 3162 ducant
518 3120 534 3161 a
558 3102 785 3162 coniunctione?
823 3121 881 3162 non
910 3104 1060 3181 recipiunt
1083 3104 1335 3182 conparationem.
1382 3119 1452 3180 ergo
1475 3121 1509 3162 ea

219 3201 353 3264 adverbia
376 3205 524 3282 recipiunt
546 3204 804 3283 conparationem,
828 3220 903 3281 quae
926 3203 1038 3264 ducunt
1061 3206 1206 3283 originem
1233 3223 1248 3264 a
1272 3203 1440 3265 nominibus
1463 3223 1509 3264 re·

219 3304 393 3384 cipiantibus
415 3308 664 3385 conparationem.
710 3313 739 3364 et
765 3293 821 3366 i'sta
849 3307 912 3384 ipsa
935 3303 1086 3375 adverbia,
1123 3324 1198 3384 quac
1225 3308 1374 3386 recipiunt
1400 3324 1508 3386 conpa-

220 3408 371 3474 rationem,
396 3408 426 3466 in
450 3408 573 3487 positivo
596 3427 615 3463 a
638 3426 725 3468 unam
749 3407 881 3484 regulam
904 3406 1022 3468 babent.
1052 3409 1082 3467 in
1107 3409 1296 3487 conparativo
1317 3406 1398 3469 illam
1422 3426 1509 3489 quarn

186 3508 346 3569 arrisimus
368 3508 499 3587 regulam
523 3509 591 3569 inde
614 3508 775 3588 probamus
797 3508 833 3569 de
853 3508 910 3569 boc
932 3511 996 3588 ipso
1020 3511 1139 3570 rromine
1161 3509 1238 3570 bene
1261 3508 1365 3570 melius
1388 3512 1508 3589 optime.

220 3628 275 3670 non
306 3619 351 3670 est
380 3609 483 3681 breve,
519 3620 550 3671 ut
572 3613 647 3671 scias
670 3610 802 3689 regulam
826 3610 1011 3689 superlativi,
1045 3611 1124 3671 rrnde
1146 3612 1276 3681 venerit,
1312 3613 1373 3674 sive
1400 3632 1416 3673 a
1443 3632 1508 3673 cor·

219 3721 302 3792 repto
324 3714 464 3792 positivo,
494 3715 554 3773 sive
577 3734 593 3773 a
616 3712 775 3792 producto;
806 3712 898 3774 nihilo
928 3715 1023 3774 minus
1053 3712 1103 3774 illa
1125 3712 1227 3791 regula
1250 3721 1393 3775 remanet.
1439 3732 1509 3792 ergo

220 3815 255 3874 ita
285 3833 317 3875 se
346 3814 454 3875 habent
485 3815 614 3893 regulae.
664 3816 694 3875 in
724 3816 848 3894 positivo
876 3815 951 3878 duae
984 3824 1053 3877 sunt
1085 3814 1220 3902 regulae,
1255 3817 1285 3876 in
1319 3819 1510 3896 conparativo

219 3935 275 3977 una
299 3925 353 3978 est.

186 4028 208 4070 ³⁶
302 4019 378 4079 Sunt
399 4016 496 4095 aliqua
519 4019 655 4080 adverbia
678 4038 754 4099 qnae
778 4039 837 4081 rron
859 4022 1009 4099 recipiunt
1027 4017 1032 4104 Ι
1051 4024 1303 4101 conparationem,
1327 4028 1356 4082 et
1373 4023 1509 4084 r‘olnmus
1522 4032 1580 4089 tao,
1596 4032 1627 4080 17

222 4121 251 4180 in
272 4122 347 4200 ipsis
370 4120 469 4180 lacere
493 4123 743 4198 conparationem.
789 4140 890 4192 mane,
914 4142 973 4184 non
996 4142 1153 4203 possumus
1176 4107 1275 4185 dicere
1304 4124 1381 4203 quod
1410 4101 1626 4185 dicunr⁵¹²²²⁰

287 4376 303 4427 6
322 4378 441 4439 quoniam
454 4379 634 4443 signiticaret&
687 4380 701 4427 7
721 4389 807 4443 apterte
827 4387 849 4427 ct
869 4396 917 4444 ego
932 4380 995 4429 Bau
1013 4390 1099 4444 aperte
1116 4390 1140 4427 et
1159 4394 1220 4445 ergo
1234 4381 1258 4428 Α
1310 4377 1326 4427 8
1346 4378 1424 4427 debeo
1439 4376 1511 4428 Aac

290 4448 320 4496 12
339 4449 414 4496 etium
429 4462 475 4497 orn.
492 4449 524 4504 A,
541 4449 601 4496 add.
613 4445 646 4496 a*
702 4447 816 4498 l3enim
836 4465 882 4501 om.
899 4449 933 4509 A,
947 4448 1037 4501 odda
1092 4449 1123 4500 19
1138 4449 1298 4498 secunturA
1350 4447 1461 4513 idergo
1480 4464 1510 4496 en

219 4516 339 4566 adverbis
352 4519 477 4583 recipiunt
490 4520 695 4583 conparationem
711 4533 756 4568 orn.
771 4520 805 4578 A,
820 4519 880 4568 add.
893 4535 910 4567 a
962 4518 996 4569 ‘29
1010 4519 1034 4568 in
1051 4520 1160 4584 positiuo
1175 4535 1250 4569 urrnm
1264 4518 1347 4568 ABG
1360 4518 1384 4566 in
1398 4518 1507 4583 positiuo

219 4601 266 4636 non
288 4601 361 4636 nnarn
376 4603 401 4640 a.
414 4592 562 4639 sententiam
578 4592 733 4654 grammatici
748 4590 881 4641 ostendunt
892 4604 923 4638 ea
936 4603 1001 4653 quae
1014 4589 1045 4639 de
1056 4591 1149 4654 regulis
1162 4592 1263 4652 positivi
1274 4596 1299 4638 et
1310 4589 1469 4651 conparatioi
1483 4594 1508 4636 et

218 4658 367 4721 superlativi
381 4660 485 4720 scripsit
503 4659 607 4709 Seu-tur
623 4662 647 4708 ira
663 4661 727 4708 Dor.
742 4676 768 4723 p.
783 4660 844 4716 415,
859 4658 901 4711 28.
922 4661 1007 4723 itaque
1023 4661 1136 4708 lacunam
1154 4660 1274 4719 indicaui,
1292 4660 1317 4706 in
1333 4658 1437 4723 reliquis
1452 4672 1507 4706 cor-

220 4732 317 4789 ruptum
333 4728 443 4777 codicum
459 4731 610 4791 scripturam
626 4729 720 4778 retinui
806 4728 840 4779 30
863 4727 977 4793 regulam
996 4728 1055 4777 inde
1075 4729 1156 4779 ABG
1178 4731 1292 4794 regulum
1313 4727 1337 4774 in
1355 4728 1395 4774 ius
1413 4727 1472 4776 inde
1491 4743 1508 4774 α

288 4797 318 4848 31
337 4812 388 4847 non
407 4809 445 4848 est
461 4799 544 4850 Alto
560 4799 627 4862 qrrod
642 4809 680 4848 est
697 4815 714 4847 o
793 4802 890 4848 venerit
907 4815 951 4850 om.
969 4799 1002 4861 Α,
1024 4799 1085 4848 add.
1105 4796 1139 4848 n*
1217 4805 1333 4862 correpto
1351 4798 1461 4861 positino
1478 4798 1507 4846 α·

220 4868 363 4932 eorreptiuo
381 4869 464 4933 posito
484 4870 507 4918 A
524 4871 665 4935 correptiuo
686 4870 795 4934 positino
815 4870 867 4920 BC
934 4867 967 4919 32
985 4870 1029 4936 illa
1048 4869 1137 4935 regula
1154 4868 1232 4918 nilrilo
1251 4867 1336 4916 minus
1353 4867 1378 4916 B
