<?xml version="1.0" encoding="UTF-8"?>
<!DOCTYPE html PUBLIC "-//W3C//DTD XHTML 1.0 Transitional//EN"
    "http://www.w3.org/TR/xhtml1/DTD/xhtml1-transitional.dtd">
<html xmlns="http://www.w3.org/1999/xhtml" xml:lang="en" lang="en">
 <head>
  <title>
</title>
<meta http-equiv="Content-Type" content="text/html;charset=utf-8" />
  <meta name='ocr-system' content='tesseract 3.04.00' />
  <meta name='ocr-capabilities' content='ocr_page ocr_carea ocr_par ocr_line ocrx_word'/>
</head>
<body>
  <div class='ocr_page' id='page_1' title='image "./grammaticilatin03keilgoog_0201.png"; bbox 0 0 3346 5498; ppageno 0'>
   <div class='ocr_carea' id='block_1_1' title="bbox 237 361 953 441">
    <p class='ocr_par' dir='ltr' id='par_1_1' title="bbox 237 361 953 441">
     <span class='ocr_line' id='line_1_1' title="bbox 237 361 953 441; baseline -0.001 -16"><span class='ocrx_word' id='word_1_1' title='bbox 237 361 297 427; x_wconf 83' lang='lat'><strong>188</strong></span> <span class='ocrx_word' id='word_1_2' title='bbox 722 436 727 441; x_wconf 49' lang='grc'><strong>,</strong></span> <span class='ocrx_word' id='word_1_3' title='bbox 802 361 953 425; x_wconf 86' lang='lat' dir='ltr'><strong>rnuvcu</strong></span> 
     </span>
    </p>
   </div>
   <div class='ocr_carea' id='block_1_2' title="bbox 115 470 1564 4405">
    <p class='ocr_par' dir='ltr' id='par_1_2' title="bbox 234 470 1551 1447">
     <span class='ocr_line' id='line_1_2' title="bbox 261 470 420 526; baseline -0.019 -13"><span class='ocrx_word' id='word_1_4' title='bbox 261 486 282 526; x_wconf 81' lang='lat' dir='ltr'><strong>p·</strong></span> <span class='ocrx_word' id='word_1_5' title='bbox 296 474 385 513; x_wconf 71' lang='lat' dir='ltr'><strong>tut-to</strong></span> <span class='ocrx_word' id='word_1_6' title='bbox 398 470 420 511; x_wconf 91' lang='lat' dir='ltr'><strong>L.</strong></span> 
     </span>
     <span class='ocr_line' id='line_1_3' title="bbox 235 549 1524 631; baseline 0.002 -21"><span class='ocrx_word' id='word_1_7' title='bbox 235 553 390 613; x_wconf 75' lang='lat' dir='ltr'><strong>‘inimicus</strong></span> <span class='ocrx_word' id='word_1_8' title='bbox 419 551 490 611; x_wconf 91' lang='lat' dir='ltr'><strong>mibi</strong></span> <span class='ocrx_word' id='word_1_9' title='bbox 518 555 587 611; x_wconf 87' lang='lat' dir='ltr'><strong>est&#39;.</strong></span> <span class='ocrx_word' id='word_1_10' title='bbox 632 549 687 612; x_wconf 92' lang='lat' dir='ltr'><strong>alia</strong></span> <span class='ocrx_word' id='word_1_11' title='bbox 710 552 905 611; x_wconf 83' lang='lat' dir='ltr'><strong>accusativum</strong></span> <span class='ocrx_word' id='word_1_12' title='bbox 933 557 1088 620; x_wconf 87' lang='lat' dir='ltr'><strong>secuntur,</strong></span> <span class='ocrx_word' id='word_1_13' title='bbox 1119 568 1225 611; x_wconf 85' lang='lat' dir='ltr'><strong>exosus</strong></span> <span class='ocrx_word' id='word_1_14' title='bbox 1252 549 1344 621; x_wconf 89' lang='lat' dir='ltr'><strong>bella,</strong></span> <span class='ocrx_word' id='word_1_15' title='bbox 1374 553 1524 631; x_wconf 89' lang='lat' dir='ltr'><strong>praescius</strong></span> 
     </span>
     <span class='ocr_line' id='line_1_4' title="bbox 234 649 1522 734; baseline -0.002 -19"><span class='ocrx_word' id='word_1_16' title='bbox 234 655 343 716; x_wconf 86' lang='lat' dir='ltr'><strong>lutura.</strong></span> <span class='ocrx_word' id='word_1_17' title='bbox 389 655 463 714; x_wconf 87' lang='lat' dir='ltr'><strong>lraec</strong></span> <span class='ocrx_word' id='word_1_18' title='bbox 494 671 604 732; x_wconf 80' lang='lat' dir='ltr'><strong>genera</strong></span> <span class='ocrx_word' id='word_1_19' title='bbox 637 655 797 731; x_wconf 80' lang='lat' dir='ltr'><strong>figurarum</strong></span> <span class='ocrx_word' id='word_1_20' title='bbox 833 661 910 715; x_wconf 87' lang='lat' dir='ltr'><strong>sunt.</strong></span> <span class='ocrx_word' id='word_1_21' title='bbox 953 672 1021 713; x_wconf 91' lang='lat' dir='ltr'><strong>nam</strong></span> <span class='ocrx_word' id='word_1_22' title='bbox 1051 649 1183 732; x_wconf 90' lang='lat' dir='ltr'><strong>[quando</strong></span> <span class='ocrx_word' id='word_1_23' title='bbox 1210 654 1275 734; x_wconf 90' lang='lat' dir='ltr'><strong>dico</strong></span> <span class='ocrx_word' id='word_1_24' title='bbox 1305 672 1410 713; x_wconf 89' lang='lat' dir='ltr'><strong>exosus</strong></span> <span class='ocrx_word' id='word_1_25' title='bbox 1438 652 1522 724; x_wconf 86' lang='lat' dir='ltr'><strong>bella,</strong></span> 
     </span>
     <span class='ocr_line' id='line_1_5' title="bbox 234 753 1522 837; baseline -0.001 -19"><span class='ocrx_word' id='word_1_26' title='bbox 234 758 387 837; x_wconf 85' lang='lat' dir='ltr'><strong>praescius</strong></span> <span class='ocrx_word' id='word_1_27' title='bbox 409 753 522 835; x_wconf 88' lang='lat' dir='ltr'><strong>lutura]</strong></span> <span class='ocrx_word' id='word_1_28' title='bbox 546 757 714 834; x_wconf 78' lang='lat' dir='ltr'>genetivum</span> <span class='ocrx_word' id='word_1_29' title='bbox 736 754 909 816; x_wconf 79' lang='lat' dir='ltr'><strong>naturaliter</strong></span> <span class='ocrx_word' id='word_1_30' title='bbox 931 762 1042 824; x_wconf 89' lang='lat' dir='ltr'><strong>tenent,</strong></span> <span class='ocrx_word' id='word_1_31' title='bbox 1067 756 1238 835; x_wconf 79' lang='lat' dir='ltr'><strong>‘praescius</strong></span> <span class='ocrx_word' id='word_1_32' title='bbox 1261 763 1306 817; x_wconf 91' lang='lat' dir='ltr'><strong>est</strong></span> <span class='ocrx_word' id='word_1_33' title='bbox 1328 755 1522 817; x_wconf 90' lang='lat' dir='ltr'><strong>iuturorum&#39;.</strong></span> 
     </span>
     <span class='ocr_line' id='line_1_6' title="bbox 234 856 1525 937; baseline -0.001 -19"><span class='ocrx_word' id='word_1_34' title='bbox 234 857 290 918; x_wconf 91' lang='lat' dir='ltr'><strong>alia</strong></span> <span class='ocrx_word' id='word_1_35' title='bbox 313 865 383 919; x_wconf 90' lang='lat' dir='ltr'><strong>sunt</strong></span> <span class='ocrx_word' id='word_1_36' title='bbox 409 876 484 937; x_wconf 92' lang='lat' dir='ltr'><strong>quae</strong></span> <span class='ocrx_word' id='word_1_37' title='bbox 506 865 647 919; x_wconf 89' lang='lat' dir='ltr'><strong>secuntur</strong></span> <span class='ocrx_word' id='word_1_38' title='bbox 670 857 844 926; x_wconf 86' lang='lat' dir='ltr'><strong>ablativum,</strong></span> <span class='ocrx_word' id='word_1_39' title='bbox 868 856 1018 918; x_wconf 87' lang='lat' dir='ltr'><strong>secundus</strong></span> <span class='ocrx_word' id='word_1_40' title='bbox 1040 857 1206 918; x_wconf 82' lang='lat' dir='ltr'><strong>ailomulo.</strong></span> <span class='ocrx_word' id='word_1_41' title='bbox 1239 856 1328 918; x_wconf 93' lang='lat' dir='ltr'><strong>multa</strong></span> <span class='ocrx_word' id='word_1_42' title='bbox 1357 859 1423 917; x_wconf 91' lang='lat' dir='ltr'><strong>vitia</strong></span> <span class='ocrx_word' id='word_1_43' title='bbox 1452 858 1525 918; x_wconf 87' lang='lat' dir='ltr'><strong>liunt</strong></span> 
     </span>
     <span class='ocr_line' id='line_1_7' title="bbox 235 955 1551 1041; baseline -0.002 -20"><span class='ocrx_word' id='word_1_44' title='bbox 235 959 399 1041; x_wconf 90' lang='lat' dir='ltr'><strong>[secundus</strong></span> <span class='ocrx_word' id='word_1_45' title='bbox 414 979 430 1019; x_wconf 91' lang='lat' dir='ltr'><strong>a</strong></span> <span class='ocrx_word' id='word_1_46' title='bbox 446 955 602 1041; x_wconf 77' lang='lat' dir='ltr'><strong>Romulol:</strong></span> <span class='ocrx_word' id='word_1_47' title='bbox 627 959 714 1020; x_wconf 89' lang='lat' dir='ltr'><strong>bodie</strong></span> <span class='ocrx_word' id='word_1_48' title='bbox 737 962 774 1019; x_wconf 90' lang='lat' dir='ltr'><strong>ila</strong></span> <span class='ocrx_word' id='word_1_49' title='bbox 798 960 913 1029; x_wconf 90' lang='lat' dir='ltr'><strong>dicunt,</strong></span> <span class='ocrx_word' id='word_1_50' title='bbox 937 957 1003 1019; x_wconf 75' lang='lat' dir='ltr'><strong>‘itte</strong></span> <span class='ocrx_word' id='word_1_51' title='bbox 1026 961 1139 1038; x_wconf 90' lang='lat' dir='ltr'><strong>primus</strong></span> <span class='ocrx_word' id='word_1_52' title='bbox 1162 959 1258 1027; x_wconf 90' lang='lat' dir='ltr'><strong>sedet,</strong></span> <span class='ocrx_word' id='word_1_53' title='bbox 1283 958 1331 1018; x_wconf 89' lang='lat' dir='ltr'><strong>ille</strong></span> <span class='ocrx_word' id='word_1_54' title='bbox 1353 958 1396 1018; x_wconf 93' lang='lat' dir='ltr'><strong>illi</strong></span> <span class='ocrx_word' id='word_1_55' title='bbox 1418 976 1551 1019; x_wconf 81' lang='lat' dir='ltr'><strong>secun-s</strong></span> 
     </span>
     <span class='ocr_line' id='line_1_8' title="bbox 234 1059 1523 1142; baseline -0.001 -21"><span class='ocrx_word' id='word_1_56' title='bbox 234 1061 289 1123; x_wconf 94' lang='lat' dir='ltr'><strong>dns</strong></span> <span class='ocrx_word' id='word_1_57' title='bbox 311 1066 381 1129; x_wconf 90' lang='lat' dir='ltr'><strong>est&#39;,</strong></span> <span class='ocrx_word' id='word_1_58' title='bbox 410 1069 493 1140; x_wconf 71' lang='lat' dir='ltr'><strong>puta·</strong></span> <span class='ocrx_word' id='word_1_59' title='bbox 509 1061 576 1121; x_wconf 78' lang='lat' dir='ltr'><strong>‘ille</strong></span> <span class='ocrx_word' id='word_1_60' title='bbox 604 1063 718 1141; x_wconf 87' lang='lat' dir='ltr'><strong>primus</strong></span> <span class='ocrx_word' id='word_1_61' title='bbox 746 1061 860 1122; x_wconf 79' lang='lat' dir='ltr'><strong>doctior</strong></span> <span class='ocrx_word' id='word_1_62' title='bbox 883 1067 942 1130; x_wconf 91' lang='lat' dir='ltr'><strong>est,</strong></span> <span class='ocrx_word' id='word_1_63' title='bbox 965 1060 1015 1121; x_wconf 91' lang='lat' dir='ltr'><strong>ille</strong></span> <span class='ocrx_word' id='word_1_64' title='bbox 1037 1060 1080 1121; x_wconf 94' lang='lat' dir='ltr'><strong>illi</strong></span> <span class='ocrx_word' id='word_1_65' title='bbox 1103 1062 1250 1122; x_wconf 88' lang='lat' dir='ltr'><strong>secundus</strong></span> <span class='ocrx_word' id='word_1_66' title='bbox 1274 1059 1419 1142; x_wconf 87' lang='lat' dir='ltr'><strong>[doctior]</strong></span> <span class='ocrx_word' id='word_1_67' title='bbox 1445 1065 1523 1130; x_wconf 91' lang='lat' dir='ltr'><strong>est&#39;;</strong></span> 
     </span>
     <span class='ocr_line' id='line_1_9' title="bbox 235 1161 1525 1233; baseline -0.002 -8"><span class='ocrx_word' id='word_1_68' title='bbox 235 1163 428 1225; x_wconf 90' lang='lat' dir='ltr'><strong>soloecismus</strong></span> <span class='ocrx_word' id='word_1_69' title='bbox 457 1169 508 1223; x_wconf 91' lang='lat' dir='ltr'><strong>est.</strong></span> <span class='ocrx_word' id='word_1_70' title='bbox 554 1162 696 1223; x_wconf 91' lang='lat' dir='ltr'><strong>debemus</strong></span> <span class='ocrx_word' id='word_1_71' title='bbox 724 1165 801 1224; x_wconf 92' lang='lat' dir='ltr'><strong>enim</strong></span> <span class='ocrx_word' id='word_1_72' title='bbox 830 1163 930 1223; x_wconf 88' lang='lat' dir='ltr'><strong>dicere</strong></span> <span class='ocrx_word' id='word_1_73' title='bbox 953 1182 1013 1224; x_wconf 92' lang='lat' dir='ltr'><strong>non</strong></span> <span class='ocrx_word' id='word_1_74' title='bbox 1036 1161 1097 1222; x_wconf 79' lang='lat' dir='ltr'><strong>‘illi</strong></span> <span class='ocrx_word' id='word_1_75' title='bbox 1120 1162 1268 1224; x_wconf 90' lang='lat' dir='ltr'><strong>secundus</strong></span> <span class='ocrx_word' id='word_1_76' title='bbox 1291 1166 1362 1233; x_wconf 90' lang='lat' dir='ltr'><strong>est&#39;,</strong></span> <span class='ocrx_word' id='word_1_77' title='bbox 1386 1162 1438 1224; x_wconf 90' lang='lat' dir='ltr'><strong>sed</strong></span> <span class='ocrx_word' id='word_1_78' title='bbox 1460 1165 1525 1223; x_wconf 75' lang='lat' dir='ltr'><strong>‘se-</strong></span> 
     </span>
     <span class='ocr_line' id='line_1_10' title="bbox 235 1264 1523 1344; baseline -0.002 -17"><span class='ocrx_word' id='word_1_79' title='bbox 235 1266 347 1327; x_wconf 91' lang='lat' dir='ltr'><strong>cundus</strong></span> <span class='ocrx_word' id='word_1_80' title='bbox 370 1265 406 1325; x_wconf 89' lang='lat' dir='ltr'><strong>ab</strong></span> <span class='ocrx_word' id='word_1_81' title='bbox 429 1266 493 1344; x_wconf 90' lang='lat' dir='ltr'><strong>ipso</strong></span> <span class='ocrx_word' id='word_1_82' title='bbox 516 1267 587 1326; x_wconf 88' lang='lat' dir='ltr'><strong>est&#39;.</strong></span> <span class='ocrx_word' id='word_1_83' title='bbox 623 1265 698 1326; x_wconf 89' lang='lat' dir='ltr'><strong>alter</strong></span> <span class='ocrx_word' id='word_1_84' title='bbox 720 1264 871 1325; x_wconf 90' lang='lat' dir='ltr'><strong>similiter:</strong></span> <span class='ocrx_word' id='word_1_85' title='bbox 896 1269 955 1324; x_wconf 87' lang='lat' dir='ltr'><strong>nou</strong></span> <span class='ocrx_word' id='word_1_86' title='bbox 978 1281 1134 1343; x_wconf 91' lang='lat' dir='ltr'><strong>possumus</strong></span> <span class='ocrx_word' id='word_1_87' title='bbox 1157 1264 1257 1325; x_wconf 89' lang='lat' dir='ltr'><strong>dicere</strong></span> <span class='ocrx_word' id='word_1_88' title='bbox 1279 1264 1369 1325; x_wconf 74' lang='lat' dir='ltr'><strong>‘alter</strong></span> <span class='ocrx_word' id='word_1_89' title='bbox 1392 1273 1437 1325; x_wconf 91' lang='lat' dir='ltr'><strong>cst</strong></span> <span class='ocrx_word' id='word_1_90' title='bbox 1459 1264 1523 1334; x_wconf 93' lang='lat' dir='ltr'><strong>illi&#39;,</strong></span> 
     </span>
     <span class='ocr_line' id='line_1_11' title="bbox 234 1365 1525 1447; baseline 0.001 -20"><span class='ocrx_word' id='word_1_91' title='bbox 234 1367 286 1429; x_wconf 91' lang='lat' dir='ltr'><strong>scd</strong></span> <span class='ocrx_word' id='word_1_92' title='bbox 315 1367 407 1428; x_wconf 74' lang='lat' dir='ltr'><strong>‘alter</strong></span> <span class='ocrx_word' id='word_1_93' title='bbox 436 1373 481 1426; x_wconf 91' lang='lat' dir='ltr'><strong>est</strong></span> <span class='ocrx_word' id='word_1_94' title='bbox 508 1365 545 1426; x_wconf 90' lang='lat' dir='ltr'><strong>ab</strong></span> <span class='ocrx_word' id='word_1_95' title='bbox 568 1366 646 1428; x_wconf 86' lang='lat' dir='ltr'><strong>illo&#39;.</strong></span> <span class='ocrx_word' id='word_1_96' title='bbox 690 1365 746 1427; x_wconf 88' lang='lat' dir='ltr'><strong>alia</strong></span> <span class='ocrx_word' id='word_1_97' title='bbox 769 1369 926 1447; x_wconf 87' lang='lat' dir='ltr'><strong>septimum</strong></span> <span class='ocrx_word' id='word_1_98' title='bbox 949 1384 1049 1427; x_wconf 91' lang='lat' dir='ltr'><strong>casum</strong></span> <span class='ocrx_word' id='word_1_99' title='bbox 1073 1374 1188 1435; x_wconf 91' lang='lat' dir='ltr'><strong>tenent,</strong></span> <span class='ocrx_word' id='word_1_100' title='bbox 1212 1376 1244 1426; x_wconf 92' lang='lat' dir='ltr'><strong>ut</strong></span> <span class='ocrx_word' id='word_1_101' title='bbox 1266 1375 1311 1428; x_wconf 87' lang='lat' dir='ltr'><strong>est</strong></span> <span class='ocrx_word' id='word_1_102' title='bbox 1333 1365 1438 1446; x_wconf 83' lang='lat' dir='ltr'><strong>dignus</strong></span> <span class='ocrx_word' id='word_1_103' title='bbox 1460 1386 1525 1428; x_wconf 89' lang='lat' dir='ltr'><strong>mu·</strong></span> 
     </span>
    </p>

    <p class='ocr_par' dir='ltr' id='par_1_3' title="bbox 175 1468 1564 1948">
     <span class='ocr_line' id='line_1_12' title="bbox 175 1468 1564 1554; baseline -0.003 -23"><span class='ocrx_word' id='word_1_104' title='bbox 175 1538 179 1546; x_wconf 87' lang='lat'>.</span> <span class='ocrx_word' id='word_1_105' title='bbox 234 1489 323 1540; x_wconf 85' lang='lat' dir='ltr'><strong>nere,</strong></span> <span class='ocrx_word' id='word_1_106' title='bbox 346 1476 458 1530; x_wconf 91' lang='lat' dir='ltr'><strong>mactus</strong></span> <span class='ocrx_word' id='word_1_107' title='bbox 480 1470 605 1554; x_wconf 69' lang='lat' dir='ltr'><strong>viritute.</strong></span> <span class='ocrx_word' id='word_1_108' title='bbox 651 1469 724 1529; x_wconf 89' lang='lat' dir='ltr'><strong>haec</strong></span> <span class='ocrx_word' id='word_1_109' title='bbox 747 1468 921 1531; x_wconf 89' lang='lat' dir='ltr'><strong>naturaliter</strong></span> <span class='ocrx_word' id='word_1_110' title='bbox 943 1469 1100 1549; x_wconf 85' lang='lat' dir='ltr'><strong>septimum</strong></span> <span class='ocrx_word' id='word_1_111' title='bbox 1121 1487 1221 1528; x_wconf 91' lang='lat' dir='ltr'><strong>casum</strong></span> <span class='ocrx_word' id='word_1_112' title='bbox 1245 1475 1354 1530; x_wconf 88' lang='lat' dir='ltr'><strong>tenent.</strong></span> <span class='ocrx_word' id='word_1_113' title='bbox 1391 1476 1524 1530; x_wconf 90' lang='lat' dir='ltr'><strong>ceterum</strong></span> <span class='ocrx_word' id='word_1_114' title='bbox 1539 1487 1564 1527; x_wconf 81' lang='lat' dir='ltr'><strong>ro</strong></span> 
     </span>
     <span class='ocr_line' id='line_1_13' title="bbox 235 1570 1525 1651; baseline -0.001 -18"><span class='ocrx_word' id='word_1_115' title='bbox 235 1579 264 1633; x_wconf 85' lang='lat' dir='ltr'><strong>et</strong></span> <span class='ocrx_word' id='word_1_116' title='bbox 286 1572 392 1651; x_wconf 80' lang='lat' dir='ltr'><strong>dignus</strong></span> <span class='ocrx_word' id='word_1_117' title='bbox 414 1570 493 1631; x_wconf 91' lang='lat' dir='ltr'><strong>illam</strong></span> <span class='ocrx_word' id='word_1_118' title='bbox 522 1590 586 1632; x_wconf 92' lang='lat' dir='ltr'><strong>rem</strong></span> <span class='ocrx_word' id='word_1_119' title='bbox 614 1570 739 1649; x_wconf 80' lang='lat' dir='ltr'><strong>legimus</strong></span> <span class='ocrx_word' id='word_1_120' title='bbox 766 1573 797 1632; x_wconf 93' lang='lat' dir='ltr'><strong>in</strong></span> <span class='ocrx_word' id='word_1_121' title='bbox 821 1571 978 1640; x_wconf 86' lang='lat' dir='ltr'><strong>Terentio,</strong></span> <span class='ocrx_word' id='word_1_122' title='bbox 1013 1571 1163 1648; x_wconf 80' lang='lat' dir='ltr'><strong>‘dignus</strong></span> <span class='ocrx_word' id='word_1_123' title='bbox 1186 1590 1324 1632; x_wconf 91' lang='lat' dir='ltr'><strong>escum</strong></span> <span class='ocrx_word' id='word_1_124' title='bbox 1348 1578 1409 1631; x_wconf 92' lang='lat' dir='ltr'><strong>tua</strong></span> <span class='ocrx_word' id='word_1_125' title='bbox 1433 1571 1525 1633; x_wconf 93' lang='lat' dir='ltr'><strong>reli·</strong></span> 
     </span>
     <span class='ocr_line' id='line_1_14' title="bbox 233 1671 1524 1753; baseline 0 -19"><span class='ocrx_word' id='word_1_126' title='bbox 233 1677 342 1753; x_wconf 83' lang='lat' dir='ltr'><strong>gione</strong></span> <span class='ocrx_word' id='word_1_127' title='bbox 365 1673 515 1733; x_wconf 90' lang='lat' dir='ltr'><strong>odium&#39;.</strong></span> <span class='ocrx_word' id='word_1_128' title='bbox 542 1681 571 1734; x_wconf 91' lang='lat' dir='ltr'><strong>et</strong></span> <span class='ocrx_word' id='word_1_129' title='bbox 592 1680 687 1733; x_wconf 90' lang='lat' dir='ltr'><strong>macte</strong></span> <span class='ocrx_word' id='word_1_130' title='bbox 711 1675 817 1735; x_wconf 90' lang='lat' dir='ltr'><strong>virtute</strong></span> <span class='ocrx_word' id='word_1_131' title='bbox 840 1673 966 1734; x_wconf 87' lang='lat' dir='ltr'><strong>dicimus</strong></span> <span class='ocrx_word' id='word_1_132' title='bbox 989 1671 1170 1741; x_wconf 87' lang='lat' dir='ltr'><strong>naturaliter,</strong></span> <span class='ocrx_word' id='word_1_133' title='bbox 1194 1673 1223 1732; x_wconf 89' lang='lat' dir='ltr'><strong>id</strong></span> <span class='ocrx_word' id='word_1_134' title='bbox 1248 1681 1292 1733; x_wconf 90' lang='lat' dir='ltr'><strong>est</strong></span> <span class='ocrx_word' id='word_1_135' title='bbox 1314 1675 1406 1752; x_wconf 82' lang='lat' dir='ltr'><strong>magis</strong></span> <span class='ocrx_word' id='word_1_136' title='bbox 1429 1683 1524 1742; x_wconf 90' lang='lat' dir='ltr'><strong>aucte,</strong></span> 
     </span>
     <span class='ocr_line' id='line_1_15' title="bbox 234 1773 1525 1855; baseline -0.002 -19"><span class='ocrx_word' id='word_1_137' title='bbox 234 1781 369 1836; x_wconf 86' lang='lat' dir='ltr'><strong>‘macte</strong></span> <span class='ocrx_word' id='word_1_138' title='bbox 403 1794 492 1836; x_wconf 88' lang='lat' dir='ltr'><strong>nova</strong></span> <span class='ocrx_word' id='word_1_139' title='bbox 532 1778 670 1837; x_wconf 88' lang='lat' dir='ltr'><strong>virtute</strong></span> <span class='ocrx_word' id='word_1_140' title='bbox 707 1781 833 1855; x_wconf 84' lang='lat' dir='ltr'><strong>puer’;</strong></span> <span class='ocrx_word' id='word_1_141' title='bbox 872 1784 970 1836; x_wconf 90' lang='lat' dir='ltr'><strong>tamen</strong></span> <span class='ocrx_word' id='word_1_142' title='bbox 1005 1773 1128 1853; x_wconf 83' lang='lat' dir='ltr'><strong>legimus</strong></span> <span class='ocrx_word' id='word_1_143' title='bbox 1162 1784 1191 1836; x_wconf 93' lang='lat' dir='ltr'><strong>et</strong></span> <span class='ocrx_word' id='word_1_144' title='bbox 1224 1783 1319 1837; x_wconf 88' lang='lat' dir='ltr'><strong>macte</strong></span> <span class='ocrx_word' id='word_1_145' title='bbox 1348 1777 1462 1836; x_wconf 90' lang='lat' dir='ltr'><strong>virtutis</strong></span> <span class='ocrx_word' id='word_1_146' title='bbox 1495 1777 1525 1834; x_wconf 92' lang='lat' dir='ltr'><strong>in</strong></span> 
     </span>
     <span class='ocr_line' id='line_1_16' title="bbox 233 1879 340 1948; baseline -0.019 -8"><span class='ocrx_word' id='word_1_147' title='bbox 233 1879 340 1948; x_wconf 83' lang='lat' dir='ltr'><strong>Statio,</strong></span> 
     </span>
    </p>

    <p class='ocr_par' dir='ltr' id='par_1_4' title="bbox 115 1979 1563 4405">
     <span class='ocr_line' id='line_1_17' title="bbox 385 1979 1563 2059; baseline -0.003 -19"><span class='ocrx_word' id='word_1_148' title='bbox 385 1988 501 2040; x_wconf 90' lang='lat' dir='ltr'><strong>macte</strong></span> <span class='ocrx_word' id='word_1_149' title='bbox 525 1982 651 2050; x_wconf 89' lang='lat' dir='ltr'><strong>animi,</strong></span> <span class='ocrx_word' id='word_1_150' title='bbox 676 1980 808 2058; x_wconf 82' lang='lat' dir='ltr'><strong>dignus</strong></span> <span class='ocrx_word' id='word_1_151' title='bbox 829 1981 948 2041; x_wconf 91' lang='lat' dir='ltr'><strong>tantis</strong></span> <span class='ocrx_word' id='word_1_152' title='bbox 971 1981 1032 2059; x_wconf 88' lang='lat' dir='ltr'><strong>qui</strong></span> <span class='ocrx_word' id='word_1_153' title='bbox 1056 1979 1226 2040; x_wconf 88' lang='lat' dir='ltr'><strong>crederis</strong></span> <span class='ocrx_word' id='word_1_154' title='bbox 1249 1981 1371 2042; x_wconf 91' lang='lat' dir='ltr'><strong>armis.</strong></span> <span class='ocrx_word' id='word_1_155' title='bbox 1539 1997 1563 2037; x_wconf 74' lang='grc' dir='ltr'><strong>ιε</strong></span> 
     </span>
     <span class='ocr_line' id='line_1_18' title="bbox 166 2064 1332 2160; baseline -0.001 -18"><span class='ocrx_word' id='word_1_156' title='bbox 166 2087 169 2093; x_wconf 86' lang='grc'><strong>’</strong></span> <span class='ocrx_word' id='word_1_157' title='bbox 232 2083 350 2142; x_wconf 90' lang='lat' dir='ltr'><strong>interim</strong></span> <span class='ocrx_word' id='word_1_158' title='bbox 374 2082 515 2143; x_wconf 91' lang='lat' dir='ltr'><strong>naturalis</strong></span> <span class='ocrx_word' id='word_1_159' title='bbox 539 2102 592 2143; x_wconf 82' lang='lat' dir='ltr'><strong>vox</strong></span> <span class='ocrx_word' id='word_1_160' title='bbox 616 2091 660 2142; x_wconf 93' lang='lat' dir='ltr'><strong>est</strong></span> <span class='ocrx_word' id='word_1_161' title='bbox 682 2081 805 2160; x_wconf 84' lang='lat' dir='ltr'><strong>‘dignus</strong></span> <span class='ocrx_word' id='word_1_162' title='bbox 827 2064 969 2142; x_wconf 82' lang='lat' dir='ltr'><strong>muncre&#39;</strong></span> <span class='ocrx_word' id='word_1_163' title='bbox 993 2088 1022 2142; x_wconf 92' lang='lat' dir='ltr'><strong>et</strong></span> <span class='ocrx_word' id='word_1_164' title='bbox 1044 2082 1177 2141; x_wconf 78' lang='lat' dir='ltr'><strong>‘mactus</strong></span> <span class='ocrx_word' id='word_1_165' title='bbox 1200 2083 1332 2141; x_wconf 89' lang='lat' dir='ltr'><strong>virtute&#39;.</strong></span> 
     </span>
     <span class='ocr_line' id='line_1_19' title="bbox 115 2182 1525 2264; baseline 0 -20"><span class='ocrx_word' id='word_1_166' title='bbox 115 2197 220 2256; x_wconf 66' lang='lat' dir='ltr'><strong>tuate</strong></span> <span class='ocrx_word' id='word_1_167' title='bbox 317 2182 423 2244; x_wconf 84' lang='lat' dir='ltr'><strong>Omnia</strong></span> <span class='ocrx_word' id='word_1_168' title='bbox 447 2186 564 2244; x_wconf 91' lang='lat' dir='ltr'><strong>uomina</strong></span> <span class='ocrx_word' id='word_1_169' title='bbox 588 2183 715 2244; x_wconf 90' lang='lat' dir='ltr'><strong>ablativo</strong></span> <span class='ocrx_word' id='word_1_170' title='bbox 737 2183 879 2261; x_wconf 78' lang='lat' dir='ltr'><strong>singulari</strong></span> <span class='ocrx_word' id='word_1_171' title='bbox 908 2185 1037 2264; x_wconf 86' lang='lat' dir='ltr'><strong>quinque</strong></span> <span class='ocrx_word' id='word_1_172' title='bbox 1060 2182 1166 2243; x_wconf 90' lang='lat' dir='ltr'><strong>litteris</strong></span> <span class='ocrx_word' id='word_1_173' title='bbox 1189 2182 1340 2244; x_wconf 89' lang='lat' dir='ltr'><strong>vocalibus</strong></span> <span class='ocrx_word' id='word_1_174' title='bbox 1362 2185 1525 2244; x_wconf 88' lang='lat' dir='ltr'><strong>terminan-</strong></span> 
     </span>
     <span class='ocr_line' id='line_1_20' title="bbox 115 2265 1524 2366; baseline 0.001 -20"><span class='ocrx_word' id='word_1_175' title='bbox 115 2265 290 2346; x_wconf 59' lang='lat' dir='ltr'><strong>49⁴⁵’²³tur.</strong></span> <span class='ocrx_word' id='word_1_176' title='bbox 335 2286 487 2364; x_wconf 82' lang='lat' dir='ltr'><strong>genetivus</strong></span> <span class='ocrx_word' id='word_1_177' title='bbox 509 2285 630 2366; x_wconf 83' lang='lat' dir='ltr'><strong>pluralis</strong></span> <span class='ocrx_word' id='word_1_178' title='bbox 654 2292 683 2345; x_wconf 89' lang='lat' dir='ltr'><strong>et</strong></span> <span class='ocrx_word' id='word_1_179' title='bbox 705 2285 819 2346; x_wconf 85' lang='lat' dir='ltr'><strong>dativus</strong></span> <span class='ocrx_word' id='word_1_180' title='bbox 841 2295 870 2347; x_wconf 92' lang='lat' dir='ltr'><strong>et</strong></span> <span class='ocrx_word' id='word_1_181' title='bbox 892 2285 1035 2346; x_wconf 91' lang='lat' dir='ltr'><strong>ablativus</strong></span> <span class='ocrx_word' id='word_1_182' title='bbox 1058 2287 1088 2345; x_wconf 91' lang='lat' dir='ltr'><strong>in</strong></span> <span class='ocrx_word' id='word_1_183' title='bbox 1118 2284 1329 2347; x_wconf 87' lang='lat' dir='ltr'><strong>dubitationem</strong></span> <span class='ocrx_word' id='word_1_184' title='bbox 1353 2288 1473 2346; x_wconf 89' lang='lat' dir='ltr'><strong>veniunt</strong></span> <span class='ocrx_word' id='word_1_185' title='bbox 1496 2296 1524 2347; x_wconf 92' lang='lat' dir='ltr'><strong>et</strong></span> 
     </span>
     <span class='ocr_line' id='line_1_21' title="bbox 232 2373 1526 2467; baseline 0.001 -20"><span class='ocrx_word' id='word_1_186' title='bbox 232 2389 312 2448; x_wconf 89' lang='lat' dir='ltr'><strong>varie</strong></span> <span class='ocrx_word' id='word_1_187' title='bbox 335 2373 529 2450; x_wconf 84' lang='lat' dir='ltr'><strong>declinantur.</strong></span> <span class='ocrx_word' id='word_1_188' title='bbox 576 2388 693 2467; x_wconf 82' lang='lat' dir='ltr'><strong>quando</strong></span> <span class='ocrx_word' id='word_1_189' title='bbox 715 2396 817 2449; x_wconf 80' lang='lat' dir='ltr'><strong>autern-</strong></span> <span class='ocrx_word' id='word_1_190' title='bbox 839 2387 883 2447; x_wconf 93' lang='lat' dir='ltr'><strong>vel</strong></span> <span class='ocrx_word' id='word_1_191' title='bbox 911 2389 950 2448; x_wconf 90' lang='lat' dir='ltr'><strong>ita</strong></span> <span class='ocrx_word' id='word_1_192' title='bbox 973 2387 1017 2447; x_wconf 91' lang='lat' dir='ltr'><strong>vel</strong></span> <span class='ocrx_word' id='word_1_193' title='bbox 1040 2389 1079 2448; x_wconf 89' lang='lat' dir='ltr'><strong>ita</strong></span> <span class='ocrx_word' id='word_1_194' title='bbox 1102 2386 1298 2457; x_wconf 86' lang='lat' dir='ltr'><strong>declinemus,</strong></span> <span class='ocrx_word' id='word_1_195' title='bbox 1327 2387 1526 2466; x_wconf 84' lang='lat' dir='ltr'><strong>intellegimus</strong></span> 
     </span>
     <span class='ocr_line' id='line_1_22' title="bbox 232 2487 1563 2569; baseline -0.002 -19"><span class='ocrx_word' id='word_1_196' title='bbox 232 2509 270 2550; x_wconf 83' lang='lat' dir='ltr'><strong>ex</strong></span> <span class='ocrx_word' id='word_1_197' title='bbox 291 2489 417 2551; x_wconf 88' lang='lat' dir='ltr'><strong>ablativo</strong></span> <span class='ocrx_word' id='word_1_198' title='bbox 445 2490 595 2569; x_wconf 83' lang='lat' dir='ltr'><strong>singulari.</strong></span> <span class='ocrx_word' id='word_1_199' title='bbox 642 2497 670 2551; x_wconf 91' lang='lat' dir='ltr'><strong>et</strong></span> <span class='ocrx_word' id='word_1_200' title='bbox 693 2490 770 2551; x_wconf 89' lang='lat' dir='ltr'><strong>bene</strong></span> <span class='ocrx_word' id='word_1_201' title='bbox 798 2491 933 2551; x_wconf 89' lang='lat' dir='ltr'><strong>lecerunt</strong></span> <span class='ocrx_word' id='word_1_202' title='bbox 955 2491 1080 2551; x_wconf 85' lang='lat' dir='ltr'><strong>Romani</strong></span> <span class='ocrx_word' id='word_1_203' title='bbox 1102 2487 1139 2549; x_wconf 91' lang='lat' dir='ltr'><strong>ab</strong></span> <span class='ocrx_word' id='word_1_204' title='bbox 1162 2488 1287 2550; x_wconf 90' lang='lat' dir='ltr'><strong>ablativo</strong></span> <span class='ocrx_word' id='word_1_205' title='bbox 1310 2488 1453 2568; x_wconf 82' lang='lat' dir='ltr'><strong>singulari</strong></span> <span class='ocrx_word' id='word_1_206' title='bbox 1475 2510 1523 2552; x_wconf 90' lang='lat' dir='ltr'><strong>su·</strong></span> <span class='ocrx_word' id='word_1_207' title='bbox 1537 2509 1563 2548; x_wconf 78' lang='lat' dir='ltr'><strong>ao</strong></span> 
     </span>
     <span class='ocr_line' id='line_1_23' title="bbox 232 2591 1523 2673; baseline 0.001 -19"><span class='ocrx_word' id='word_1_208' title='bbox 232 2612 314 2655; x_wconf 91' lang='lat' dir='ltr'><strong>mere</strong></span> <span class='ocrx_word' id='word_1_209' title='bbox 337 2591 464 2671; x_wconf 79' lang='lat' dir='ltr'><strong>regulas.</strong></span> <span class='ocrx_word' id='word_1_210' title='bbox 496 2611 551 2671; x_wconf 89' lang='lat' dir='ltr'><strong>qua</strong></span> <span class='ocrx_word' id='word_1_211' title='bbox 574 2595 706 2654; x_wconf 77' lang='lat' dir='ltr'><strong>ratione?</strong></span> <span class='ocrx_word' id='word_1_212' title='bbox 729 2594 867 2673; x_wconf 89' lang='lat' dir='ltr'><strong>quoniam</strong></span> <span class='ocrx_word' id='word_1_213' title='bbox 890 2593 944 2653; x_wconf 90' lang='lat' dir='ltr'><strong>istc</strong></span> <span class='ocrx_word' id='word_1_214' title='bbox 967 2593 1106 2671; x_wconf 85' lang='lat' dir='ltr'><strong>proprius</strong></span> <span class='ocrx_word' id='word_1_215' title='bbox 1128 2594 1260 2670; x_wconf 88' lang='lat' dir='ltr'><strong>ipsorum</strong></span> <span class='ocrx_word' id='word_1_216' title='bbox 1284 2599 1340 2651; x_wconf 87' lang='lat' dir='ltr'><strong>est:</strong></span> <span class='ocrx_word' id='word_1_217' title='bbox 1364 2591 1523 2655; x_wconf 86' lang='lat' dir='ltr'><strong>ablativum</strong></span> 
     </span>
     <span class='ocr_line' id='line_1_24' title="bbox 232 2692 1525 2770; baseline 0.001 -15"><span class='ocrx_word' id='word_1_218' title='bbox 232 2695 310 2756; x_wconf 88' lang='lat' dir='ltr'><strong>enim</strong></span> <span class='ocrx_word' id='word_1_219' title='bbox 335 2695 440 2756; x_wconf 87' lang='lat' dir='ltr'><strong>Graeci</strong></span> <span class='ocrx_word' id='word_1_220' title='bbox 462 2713 521 2754; x_wconf 92' lang='lat' dir='ltr'><strong>non</strong></span> <span class='ocrx_word' id='word_1_221' title='bbox 546 2693 668 2765; x_wconf 88' lang='lat' dir='ltr'><strong>babent,</strong></span> <span class='ocrx_word' id='word_1_222' title='bbox 692 2696 743 2756; x_wconf 93' lang='lat' dir='ltr'><strong>sed</strong></span> <span class='ocrx_word' id='word_1_223' title='bbox 767 2696 900 2757; x_wconf 73' lang='lat' dir='ltr'><strong>Romani,</strong></span> <span class='ocrx_word' id='word_1_224' title='bbox 941 2693 1083 2754; x_wconf 84' lang='lat' dir='ltr'><strong>debuerat</strong></span> <span class='ocrx_word' id='word_1_225' title='bbox 1106 2710 1176 2770; x_wconf 80' lang='lat' dir='ltr'><strong>ergo</strong></span> <span class='ocrx_word' id='word_1_226' title='bbox 1202 2697 1207 2769; x_wconf 89' lang='grc' dir='ltr'>Ι</span> <span class='ocrx_word' id='word_1_227' title='bbox 1233 2692 1330 2754; x_wconf 89' lang='lat' dir='ltr'><strong>latinis</strong></span> <span class='ocrx_word' id='word_1_228' title='bbox 1352 2695 1525 2756; x_wconf 88' lang='lat' dir='ltr'><strong>nominibus</strong></span> 
     </span>
     <span class='ocr_line' id='line_1_25' title="bbox 232 2794 1524 2874; baseline 0.002 -19"><span class='ocrx_word' id='word_1_229' title='bbox 232 2795 339 2857; x_wconf 90' lang='lat' dir='ltr'><strong>latinus</strong></span> <span class='ocrx_word' id='word_1_230' title='bbox 367 2815 450 2857; x_wconf 88' lang='lat' dir='ltr'><strong>casus</strong></span> <span class='ocrx_word' id='word_1_231' title='bbox 484 2795 602 2873; x_wconf 81' lang='lat' dir='ltr'><strong>regulas</strong></span> <span class='ocrx_word' id='word_1_232' title='bbox 635 2797 715 2857; x_wconf 89' lang='lat' dir='ltr'><strong>dare.</strong></span> <span class='ocrx_word' id='word_1_233' title='bbox 760 2797 872 2857; x_wconf 91' lang='lat' dir='ltr'><strong>idcirco</strong></span> <span class='ocrx_word' id='word_1_234' title='bbox 901 2795 938 2856; x_wconf 93' lang='lat' dir='ltr'><strong>ab</strong></span> <span class='ocrx_word' id='word_1_235' title='bbox 967 2797 1031 2874; x_wconf 86' lang='lat' dir='ltr'><strong>ipso</strong></span> <span class='ocrx_word' id='word_1_236' title='bbox 1059 2794 1176 2872; x_wconf 81' lang='lat' dir='ltr'><strong>regulas</strong></span> <span class='ocrx_word' id='word_1_237' title='bbox 1204 2794 1374 2866; x_wconf 90' lang='lat' dir='ltr'><strong>sumebant,</strong></span> <span class='ocrx_word' id='word_1_238' title='bbox 1405 2816 1463 2857; x_wconf 93' lang='lat' dir='ltr'><strong>non</strong></span> <span class='ocrx_word' id='word_1_239' title='bbox 1487 2797 1524 2858; x_wconf 92' lang='lat' dir='ltr'><strong>ab</strong></span> 
     </span>
     <span class='ocr_line' id='line_1_26' title="bbox 232 2897 1523 2979; baseline 0.002 -21"><span class='ocrx_word' id='word_1_240' title='bbox 232 2898 305 2959; x_wconf 91' lang='lat' dir='ltr'><strong>aliis.</strong></span> <span class='ocrx_word' id='word_1_241' title='bbox 337 2897 480 2959; x_wconf 90' lang='lat' dir='ltr'><strong>ablativus</strong></span> <span class='ocrx_word' id='word_1_242' title='bbox 502 2908 600 2959; x_wconf 90' lang='lat' dir='ltr'><strong>autem</strong></span> <span class='ocrx_word' id='word_1_243' title='bbox 622 2899 779 2977; x_wconf 79' lang='lat' dir='ltr'><strong>singularis</strong></span> <span class='ocrx_word' id='word_1_244' title='bbox 801 2902 937 2979; x_wconf 87' lang='lat' dir='ltr'><strong>quinque·</strong></span> <span class='ocrx_word' id='word_1_245' title='bbox 960 2897 1065 2956; x_wconf 90' lang='lat' dir='ltr'><strong>litteris</strong></span> <span class='ocrx_word' id='word_1_246' title='bbox 1088 2898 1280 2967; x_wconf 89' lang='lat' dir='ltr'><strong>terminatur,</strong></span> <span class='ocrx_word' id='word_1_247' title='bbox 1304 2916 1319 2958; x_wconf 89' lang='lat' dir='ltr'><strong>a</strong></span> <span class='ocrx_word' id='word_1_248' title='bbox 1343 2918 1358 2957; x_wconf 89' lang='lat' dir='ltr'><strong>e</strong></span> <span class='ocrx_word' id='word_1_249' title='bbox 1380 2901 1389 2958; x_wconf 92' lang='lat' dir='ltr'><strong>i</strong></span> <span class='ocrx_word' id='word_1_250' title='bbox 1411 2918 1428 2959; x_wconf 99' lang='lat' dir='ltr'><strong>o</strong></span> <span class='ocrx_word' id='word_1_251' title='bbox 1448 2918 1479 2959; x_wconf 93' lang='lat' dir='ltr'><strong>u:</strong></span> <span class='ocrx_word' id='word_1_252' title='bbox 1497 2919 1523 2968; x_wconf 91' lang='lat' dir='ltr'><strong>a,</strong></span> 
     </span>
     <span class='ocr_line' id='line_1_27' title="bbox 232 2998 1563 3081; baseline 0.001 -20"><span class='ocrx_word' id='word_1_253' title='bbox 232 3007 264 3061; x_wconf 93' lang='lat' dir='ltr'><strong>ut</strong></span> <span class='ocrx_word' id='word_1_254' title='bbox 291 3000 387 3068; x_wconf 72' lang='lat' dir='ltr'><strong>linem</strong></span> <span class='ocrx_word' id='word_1_255' title='bbox 416 3019 432 3060; x_wconf 93' lang='lat' dir='ltr'><strong>e</strong></span> <span class='ocrx_word' id='word_1_256' title='bbox 461 3009 598 3080; x_wconf 89' lang='lat' dir='ltr'><strong>correpto</strong></span> <span class='ocrx_word' id='word_1_257' title='bbox 627 3001 797 3080; x_wconf 81' lang='lat' dir='ltr'><strong>aliquando,</strong></span> <span class='ocrx_word' id='word_1_258' title='bbox 827 3000 986 3081; x_wconf 87' lang='lat' dir='ltr'><strong>aliquando</strong></span> <span class='ocrx_word' id='word_1_259' title='bbox 1019 2998 1180 3078; x_wconf 83' lang='lat' dir='ltr'><strong>producto,</strong></span> <span class='ocrx_word' id='word_1_260' title='bbox 1216 3009 1369 3079; x_wconf 86' lang='lat' dir='ltr'><strong>correpto,</strong></span> <span class='ocrx_word' id='word_1_261' title='bbox 1401 3000 1438 3061; x_wconf 94' lang='lat' dir='ltr'><strong>ab</strong></span> <span class='ocrx_word' id='word_1_262' title='bbox 1467 3001 1563 3062; x_wconf 71' lang='lat' dir='ltr'><strong>hocas</strong></span> 
     </span>
     <span class='ocr_line' id='line_1_28' title="bbox 230 3100 1446 3184; baseline 0 -22"><span class='ocrx_word' id='word_1_263' title='bbox 230 3104 357 3182; x_wconf 85' lang='lat' dir='ltr'><strong>pariete,</strong></span> <span class='ocrx_word' id='word_1_264' title='bbox 383 3102 541 3182; x_wconf 87' lang='lat' dir='ltr'><strong>producto,</strong></span> <span class='ocrx_word' id='word_1_265' title='bbox 566 3102 602 3163; x_wconf 90' lang='lat' dir='ltr'><strong>ab</strong></span> <span class='ocrx_word' id='word_1_266' title='bbox 625 3104 681 3163; x_wconf 90' lang='lat' dir='ltr'><strong>hac</strong></span> <span class='ocrx_word' id='word_1_267' title='bbox 704 3104 764 3171; x_wconf 91' lang='lat' dir='ltr'><strong>die;</strong></span> <span class='ocrx_word' id='word_1_268' title='bbox 787 3105 811 3172; x_wconf 93' lang='lat' dir='ltr'><strong>i,</strong></span> <span class='ocrx_word' id='word_1_269' title='bbox 835 3105 941 3184; x_wconf 87' lang='lat' dir='ltr'><strong>puppi,</strong></span> <span class='ocrx_word' id='word_1_270' title='bbox 967 3121 1000 3171; x_wconf 94' lang='lat' dir='ltr'><strong>o,</strong></span> <span class='ocrx_word' id='word_1_271' title='bbox 1025 3101 1127 3171; x_wconf 91' lang='lat' dir='ltr'><strong>docto,</strong></span> <span class='ocrx_word' id='word_1_272' title='bbox 1152 3120 1186 3170; x_wconf 94' lang='lat' dir='ltr'><strong>u,</strong></span> <span class='ocrx_word' id='word_1_273' title='bbox 1210 3100 1326 3162; x_wconf 87' lang='lat' dir='ltr'><strong>abhoc</strong></span> <span class='ocrx_word' id='word_1_274' title='bbox 1349 3120 1446 3163; x_wconf 90' lang='lat' dir='ltr'><strong>versu.</strong></span> 
     </span>
     <span class='ocr_line' id='line_1_29' title="bbox 131 3189 1523 3283; baseline 0 -17"><span class='ocrx_word' id='word_1_275' title='bbox 131 3218 219 3277; x_wconf 62' lang='lat' dir='ltr'><strong>lana</strong></span> <span class='ocrx_word' id='word_1_276' title='bbox 317 3189 537 3266; x_wconf 78' lang='lat' dir='ltr'><strong>,ttermiuatus</strong></span> <span class='ocrx_word' id='word_1_277' title='bbox 560 3205 704 3266; x_wconf 89' lang='lat' dir='ltr'><strong>ablativus</strong></span> <span class='ocrx_word' id='word_1_278' title='bbox 726 3207 892 3283; x_wconf 77' lang='lat' dir='ltr'><strong>genetivum</strong></span> <span class='ocrx_word' id='word_1_279' title='bbox 909 3208 938 3265; x_wconf 93' lang='lat' dir='ltr'><strong>in</strong></span> <span class='ocrx_word' id='word_1_280' title='bbox 955 3223 1021 3265; x_wconf 91' lang='lat' dir='ltr'><strong>rum</strong></span> <span class='ocrx_word' id='word_1_281' title='bbox 1038 3205 1140 3272; x_wconf 91' lang='lat' dir='ltr'><strong>mittit,</strong></span> <span class='ocrx_word' id='word_1_282' title='bbox 1165 3203 1291 3263; x_wconf 90' lang='lat' dir='ltr'><strong>dativum</strong></span> <span class='ocrx_word' id='word_1_283' title='bbox 1314 3212 1343 3264; x_wconf 91' lang='lat' dir='ltr'><strong>et</strong></span> <span class='ocrx_word' id='word_1_284' title='bbox 1365 3203 1523 3266; x_wconf 77' lang='lat' dir='ltr'><strong>ablativum</strong></span> 
     </span>
     <span class='ocr_line' id='line_1_30' title="bbox 229 3305 1524 3387; baseline 0.002 -20"><span class='ocrx_word' id='word_1_285' title='bbox 229 3308 259 3367; x_wconf 93' lang='lat' dir='ltr'><strong>in</strong></span> <span class='ocrx_word' id='word_1_286' title='bbox 283 3308 320 3376; x_wconf 91' lang='lat' dir='ltr'><strong>is,</strong></span> <span class='ocrx_word' id='word_1_287' title='bbox 351 3305 387 3366; x_wconf 90' lang='lat' dir='ltr'><strong>ab</strong></span> <span class='ocrx_word' id='word_1_288' title='bbox 416 3306 469 3366; x_wconf 87' lang='lat' dir='ltr'><strong>hac</strong></span> <span class='ocrx_word' id='word_1_289' title='bbox 493 3307 572 3366; x_wconf 86' lang='lat' dir='ltr'><strong>llusa</strong></span> <span class='ocrx_word' id='word_1_290' title='bbox 601 3308 751 3368; x_wconf 76' lang='lat' dir='ltr'><strong>illusarum</strong></span> <span class='ocrx_word' id='word_1_291' title='bbox 779 3306 824 3366; x_wconf 88' lang='lat' dir='ltr'><strong>ivis</strong></span> <span class='ocrx_word' id='word_1_292' title='bbox 854 3314 882 3366; x_wconf 90' lang='lat' dir='ltr'><strong>et</strong></span> <span class='ocrx_word' id='word_1_293' title='bbox 910 3305 946 3366; x_wconf 90' lang='lat' dir='ltr'><strong>ab</strong></span> <span class='ocrx_word' id='word_1_294' title='bbox 970 3305 1015 3365; x_wconf 88' lang='lat' dir='ltr'><strong>ivis</strong></span> <span class='ocrx_word' id='word_1_295' title='bbox 1037 3307 1137 3366; x_wconf 88' lang='lat' dir='ltr'><strong>illusis.</strong></span> <span class='ocrx_word' id='word_1_296' title='bbox 1181 3307 1331 3384; x_wconf 75' lang='lat' dir='ltr'><strong>‹livaeritm</strong></span> <span class='ocrx_word' id='word_1_297' title='bbox 1354 3327 1413 3387; x_wconf 87' lang='lat' dir='ltr'><strong>quo</strong></span> <span class='ocrx_word' id='word_1_298' title='bbox 1436 3309 1524 3370; x_wconf 92' lang='lat' dir='ltr'><strong>modo</strong></span> 
     </span>
     <span class='ocr_line' id='line_1_31' title="bbox 231 3397 1524 3478; baseline 0.003 -11"><span class='ocrx_word' id='word_1_299' title='bbox 231 3409 362 3469; x_wconf 90' lang='lat' dir='ltr'><strong>dicamus</strong></span> <span class='ocrx_word' id='word_1_300' title='bbox 385 3407 437 3468; x_wconf 86' lang='lat' dir='ltr'><strong>dea</strong></span> <span class='ocrx_word' id='word_1_301' title='bbox 462 3407 601 3477; x_wconf 88' lang='lat' dir='ltr'><strong>dearum,</strong></span> <span class='ocrx_word' id='word_1_302' title='bbox 631 3397 730 3470; x_wconf 61' lang='lat' dir='ltr'><strong>u&#39;trurn</strong></span> <span class='ocrx_word' id='word_1_303' title='bbox 759 3409 821 3468; x_wconf 90' lang='lat' dir='ltr'><strong>deis</strong></span> <span class='ocrx_word' id='word_1_304' title='bbox 849 3427 885 3470; x_wconf 94' lang='lat' dir='ltr'><strong>an</strong></span> <span class='ocrx_word' id='word_1_305' title='bbox 908 3407 1037 3468; x_wconf 79' lang='lat' dir='ltr'><strong>deabus?</strong></span> <span class='ocrx_word' id='word_1_306' title='bbox 1065 3408 1106 3466; x_wconf 91' lang='lat' dir='ltr'><strong>ait</strong></span> <span class='ocrx_word' id='word_1_307' title='bbox 1128 3408 1169 3466; x_wconf 93' lang='lat' dir='ltr'><strong>sic</strong></span> <span class='ocrx_word' id='word_1_308' title='bbox 1192 3407 1336 3478; x_wconf 90' lang='lat' dir='ltr'><strong>lionatus,</strong></span> <span class='ocrx_word' id='word_1_309' title='bbox 1362 3409 1524 3471; x_wconf 85' lang='lat' dir='ltr'><strong>‘debemus</strong></span> 
     </span>
     <span class='ocr_line' id='line_1_32' title="bbox 230 3508 1563 3591; baseline 0.003 -21"><span class='ocrx_word' id='word_1_310' title='bbox 230 3511 348 3591; x_wconf 81' lang='lat' dir='ltr'><strong>quidem</strong></span> <span class='ocrx_word' id='word_1_311' title='bbox 371 3509 488 3588; x_wconf 85' lang='lat' dir='ltr'><strong>regulas</strong></span> <span class='ocrx_word' id='word_1_312' title='bbox 509 3513 607 3590; x_wconf 90' lang='lat' dir='ltr'><strong>sequi,</strong></span> <span class='ocrx_word' id='word_1_313' title='bbox 631 3511 692 3581; x_wconf 93' lang='lat' dir='ltr'><strong>sed,</strong></span> <span class='ocrx_word' id='word_1_314' title='bbox 717 3530 753 3570; x_wconf 92' lang='lat' dir='ltr'><strong>ne</strong></span> <span class='ocrx_word' id='word_1_315' title='bbox 776 3508 992 3571; x_wconf 76' lang='lat' dir='ltr'><strong>confundamus</strong></span> <span class='ocrx_word' id='word_1_316' title='bbox 1014 3527 1117 3569; x_wconf 85' lang='lat' dir='ltr'><strong>sexum</strong></span> <span class='ocrx_word' id='word_1_317' title='bbox 1141 3518 1170 3569; x_wconf 86' lang='lat' dir='ltr'><strong>et</strong></span> <span class='ocrx_word' id='word_1_318' title='bbox 1192 3512 1305 3571; x_wconf 90' lang='lat' dir='ltr'><strong>nescias</strong></span> <span class='ocrx_word' id='word_1_319' title='bbox 1327 3520 1429 3573; x_wconf 92' lang='lat' dir='ltr'><strong>utrum</strong></span> <span class='ocrx_word' id='word_1_320' title='bbox 1451 3513 1524 3574; x_wconf 92' lang='lat' dir='ltr'><strong>deos</strong></span> <span class='ocrx_word' id='word_1_321' title='bbox 1538 3534 1563 3574; x_wconf 83' lang='lat' dir='ltr'><strong>so</strong></span> 
     </span>
     <span class='ocr_line' id='line_1_33' title="bbox 230 3610 1524 3681; baseline 0.002 -9"><span class='ocrx_word' id='word_1_322' title='bbox 230 3612 363 3673; x_wconf 90' lang='lat' dir='ltr'><strong>dicamus</strong></span> <span class='ocrx_word' id='word_1_323' title='bbox 386 3630 422 3672; x_wconf 92' lang='lat' dir='ltr'><strong>an</strong></span> <span class='ocrx_word' id='word_1_324' title='bbox 446 3611 530 3681; x_wconf 88' lang='lat' dir='ltr'><strong>deas,</strong></span> <span class='ocrx_word' id='word_1_325' title='bbox 555 3614 597 3672; x_wconf 89' lang='lat' dir='ltr'><strong>sic</strong></span> <span class='ocrx_word' id='word_1_326' title='bbox 619 3611 775 3673; x_wconf 87' lang='lat' dir='ltr'><strong>admittere</strong></span> <span class='ocrx_word' id='word_1_327' title='bbox 798 3621 830 3672; x_wconf 91' lang='lat' dir='ltr'><strong>ut</strong></span> <span class='ocrx_word' id='word_1_328' title='bbox 853 3612 984 3671; x_wconf 90' lang='lat' dir='ltr'><strong>dicamus</strong></span> <span class='ocrx_word' id='word_1_329' title='bbox 1007 3610 1127 3677; x_wconf 89' lang='lat' dir='ltr'><strong>deabus,</strong></span> <span class='ocrx_word' id='word_1_330' title='bbox 1152 3630 1211 3671; x_wconf 91' lang='lat' dir='ltr'><strong>non</strong></span> <span class='ocrx_word' id='word_1_331' title='bbox 1235 3620 1312 3681; x_wconf 85' lang='lat' dir='ltr'><strong>arte,</strong></span> <span class='ocrx_word' id='word_1_332' title='bbox 1336 3614 1386 3673; x_wconf 90' lang='lat' dir='ltr'><strong>sed</strong></span> <span class='ocrx_word' id='word_1_333' title='bbox 1410 3613 1524 3675; x_wconf 90' lang='lat' dir='ltr'><strong>discer-</strong></span> 
     </span>
     <span class='ocr_line' id='line_1_34' title="bbox 231 3712 1524 3791; baseline 0.003 -17"><span class='ocrx_word' id='word_1_334' title='bbox 231 3715 321 3776; x_wconf 92' lang='lat' dir='ltr'><strong>nendi</strong></span> <span class='ocrx_word' id='word_1_335' title='bbox 344 3731 430 3774; x_wconf 82' lang='lat' dir='ltr'><strong>sexus</strong></span> <span class='ocrx_word' id='word_1_336' title='bbox 453 3715 569 3774; x_wconf 89' lang='lat' dir='ltr'><strong>causa&#39;.</strong></span> <span class='ocrx_word' id='word_1_337' title='bbox 600 3713 656 3774; x_wconf 91' lang='lat' dir='ltr'><strong>boc</strong></span> <span class='ocrx_word' id='word_1_338' title='bbox 679 3713 752 3773; x_wconf 83' lang='lat' dir='ltr'><strong>dixit</strong></span> <span class='ocrx_word' id='word_1_339' title='bbox 773 3721 802 3774; x_wconf 89' lang='lat' dir='ltr'><strong>et</strong></span> <span class='ocrx_word' id='word_1_340' title='bbox 825 3713 964 3773; x_wconf 84' lang='lat' dir='ltr'><strong>abstinuit</strong></span> <span class='ocrx_word' id='word_1_341' title='bbox 986 3730 1017 3772; x_wconf 94' lang='lat' dir='ltr'><strong>se</strong></span> <span class='ocrx_word' id='word_1_342' title='bbox 1041 3732 1056 3773; x_wconf 96' lang='lat' dir='ltr'><strong>a</strong></span> <span class='ocrx_word' id='word_1_343' title='bbox 1079 3731 1121 3782; x_wconf 91' lang='lat' dir='ltr'><strong>re,</strong></span> <span class='ocrx_word' id='word_1_344' title='bbox 1145 3731 1233 3791; x_wconf 88' lang='lat' dir='ltr'><strong>quam</strong></span> <span class='ocrx_word' id='word_1_345' title='bbox 1256 3712 1398 3774; x_wconf 88' lang='lat' dir='ltr'><strong>debuerat</strong></span> <span class='ocrx_word' id='word_1_346' title='bbox 1414 3715 1524 3778; x_wconf 88' lang='lat' dir='ltr'><strong>dicere.</strong></span> 
     </span>
     <span class='ocr_line' id='line_1_35' title="bbox 230 3814 1524 3896; baseline 0 -20"><span class='ocrx_word' id='word_1_347' title='bbox 230 3815 299 3896; x_wconf 78' lang='lat' dir='ltr'><strong>qiud</strong></span> <span class='ocrx_word' id='word_1_348' title='bbox 319 3817 408 3892; x_wconf 78' lang='lat' dir='ltr'><strong>ergo?</strong></span> <span class='ocrx_word' id='word_1_349' title='bbox 431 3815 541 3894; x_wconf 86' lang='lat' dir='ltr'><strong>ubique</strong></span> <span class='ocrx_word' id='word_1_350' title='bbox 557 3814 772 3875; x_wconf 88' lang='lat' dir='ltr'><strong>observandum</strong></span> <span class='ocrx_word' id='word_1_351' title='bbox 797 3816 858 3874; x_wconf 81' lang='lat' dir='ltr'><strong>esti</strong></span> <span class='ocrx_word' id='word_1_352' title='bbox 881 3817 905 3875; x_wconf 90' lang='lat' dir='ltr'><strong>si</strong></span> <span class='ocrx_word' id='word_1_353' title='bbox 929 3814 985 3875; x_wconf 87' lang='lat' dir='ltr'><strong>lvnc</strong></span> <span class='ocrx_word' id='word_1_354' title='bbox 1007 3822 1071 3884; x_wconf 85' lang='lat' dir='ltr'><strong>est,¹</strong></span> <span class='ocrx_word' id='word_1_355' title='bbox 1090 3817 1114 3874; x_wconf 94' lang='lat' dir='ltr'><strong>si</strong></span> <span class='ocrx_word' id='word_1_356' title='bbox 1137 3817 1277 3894; x_wconf 86' lang='lat' dir='ltr'><strong>quoniam</strong></span> <span class='ocrx_word' id='word_1_357' title='bbox 1300 3818 1455 3878; x_wconf 90' lang='lat' dir='ltr'><strong>conlusum</strong></span> <span class='ocrx_word' id='word_1_358' title='bbox 1479 3827 1524 3877; x_wconf 93' lang='lat' dir='ltr'><strong>est</strong></span> 
     </span>
     <span class='ocr_line' id='line_1_36' title="bbox 230 3916 1524 3995; baseline 0.001 -18"><span class='ocrx_word' id='word_1_359' title='bbox 230 3925 258 3978; x_wconf 87' lang='lat' dir='ltr'><strong>et</strong></span> <span class='ocrx_word' id='word_1_360' title='bbox 281 3916 465 3977; x_wconf 89' lang='lat' dir='ltr'><strong>discretionis</strong></span> <span class='ocrx_word' id='word_1_361' title='bbox 493 3935 582 3976; x_wconf 85' lang='lat' dir='ltr'><strong>sexus</strong></span> <span class='ocrx_word' id='word_1_362' title='bbox 610 3935 695 3976; x_wconf 90' lang='lat' dir='ltr'><strong>causa</strong></span> <span class='ocrx_word' id='word_1_363' title='bbox 725 3924 872 3977; x_wconf 89' lang='lat' dir='ltr'><strong>mutamus</strong></span> <span class='ocrx_word' id='word_1_364' title='bbox 900 3919 969 3985; x_wconf 88' lang='lat' dir='ltr'><strong>ista,</strong></span> <span class='ocrx_word' id='word_1_365' title='bbox 1000 3936 1057 3977; x_wconf 92' lang='lat' dir='ltr'><strong>non</strong></span> <span class='ocrx_word' id='word_1_366' title='bbox 1081 3925 1110 3976; x_wconf 88' lang='lat' dir='ltr'><strong>te</strong></span> <span class='ocrx_word' id='word_1_367' title='bbox 1133 3919 1272 3995; x_wconf 89' lang='lat' dir='ltr'><strong>permitto</strong></span> <span class='ocrx_word' id='word_1_368' title='bbox 1295 3917 1395 3978; x_wconf 90' lang='lat' dir='ltr'><strong>dicere</strong></span> <span class='ocrx_word' id='word_1_369' title='bbox 1418 3919 1455 3980; x_wconf 94' lang='lat' dir='ltr'><strong>ab</strong></span> <span class='ocrx_word' id='word_1_370' title='bbox 1478 3918 1524 3979; x_wconf 90' lang='lat' dir='ltr'><strong>his</strong></span> 
     </span>
     <span class='ocr_line' id='line_1_37' title="bbox 229 4017 1563 4102; baseline 0.001 -22"><span class='ocrx_word' id='word_1_371' title='bbox 229 4019 384 4087; x_wconf 79' lang='lat' dir='ltr'><strong>Romanis,</strong></span> <span class='ocrx_word' id='word_1_372' title='bbox 408 4017 460 4077; x_wconf 87' lang='lat' dir='ltr'><strong>sed</strong></span> <span class='ocrx_word' id='word_1_373' title='bbox 476 4017 678 4087; x_wconf 83' lang='lat' dir='ltr'><strong>Itomanabus,</strong></span> <span class='ocrx_word' id='word_1_374' title='bbox 702 4020 785 4097; x_wconf 79' lang='lat' dir='ltr'><strong>quia,</strong></span> <span class='ocrx_word' id='word_1_375' title='bbox 809 4020 834 4077; x_wconf 89' lang='lat' dir='ltr'><strong>si</strong></span> <span class='ocrx_word' id='word_1_376' title='bbox 849 4019 959 4080; x_wconf 82' lang='lat' dir='ltr'><strong>dixeris</strong></span> <span class='ocrx_word' id='word_1_377' title='bbox 979 4017 1016 4079; x_wconf 89' lang='lat' dir='ltr'><strong>ab</strong></span> <span class='ocrx_word' id='word_1_378' title='bbox 1037 4017 1084 4078; x_wconf 93' lang='lat' dir='ltr'><strong>his</strong></span> <span class='ocrx_word' id='word_1_379' title='bbox 1099 4018 1254 4087; x_wconf 87' lang='lat' dir='ltr'><strong>Romanis,</strong></span> <span class='ocrx_word' id='word_1_380' title='bbox 1278 4022 1379 4080; x_wconf 87' lang='lat' dir='ltr'><strong>nescio</strong></span> <span class='ocrx_word' id='word_1_381' title='bbox 1399 4017 1404 4102; x_wconf 88' lang='grc' dir='ltr'>Ι</span> <span class='ocrx_word' id='word_1_382' title='bbox 1423 4031 1523 4083; x_wconf 90' lang='lat' dir='ltr'><strong>utrum</strong></span> <span class='ocrx_word' id='word_1_383' title='bbox 1538 4043 1563 4082; x_wconf 76' lang='lat' dir='ltr'><strong>aa</strong></span> 
     </span>
     <span class='ocr_line' id='line_1_38' title="bbox 230 4118 1522 4202; baseline 0.003 -21"><span class='ocrx_word' id='word_1_384' title='bbox 230 4118 409 4181; x_wconf 84' lang='lat' dir='ltr'><strong>masculinus</strong></span> <span class='ocrx_word' id='word_1_385' title='bbox 432 4139 520 4179; x_wconf 83' lang='lat' dir='ltr'><strong>sexns</strong></span> <span class='ocrx_word' id='word_1_386' title='bbox 548 4122 585 4180; x_wconf 92' lang='lat' dir='ltr'><strong>sit</strong></span> <span class='ocrx_word' id='word_1_387' title='bbox 614 4140 650 4180; x_wconf 89' lang='lat' dir='ltr'><strong>an</strong></span> <span class='ocrx_word' id='word_1_388' title='bbox 679 4121 852 4188; x_wconf 86' lang='lat' dir='ltr'><strong>lernininus;</strong></span> <span class='ocrx_word' id='word_1_389' title='bbox 882 4140 940 4181; x_wconf 90' lang='lat' dir='ltr'><strong>non</strong></span> <span class='ocrx_word' id='word_1_390' title='bbox 964 4130 992 4181; x_wconf 92' lang='lat' dir='ltr'><strong>tc</strong></span> <span class='ocrx_word' id='word_1_391' title='bbox 1015 4121 1155 4201; x_wconf 86' lang='lat' dir='ltr'><strong>permitto</strong></span> <span class='ocrx_word' id='word_1_392' title='bbox 1178 4121 1277 4182; x_wconf 90' lang='lat' dir='ltr'><strong>dicere</strong></span> <span class='ocrx_word' id='word_1_393' title='bbox 1300 4121 1336 4182; x_wconf 91' lang='lat' dir='ltr'><strong>ab</strong></span> <span class='ocrx_word' id='word_1_394' title='bbox 1360 4125 1447 4202; x_wconf 85' lang='lat' dir='ltr'><strong>ipsis,</strong></span> <span class='ocrx_word' id='word_1_395' title='bbox 1471 4125 1522 4185; x_wconf 92' lang='lat' dir='ltr'><strong>sed</strong></span> 
     </span>
     <span class='ocr_line' id='line_1_39' title="bbox 229 4219 1524 4306; baseline 0.005 -26"><span class='ocrx_word' id='word_1_396' title='bbox 229 4221 266 4281; x_wconf 88' lang='lat' dir='ltr'><strong>ab</strong></span> <span class='ocrx_word' id='word_1_397' title='bbox 288 4219 422 4300; x_wconf 87' lang='lat' dir='ltr'><strong>ipsabus,</strong></span> <span class='ocrx_word' id='word_1_398' title='bbox 447 4241 506 4282; x_wconf 90' lang='lat' dir='ltr'><strong>non</strong></span> <span class='ocrx_word' id='word_1_399' title='bbox 530 4222 567 4283; x_wconf 92' lang='lat' dir='ltr'><strong>ab</strong></span> <span class='ocrx_word' id='word_1_400' title='bbox 588 4225 666 4293; x_wconf 90' lang='lat' dir='ltr'><strong>istis,</strong></span> <span class='ocrx_word' id='word_1_401' title='bbox 691 4223 742 4284; x_wconf 88' lang='lat' dir='ltr'><strong>sed</strong></span> <span class='ocrx_word' id='word_1_402' title='bbox 767 4223 804 4283; x_wconf 93' lang='lat' dir='ltr'><strong>ab</strong></span> <span class='ocrx_word' id='word_1_403' title='bbox 826 4224 946 4285; x_wconf 77' lang='lat' dir='ltr'><strong>istabus.</strong></span> <span class='ocrx_word' id='word_1_404' title='bbox 979 4224 1121 4284; x_wconf 84' lang='lat' dir='ltr'><strong>contusus</strong></span> <span class='ocrx_word' id='word_1_405' title='bbox 1143 4230 1188 4283; x_wconf 90' lang='lat' dir='ltr'><strong>cst</strong></span> <span class='ocrx_word' id='word_1_406' title='bbox 1210 4243 1298 4285; x_wconf 84' lang='lat' dir='ltr'><strong>sexus</strong></span> <span class='ocrx_word' id='word_1_407' title='bbox 1320 4232 1379 4286; x_wconf 91' lang='lat' dir='ltr'><strong>tam</strong></span> <span class='ocrx_word' id='word_1_408' title='bbox 1401 4228 1432 4285; x_wconf 95' lang='lat' dir='ltr'><strong>in</strong></span> <span class='ocrx_word' id='word_1_409' title='bbox 1454 4245 1524 4306; x_wconf 83' lang='lat' dir='ltr'><strong>pro·</strong></span> 
     </span>
     <span class='ocr_line' id='line_1_40' title="bbox 229 4322 1522 4405; baseline 0.003 -21"><span class='ocrx_word' id='word_1_410' title='bbox 229 4322 397 4385; x_wconf 92' lang='lat' dir='ltr'><strong>nominibus</strong></span> <span class='ocrx_word' id='word_1_411' title='bbox 425 4343 513 4405; x_wconf 84' lang='lat' dir='ltr'><strong>quam</strong></span> <span class='ocrx_word' id='word_1_412' title='bbox 541 4327 570 4386; x_wconf 91' lang='lat' dir='ltr'><strong>iu</strong></span> <span class='ocrx_word' id='word_1_413' title='bbox 600 4325 777 4386; x_wconf 89' lang='lat' dir='ltr'><strong>nominibus.</strong></span> <span class='ocrx_word' id='word_1_414' title='bbox 824 4329 864 4387; x_wconf 90' lang='lat' dir='ltr'><strong>ait</strong></span> <span class='ocrx_word' id='word_1_415' title='bbox 886 4328 928 4385; x_wconf 93' lang='lat' dir='ltr'><strong>sic</strong></span> <span class='ocrx_word' id='word_1_416' title='bbox 952 4324 1081 4394; x_wconf 86' lang='lat' dir='ltr'><strong>Probus,</strong></span> <span class='ocrx_word' id='word_1_417' title='bbox 1106 4326 1184 4405; x_wconf 86' lang='lat' dir='ltr'><strong>quod</strong></span> <span class='ocrx_word' id='word_1_418' title='bbox 1208 4346 1310 4387; x_wconf 89' lang='lat' dir='ltr'><strong>verum</strong></span> <span class='ocrx_word' id='word_1_419' title='bbox 1334 4337 1392 4395; x_wconf 84' lang='lat' dir='ltr'><strong>cst,</strong></span> <span class='ocrx_word' id='word_1_420' title='bbox 1416 4327 1522 4389; x_wconf 75' lang='lat' dir='ltr'><strong>‘debe-</strong></span> 
     </span>
    </p>
   </div>
   <div class='ocr_carea' id='block_1_3' title="bbox 275 4480 409 4487">
    <p class='ocr_par' dir='ltr' id='par_1_5' title="bbox 275 4480 409 4487">
     <span class='ocr_line' id='line_1_41' title="bbox 275 4480 409 4487; baseline -0.007 -1"><span class='ocrx_word' id='word_1_421' title='bbox 275 4480 409 4487; x_wconf 63' lang='lat'><strong>*..„-</strong></span> 
     </span>
    </p>
   </div>
   <div class='ocr_carea' id='block_1_4' title="bbox 231 4561 1523 4912">
    <p class='ocr_par' dir='ltr' id='par_1_6' title="bbox 298 4561 1523 4635">
     <span class='ocr_line' id='line_1_42' title="bbox 298 4561 1523 4635; baseline -0.002 -18"><span class='ocrx_word' id='word_1_422' title='bbox 298 4566 314 4617; x_wconf 77' lang='lat'><strong>5</strong></span> <span class='ocrx_word' id='word_1_423' title='bbox 338 4566 435 4630; x_wconf 87' lang='lat' dir='ltr'><strong>prinms</strong></span> <span class='ocrx_word' id='word_1_424' title='bbox 456 4605 480 4616; x_wconf 89' lang='lat'><strong>..</strong></span> <span class='ocrx_word' id='word_1_425' title='bbox 502 4564 584 4613; x_wconf 85' lang='lat' dir='ltr'><strong>sedet</strong></span> <span class='ocrx_word' id='word_1_426' title='bbox 604 4565 646 4614; x_wconf 88' lang='lat' dir='ltr'><strong>ille</strong></span> <span class='ocrx_word' id='word_1_427' title='bbox 664 4566 688 4614; x_wconf 86' lang='grc' dir='ltr'><em>Α</em></span> <span class='ocrx_word' id='word_1_428' title='bbox 708 4569 806 4631; x_wconf 89' lang='lat' dir='ltr'><strong>primus</strong></span> <span class='ocrx_word' id='word_1_429' title='bbox 825 4565 869 4614; x_wconf 86' lang='lat' dir='ltr'><strong>sed</strong></span> <span class='ocrx_word' id='word_1_430' title='bbox 889 4563 931 4612; x_wconf 87' lang='lat' dir='ltr'><strong>illc</strong></span> <span class='ocrx_word' id='word_1_431' title='bbox 949 4565 974 4613; x_wconf 87' lang='lat' dir='ltr'><em>B</em></span> <span class='ocrx_word' id='word_1_432' title='bbox 1045 4564 1074 4613; x_wconf 94' lang='lat' dir='ltr'><strong>ll</strong></span> <span class='ocrx_word' id='word_1_433' title='bbox 1102 4565 1127 4612; x_wconf 92' lang='lat' dir='ltr'><strong>in</strong></span> <span class='ocrx_word' id='word_1_434' title='bbox 1148 4561 1277 4635; x_wconf 72' lang='lat' dir='ltr'><strong>Terentio]</strong></span> <span class='ocrx_word' id='word_1_435' title='bbox 1300 4565 1383 4617; x_wconf 77' lang='lat' dir='ltr'><strong>Andr.</strong></span> <span class='ocrx_word' id='word_1_436' title='bbox 1404 4566 1426 4614; x_wconf 92' lang='lat' dir='ltr'>V</span> <span class='ocrx_word' id='word_1_437' title='bbox 1445 4567 1470 4628; x_wconf 82' lang='lat'><strong>4,</strong></span> <span class='ocrx_word' id='word_1_438' title='bbox 1489 4567 1523 4618; x_wconf 82' lang='lat'><strong>37</strong></span> 
     </span>
    </p>

    <p class='ocr_par' dir='ltr' id='par_1_7' title="bbox 231 4633 1523 4912">
     <span class='ocr_line' id='line_1_43' title="bbox 302 4633 1523 4698; baseline 0.001 -13"><span class='ocrx_word' id='word_1_439' title='bbox 302 4634 561 4686; x_wconf 59' lang='lat' dir='ltr'><strong>lacuturnenses</strong></span> <span class='ocrx_word' id='word_1_440' title='bbox 612 4634 643 4684; x_wconf 87' lang='grc'><strong>13</strong></span> <span class='ocrx_word' id='word_1_441' title='bbox 660 4648 740 4686; x_wconf 87' lang='lat' dir='ltr'><strong>macte</strong></span> <span class='ocrx_word' id='word_1_442' title='bbox 754 4637 825 4686; x_wconf 70' lang='lat' dir='ltr'><strong>[rua</strong></span> <span class='ocrx_word' id='word_1_443' title='bbox 841 4648 923 4684; x_wconf 82' lang='lat' dir='ltr'><strong>inacta</strong></span> <span class='ocrx_word' id='word_1_444' title='bbox 934 4635 970 4683; x_wconf 78' lang='lat' dir='ltr'><strong>A:</strong></span> <span class='ocrx_word' id='word_1_445' title='bbox 991 4635 1069 4698; x_wconf 61' lang='lat' dir='ltr'><strong>Vero.</strong></span> <span class='ocrx_word' id='word_1_446' title='bbox 1086 4634 1150 4686; x_wconf 69' lang='lat' dir='ltr'><strong>deri.</strong></span> <span class='ocrx_word' id='word_1_447' title='bbox 1162 4633 1231 4682; x_wconf 88' lang='lat' dir='ltr'><strong>Vllll</strong></span> <span class='ocrx_word' id='word_1_448' title='bbox 1246 4634 1294 4686; x_wconf 72' lang='lat' dir='ltr'><strong>ull</strong></span> <span class='ocrx_word' id='word_1_449' title='bbox 1348 4637 1374 4683; x_wconf 90' lang='lat' dir='ltr'><strong>in</strong></span> <span class='ocrx_word' id='word_1_450' title='bbox 1394 4636 1523 4686; x_wconf 84' lang='lat' dir='ltr'><strong>stacioA:</strong></span> 
     </span>
     <span class='ocr_line' id='line_1_44' title="bbox 233 4702 1523 4770; baseline 0.004 -19"><span class='ocrx_word' id='word_1_451' title='bbox 233 4704 307 4754; x_wconf 78' lang='lat' dir='ltr'><strong>rtet.</strong></span> <span class='ocrx_word' id='word_1_452' title='bbox 329 4705 417 4755; x_wconf 82' lang='grc'><strong>11495</strong></span> <span class='ocrx_word' id='word_1_453' title='bbox 489 4704 519 4753; x_wconf 81' lang='lat'><strong>‘21</strong></span> <span class='ocrx_word' id='word_1_454' title='bbox 541 4707 642 4770; x_wconf 83' lang='lat' dir='ltr'><strong>proprie</strong></span> <span class='ocrx_word' id='word_1_455' title='bbox 662 4707 746 4756; x_wconf 81' lang='lat' dir='ltr'><strong>ABG</strong></span> <span class='ocrx_word' id='word_1_456' title='bbox 815 4706 848 4756; x_wconf 73' lang='lat'><strong>‘23</strong></span> <span class='ocrx_word' id='word_1_457' title='bbox 868 4705 1000 4754; x_wconf 63' lang='lat' dir='ltr'><strong>idcircoal</strong></span> <span class='ocrx_word' id='word_1_458' title='bbox 1020 4705 1153 4753; x_wconf 85' lang='lat' dir='ltr'><strong>etidcirco</strong></span> <span class='ocrx_word' id='word_1_459' title='bbox 1172 4704 1244 4754; x_wconf 79' lang='lat' dir='ltr'><strong>uca</strong></span> <span class='ocrx_word' id='word_1_460' title='bbox 1315 4702 1349 4755; x_wconf 80' lang='lat'><strong>29</strong></span> <span class='ocrx_word' id='word_1_461' title='bbox 1368 4715 1452 4755; x_wconf 90' lang='lat' dir='ltr'><strong>utrum</strong></span> <span class='ocrx_word' id='word_1_462' title='bbox 1474 4708 1523 4756; x_wconf 88' lang='lat' dir='ltr'><strong>diis</strong></span> 
     </span>
     <span class='ocr_line' id='line_1_45' title="bbox 231 4774 1456 4837; baseline 0.004 -14"><span class='ocrx_word' id='word_1_463' title='bbox 231 4774 285 4823; x_wconf 77' lang='lat' dir='ltr'><strong>AB</strong></span> <span class='ocrx_word' id='word_1_464' title='bbox 355 4775 791 4833; x_wconf 69' lang='lat' dir='ltr'><strong>32abstenuiteearogulallb&#39;</strong></span> <span class='ocrx_word' id='word_1_465' title='bbox 860 4775 892 4824; x_wconf 77' lang='grc'><strong>33</strong></span> <span class='ocrx_word' id='word_1_466' title='bbox 911 4777 935 4823; x_wconf 85' lang='grc' dir='ltr'><strong>ε’</strong></span> <span class='ocrx_word' id='word_1_467' title='bbox 958 4775 1135 4836; x_wconf 84' lang='lat' dir='ltr'><strong>quoniam,lr.</strong></span> <span class='ocrx_word' id='word_1_468' title='bbox 1156 4791 1177 4823; x_wconf 88' lang='lat' dir='ltr'><strong>e.</strong></span> <span class='ocrx_word' id='word_1_469' title='bbox 1198 4774 1243 4822; x_wconf 83' lang='lat' dir='ltr'><strong>scd</strong></span> <span class='ocrx_word' id='word_1_470' title='bbox 1265 4777 1385 4837; x_wconf 75' lang='lat' dir='ltr'><strong>quantiam</strong></span> <span class='ocrx_word' id='word_1_471' title='bbox 1403 4776 1456 4828; x_wconf 84' lang='lat' dir='ltr'><strong>BC</strong></span> 
     </span>
     <span class='ocr_line' id='line_1_46' title="bbox 231 4843 1223 4912; baseline 0.001 -18"><span class='ocrx_word' id='word_1_472' title='bbox 231 4845 264 4894; x_wconf 69' lang='lat'><strong>34</strong></span> <span class='ocrx_word' id='word_1_473' title='bbox 282 4847 401 4908; x_wconf 84' lang='lat' dir='ltr'><strong>permitto</strong></span> <span class='ocrx_word' id='word_1_474' title='bbox 421 4845 492 4894; x_wconf 83' lang='lat' dir='ltr'><strong>BCn</strong></span> <span class='ocrx_word' id='word_1_475' title='bbox 506 4846 628 4910; x_wconf 84' lang='lat' dir='ltr'><strong>permittit</strong></span> <span class='ocrx_word' id='word_1_476' title='bbox 647 4848 672 4895; x_wconf 74' lang='lat' dir='ltr'><em>A</em></span> <span class='ocrx_word' id='word_1_477' title='bbox 742 4846 776 4896; x_wconf 76' lang='lat' dir='ltr'><strong>dd</strong></span> <span class='ocrx_word' id='word_1_478' title='bbox 796 4843 901 4912; x_wconf 82' lang='lat' dir='ltr'><strong>Probus]</strong></span> <span class='ocrx_word' id='word_1_479' title='bbox 920 4847 997 4896; x_wconf 83' lang='lat' dir='ltr'><strong>instit.</strong></span> <span class='ocrx_word' id='word_1_480' title='bbox 1019 4853 1070 4898; x_wconf 87' lang='lat' dir='ltr'><strong>art.</strong></span> <span class='ocrx_word' id='word_1_481' title='bbox 1089 4859 1115 4906; x_wconf 80' lang='lat' dir='ltr'><strong>p.</strong></span> <span class='ocrx_word' id='word_1_482' title='bbox 1131 4844 1173 4908; x_wconf 78' lang='lat'><strong>82,</strong></span> <span class='ocrx_word' id='word_1_483' title='bbox 1192 4843 1223 4895; x_wconf 83' lang='lat' dir='ltr'><strong>lli</strong></span> 
     </span>
    </p>
   </div>
   <div class='ocr_carea' id='block_1_5' title="bbox 0 0 1678 5498">
    <p class='ocr_par' dir='ltr' id='par_1_8' title="bbox 0 0 1678 5498">
     <span class='ocr_line' id='line_1_47' title="bbox 0 0 1678 5498; baseline 0 0"><span class='ocrx_word' id='word_1_484' title='bbox 0 0 1678 5498; x_wconf 95' lang='lat' dir='ltr'><strong> </strong></span> 
     </span>
    </p>
   </div>
  </div>
 </body>
</html>
