3346 5498
677 389 914 452 communivit
1181 443 1186 453 .
1382 387 1443 453 241

1261 511 1282 552 p.
1296 499 1386 540 tto-28
1399 497 1421 538 L.

152 589 277 661 temptat
298 579 413 641 l'robus
436 588 549 640 mutare
571 578 629 639 boe
650 580 757 658 ipsum,
781 587 813 638 ut
835 577 916 639 dicas
937 578 1002 638 lero
1017 576 1081 649 tuli,
1105 577 1157 638 sed
1172 579 1198 638 si
1213 578 1277 639 lero
1298 579 1351 640 tuli
1365 579 1444 650 lacit,

151 682 222 744 tollo
245 683 314 763 quid
337 681 429 743 habes
451 680 568 742 dicere?
591 699 649 760 quo
673 679 760 741 modo
783 681 840 740 erit
862 681 1055 759 praeteritum
1079 681 1211 760 tempus?
1233 681 1284 741 sed
1308 681 1373 742 lero
1393 681 1445 742 de·

151 786 211 846 licit
232 786 393 865 praeterito
421 791 564 863 tempore.
610 801 682 860 ergo
710 789 755 841 tot
783 780 878 842 modis
905 780 994 843 verba
1018 780 1171 851 deliciunt,
1200 791 1273 862 quot
1301 790 1369 845 sunt
1395 783 1445 845 illa

152 904 226 968 quae
249 886 388 947 accidunt
410 879 518 946 verbis.
564 884 651 963 plane
673 884 751 944 scire
773 882 916 945 debemus
938 885 1025 944 etiam
1048 882 1248 963 inpersonalia
1271 884 1360 946 verba
1383 885 1445 967 ple-

128 997 278 1066 srumque
301 987 437 1062 delicere,
462 994 495 1048 ut
516 997 587 1066 puta
609 987 711 1065 liquet.
757 993 786 1046 et
808 986 944 1046 novimus
965 985 1155 1064 impersonale
1178 985 1300 1047 verbum
1323 1006 1446 1049 currere

153 1110 206 1171 per
229 1109 334 1151 omnes
356 1091 470 1158 modos,
494 1088 602 1167 legitur
624 1088 739 1165 legatur
766 1088 879 1148 utinam
902 1086 1053 1165 legeretur
1080 1106 1147 1148 eum
1177 1087 1301 1167 legatur.
1346 1098 1446 1150 tamen

153 1194 343 1255 inveniuntur
366 1195 453 1266 etiam
478 1188 677 1271 inpersonalia
700 1187 789 1250 verba
811 1207 887 1269 quae
910 1188 1059 1257 deficiunt,
1084 1197 1116 1250 ut
1130 1188 1235 1269 liquet:
1260 1208 1328 1251 nam
1344 1189 1445 1269 liquet,

154 1294 181 1354 id
204 1303 249 1355 est
271 1295 461 1355 manifestum
485 1303 538 1363 est,
562 1301 593 1353 ut
616 1298 662 1352 est
683 1290 770 1359 illud,
794 1288 933 1370 ‘liquet
958 1288 1046 1351 milri
1069 1291 1329 1368 degenerarn’.
1376 1293 1445 1354 item

154 1399 275 1458 miseret
298 1395 472 1456 deiectivnm
497 1402 555 1464 est,
580 1393 649 1454 licet
670 1391 857 1473 inpersonale
880 1393 926 1454 sit.
952 1392 955 1409 '

123 1599 144 1637 ,ο
672 1563 720 1624 DE
743 1561 930 1624 ADVERBIO

237 1685 418 1747 Adverbiurn
434 1694 491 1754 ost,
508 1686 562 1754 ait,
584 1703 654 1764 pars
669 1684 812 1743 orationis
827 1682 919 1753 dicta,
942 1685 1082 1760 quoniam
1097 1702 1218 1763 semper
1232 1686 1368 1766 sequitur
1384 1704 1448 1747 ver·
1461 1686 1520 1747 4¹⁶,
1535 1685 1549 1734 i

144 1787 232 1850 bum.
257 1787 325 1848 ideo
341 1767 506 1867 appellatur
521 1784 709 1854 adverbium,
734 1803 792 1845 non
809 1786 948 1864 quoniam
964 1784 1086 1846 verbum
1108 1787 1243 1865 sequitur
1265 1786 1447 1858 adverbium,
1460 1754 1520 1882 ’ἓξὲξ
1534 1755 1567 1870 ῖς

154 1889 360 1969 sedquoniam
384 1888 556 1949 adverbium
578 1888 711 1965 sequitur
733 1886 867 1948 verbum.
892 1904 960 1947 nam
984 1894 1080 1967 potest
1102 1905 1169 1948 esse
1191 1888 1313 1950 verbum
1337 1897 1365 1950 ει
1389 1909 1447 1951 nou

155 2010 217 2052 osse
240 1991 427 2058 adverbium;
458 2010 473 2050 e
501 1990 651 2050 contrario
681 2007 739 2049 non
767 1995 865 2067 potest
892 2005 958 2049 esse
986 1987 1159 2050 adverbium
1181 1991 1246 2051 sine
1270 1991 1369 2052 verbo.
1414 2004 1447 2054 ut

122 2118 143 2155 15
155 2100 223 2174 puta
247 2093 363 2172 qnando
387 2092 452 2153 dico
476 2093 595 2152 ‘orator
617 2090 713 2159 lecit',
742 2089 829 2170 plena
854 2097 899 2150 est
921 2088 1063 2151 elocutio:
1098 2100 1198 2152 orator
1226 2111 1350 2165 nomen,
1380 2096 1448 2156 ierit

156 2196 276 2257 verbum
293 2202 353 2262 est;
379 2214 447 2254 ecce
463 2193 519 2253 boc
542 2192 607 2253 loeo
631 2192 803 2254 adverbium
820 2199 953 2262 nonest,
978 2200 1008 2252 et
1029 2199 1127 2254 tamen
1148 2191 1236 2274 plena
1252 2202 1297 2256 εει
1311 2195 1448 2258 elocutio.

156 2316 227 2376 ergo
243 2305 341 2376 potest
357 2315 422 2356 esse
438 2295 525 2375 plena
542 2294 679 2365 elocutio,
696 2293 800 2355 ubisit
815 2313 923 2355 nomen
940 2304 970 2355 et
986 2294 1121 2365 verbum,
1139 2297 1253 2356 etiamsi
1269 2300 1382 2358 nonsit
1398 2299 1449 2359 ad·

155 2398 296 2461 verbium.
327 2417 343 2458 ε
365 2400 515 2459 contrario
538 2395 588 2457 ubi
609 2405 655 2458 εει
668 2395 854 2466 adverbium,
876 2416 936 2458 non
952 2405 1021 2458 ante
1036 2404 1133 2478 potest
1148 2416 1215 2459 esse
1231 2397 1375 2471 elocutio,
1392 2403 1450 2462 nisi

154 2510 297 2581 sequatur
314 2500 446 2561 verbum.
470 2508 539 2579 puta
556 2504 669 2561 ‘orator
684 2502 778 2567 cras';
796 2515 866 2560 ecce
882 2507 983 2560 orator
1001 2517 1111 2561 nomen
1127 2507 1180 2571 est,
1196 2518 1264 2562 cras
1278 2500 1450 2563 adverbium

120 2613 209 2678 mest,
237 2612 265 2664 et
290 2611 388 2663 tamen
403 2602 499 2664 adhuc
521 2602 631 2682 aliquid
647 2602 745 2672 deest,
770 2602 827 2662 nisi
842 2601 992 2664 addideris
1007 2601 1139 2664 verbum.
1171 2621 1242 2682 ergo
1257 2603 1325 2665 ideo
1341 2604 1451 2667 dictum

156 2715 200 2768 εει
221 2704 410 2773 adverbium,
441 2705 578 2784 quoniam
602 2723 662 2765 non
690 2711 788 2783 potest
816 2723 881 2765 esse
908 2706 973 2766 sine
1001 2704 1100 2766 verbo.
1146 2707 1237 2785 nequi
1259 2706 1312 2768 tibi
1334 2707 1451 2769 dicate

155 2809 305 2869 contrario
326 2807 394 2867 ideo
418 2824 483 2868 esse
506 2807 643 2876 verbum,
669 2807 807 2886 quoniam
822 2805 995 2868 adverbium
1012 2808 1157 2884 sequitur.
1189 2825 1261 2886 ergo
1276 2808 1449 2870 adverbium

157 2918 291 2989 estpars
313 2911 455 2970 orationis
478 2909 572 2978 dicta,
595 2909 736 2989 quoniam
758 2926 878 2988 semper
900 2911 1034 2988 sequitur
1058 2907 1190 2972 verbum.
1216 2910 1218 2986 l

238 3008 385 3072 Adverbia
418 3013 516 3071 omnia
550 3019 599 3073 aut
630 3028 646 3070 a
678 3029 710 3070 se
739 3011 889 3079 oriuntur,
918 3020 968 3071 aut
996 3009 1034 3070 ab
1060 3008 1126 3087 aliis
1152 3010 1286 3090 partibus
1319 3014 1448 3074 veniunt.
1463 3021 1522 3082 438,
1537 3023 1568 3071 ts

119 3136 145 3176 εε
157 3111 286 3191 plurima
309 3121 379 3173 sunt
402 3111 537 3173 adverbia
555 3131 630 3191 quae
654 3109 828 3172 naturaliter
849 3130 864 3171 a
888 3131 921 3171 se
944 3120 1011 3172 nate
1034 3119 1117 3183 sunt,
1140 3112 1267 3193 plurima
1290 3123 1360 3176 sunt
1375 3133 1450 3194 qnae

158 3212 276 3274 aliunde
299 3215 445 3292 originem
469 3213 589 3274 vlucvvnt.
636 3212 902 3311 natu1·aliterase
926 3221 1087 3275 nascuntur
1109 3216 1167 3284 ita,
1191 3234 1273 3277 cras:
1307 3216 1450 3294 numquid

142 3314 246 3376 *babet
274 3317 435 3393 originem,
466 3316 544 3376 unde
572 3317 687 3377 veniat?
725 3334 783 3376 non
812 3314 912 3375 babet.
956 3314 1046 3375 bodie
1075 3334 1144 3376 vero
1171 3315 1261 3379 habet
1292 3320 1449 3397 originem,

158 3417 237 3480 unde
260 3420 371 3487 veniat,
396 3418 485 3478 bodie
508 3420 591 3497 quasi
614 3417 670 3478 boe
694 3418 750 3478 dle.
797 3416 882 3476 docte
912 3415 1000 3478 babet
1022 3418 1182 3496 originem,
1207 3420 1285 3481 unde
1308 3422 1449 3490 nascitur,

156 3519 261 3582 doctus
283 3520 368 3582 docto
399 3517 501 3600 [babet
523 3519 692 3600 originem]
724 3537 794 3597 ergo
818 3525 887 3579 sunt
907 3537 983 3598 quae
1005 3519 1124 3582 aliunde
1146 3523 1293 3600 originem
1316 3530 1447 3584 sumunt.
1470 3549 1473 3556 ·

119 3618 207 3687 milla
236 3640 312 3700 quae
340 3641 355 3681 a
384 3641 416 3682 se
446 3623 590 3699 originem
620 3628 742 3682 sumunt
769 3639 828 3681 non
856 3630 980 3699 possunt
1007 3620 1118 3683 babere
1142 3625 1297 3685 rationem.
1341 3627 1450 3705 quave?

158 3726 226 3803 quia
256 3725 352 3803 prima
380 3724 462 3801 origo
492 3725 605 3783 rationo
634 3730 723 3784 caret.
768 3722 880 3784 idcirco
908 3722 1037 3803 svllabae
1066 3723 1110 3784 vel
1144 3726 1319 3787 naturaliter
1345 3726 1451 3805 longae

158 3824 204 3886 vel
226 3825 401 3911 naturaliter
425 3824 529 3885 breves
553 3833 654 3886 carent
670 3827 799 3894 ratione,
824 3825 963 3905 quoniam
984 3826 1081 3904 prima
1097 3827 1180 3904 origo
1195 3833 1249 3889 εει.
1280 3847 1338 3889 non
1354 3837 1453 3908 potest

158 3927 357 3988 iurationem
386 3927 507 3995 eadere,
537 3929 595 3987 nisi
623 3926 702 4007 quod
729 3946 783 4008 per
812 3912 1025 3988 derivationem
1048 3930 1094 3997 bt;
1118 3929 1196 4009 quod
1219 3936 1317 3992 autem
1339 3931 1450 4011 princi-

158 4029 239 4107 pium
263 4029 386 4107 originis
408 4037 452 4090 εει
475 4047 533 4089 uon
558 4028 647 4090 babet
668 4030 823 4091 rationem.
869 4047 940 4108 ergo
962 4028 1100 4091 adverbia
1122 4030 1172 4092 illa
1195 4049 1270 4110 quae
1291 4053 1307 4094 a
1331 4052 1363 4095 se
1385 4051 1451 4095 nas·

122 4138 267 4197 secuntur
295 4133 410 4192 ratione
434 4136 557 4200 caram,
586 4131 638 4192 sod
666 4139 755 4210 prout
776 4133 894 4192 inventa
917 4132 1041 4202 luerint,
1070 4135 1109 4194 ita
1132 4132 1226 4196 habes
1249 4135 1357 4197 dicere.
1402 4134 1452 4196 illa

159 4251 230 4294 vero
258 4251 333 4313 quae
362 4232 481 4294 aliunde
516 4234 662 4311 originem
694 4242 829 4302 sumunt,
859 4233 932 4294 baec
960 4236 990 4294 in
1015 4240 1110 4295 artem
1139 4237 1268 4297 veniunt.
1313 4236 1452 4298 adverbia

229 4471 242 4523 l
261 4470 369 4537 Probus]
389 4472 478 4521 cotdol.
499 4489 525 4536 p,
543 4471 590 4530 39,
611 4474 636 4525 6.
656 4472 690 4534 cs.
712 4473 790 4524 nima.
807 4487 834 4534 ρ.
853 4471 922 4534 372.,
939 4475 964 4522 2.
983 4470 1048 4532 380,
1071 4473 1112 4528 11.
1132 4475 1220 4538 praef.
1239 4478 1265 4526 in
1280 4491 1384 4541 granant.
1401 4478 1450 4528 ool.

160 4541 193 4591 tv
207 4556 236 4604 p.
255 4541 327 4592 Xlllt
398 4551 424 4591 ιιι
442 4542 564 4592 discnsC
632 4541 742 4606 lplane
760 4541 923 4606 BCaplene
941 4543 966 4591 Α
1036 4541 1234 4594 8moniiestum
1252 4553 1280 4594 ut
1297 4545 1325 4594 θ.
1338 4545 1453 4607 sortasse

160 4611 325 4663 manifestum
345 4619 391 4668 εει,
412 4612 573 4676 inpersouale
591 4620 638 4672 est,
658 4622 741 4662 otest
759 4611 831 4661 illurn
850 4611 929 4674 liquet
982 4609 1071 4679 liquet]
1096 4613 1197 4666 Terent.
1213 4612 1327 4665 nonem.
1340 4616 1361 4664 ll
1379 4613 1405 4676 3,
1417 4615 1453 4666 40

229 4683 386 4749 degenerare
402 4682 475 4731 Bca
495 4683 623 4747 denegare
643 4682 668 4730 A
687 4689 715 4730 ιιι
731 4683 830 4732 videtur
919 4681 951 4732 10
970 4695 1044 4734 nxrc.
1062 4683 1148 4734 venno'
1167 4697 1260 4734 vucvrvr
1279 4699 1311 4733 ne
1327 4698 1452 4735 ronanam

160 4752 212 4802 Ac
283 4751 314 4803 17
336 4767 427 4802 nonveu
445 4763 468 4800 et
487 4768 533 4801 om.
551 4752 583 4812 A,
605 4752 665 4803 add.
684 4768 701 4801 n
755 4753 789 4802 22
805 4751 920 4812 sortasse
934 4751 991 4800 ideo
1008 4766 1066 4802 εεεε
1084 4753 1189 4812 dictum,
1208 4753 1329 4816 quoniam
1347 4753 1452 4802 verbum

160 4822 306 4871 adverbium
325 4823 441 4884 sequitur
524 4821 559 4872 28
579 4821 627 4871 boe
646 4822 686 4869 die
704 4821 778 4871 docte
797 4819 873 4870 habet
890 4821 914 4871 0
930 4819 978 4871 boc
996 4821 1038 4871 die
1057 4822 1154 4873 dietum
1175 4821 1292 4887 (ductum
1311 4820 1360 4886 11⁴¹)
1377 4822 1452 4872 babet

161 4890 218 4940 An
288 4888 322 4941 30
338 4892 381 4939 illa
399 4906 541 4955 qnueaso
561 4892 686 4958 originem
705 4900 807 4941 sumunt
823 4907 869 4941 oue
890 4891 928 4956 A,
946 4891 1041 4942 adda
1112 4889 1201 4956 quinve]
1223 4892 1336 4955 quesiti

210 4981 385 5023 cnaivnmvuv
402 4981 490 5021 cunm
507 4983 532 5021 v.
1210 4975 1248 5039 16
