3346 5498
708 363 902 425 Excourva
1392 362 1455 425 323

1331 475 1389 524 μὴ
1405 471 1429 511 ll.

164 553 237 623 Quia
265 571 334 631 pars
362 558 476 631 partem
504 550 594 630 duplo
630 553 726 612 vincit.
772 550 854 611 Vnde
881 549 972 611 habet
999 549 1223 630 etymologiam?
1259 549 1454 620 Tribrachus,

165 657 215 734 qui
244 662 273 714 et
300 652 442 722 choreus,
472 652 637 733 appellatur
665 652 849 722 tribrachus,
879 654 962 729 qnasi
985 671 1020 712 ex
1044 651 1139 714 tribus
1161 651 1315 714 brevibus:
1345 649 1456 731 βραχύ

165 757 243 816 enim
265 774 373 833 graece
395 754 486 816 breve
509 755 624 816 dieitur.
671 756 728 828 Qui
750 774 803 834 pes
827 762 871 816 est
894 756 920 815 ei
943 755 1127 815 contrarius?
1150 755 1302 816 Molossus.
1339 754 1454 825 Quibus

163 856 280 936 syllabis
302 858 435 918 constat?
460 858 501 917 Ex
524 857 619 918 tribus
642 856 752 935 longis,
777 863 808 918 ut
829 857 953 918 Aeneas.
999 856 1076 927 Quot
1098 866 1229 936 tempora
1254 857 1361 944 habet?
1385 859 1452 919 Sex.

139 959 252 1019 vCuius
274 958 425 1018 divisionis
449 959 509 1018 est?
541 958 662 1039 lluplae.
706 958 899 1030 Quomodo?
933 959 1006 1031 Quia
1029 960 1103 1019 arsis
1126 958 1216 1020 habet
1236 960 1295 1021 duo
1319 969 1453 1040 tempora

84 1039 89 1051 ¹
163 1070 192 1121 et
219 1059 313 1121 thesis
341 1067 489 1139 quattuor.
534 1061 616 1121 Vnde
644 1061 734 1123 habet
760 1059 984 1142 etymologiam?
1021 1059 1259 1136 hllolossorum
1287 1061 1451 1131 saltatione,

163 1180 251 1242 tynam
275 1170 472 1222 exercuerunt
493 1163 607 1223 armati.
638 1163 697 1242 ipsi
721 1181 790 1222 vero
812 1162 882 1224 dicti
898 1162 1015 1223 Molossi
1037 1180 1054 1222 a
1077 1160 1218 1231 Molosso,
1242 1161 1301 1223 lilio
1324 1162 1452 1243 Neopto·

163 1262 232 1323 lemi
256 1271 286 1322 et
307 1262 539 1324 Andromaches.
578 1265 635 1336 Qui
657 1284 710 1344 pes
732 1265 883 1343 sequitur?
910 1266 1099 1342 hnapaestus.
1138 1262 1180 1324 Ex
1203 1263 1311 1343 quibus
1333 1263 1453 1345 syllabis

163 1366 295 1426 constat?
325 1364 366 1425 Er
390 1364 505 1426 duabus
527 1365 668 1427 brevibus
691 1375 720 1426 et
742 1365 843 1444 longa,
867 1374 899 1426 ut
920 1364 1048 1425 bonitas.
1092 1365 1169 1436 Quot
1189 1373 1322 1445 tempora
1346 1365 1451 1427 habet?

129 1484 152 1523 vo
166 1467 318 1539 Quattuor,
364 1466 452 1527 Cuius
471 1467 621 1528 divisionis
644 1470 705 1528 est?
731 1468 864 1547 Aequae,
888 1469 955 1547 quia
978 1467 1052 1527 arsis
1075 1466 1134 1526 dno
1158 1476 1290 1547 tempora
1312 1466 1401 1527 habet
1423 1475 1453 1529 et

164 1568 254 1629 thesis
276 1569 344 1629 duo.
369 1589 387 1622 ο
416 1569 498 1629 Vnde
520 1567 609 1630 habet
637 1567 863 1650 etymologiam?
889 1559 968 1630 'And
992 1567 1060 1628 τῶν
1082 1565 1179 1629 ἰδίων
1201 1563 1392 1638 δακτύλων,
1416 1589 1451 1630 eo

162 1670 239 1747 quod
268 1671 397 1747 vagitum
426 1669 501 1731 lovis
528 1669 616 1732 buius
643 1679 730 1732 cantu
760 1681 854 1732 mater
882 1673 944 1732 eius
972 1671 1101 1733 Saturno
1133 1673 1211 1750 patri
1237 1670 1388 1745 celaverit,
1423 1680 1452 1732 et

162 1774 257 1833 omnis
280 1774 392 1833 musica
425 1773 554 1852 propriis
577 1772 675 1851 digitis
698 1792 838 1852 percussa
859 1773 976 1843 luisset,
1007 1771 1073 1832 ideo
1095 1789 1148 1851 pes
1170 1774 1232 1852 ipse
1255 1757 1385 1858 dactylus
1407 1772 1451 1833 di·

162 1876 253 1942 citur,
283 1874 351 1950 quia
374 1876 479 1936 Graeci
508 1873 632 1953 digitum
655 1873 802 1954 dactylum
830 1873 988 1954 appellant.
1033 1873 1165 1952 dactylus
1192 1894 1207 1934 a
1231 1874 1322 1952 digito
1345 1875 1450 1945 dictus,

127 1974 240 2055 equod
269 1995 284 2034 a
313 1975 440 2054 longiori
469 1976 548 2037 nodo
575 1976 719 2036 inchoans
745 1977 775 2036 in
805 1975 878 2036 duas
906 1976 1015 2037 desinit
1043 1974 1160 2043 breves;
1189 1977 1232 2036 sic
1261 1979 1375 2056 etipse
1398 1996 1451 2056 pes

161 2080 327 2139 iuncturam
358 2096 446 2138 unam
474 2076 564 2137 babet
592 2076 709 2156 longam
733 2085 763 2138 et
784 2077 857 2139 duas
880 2077 993 2139 breves.
1039 2077 1118 2138 uude
1142 2084 1171 2136 et
1193 2096 1297 2139 uranus
1319 2073 1451 2158 oppansa

161 2179 256 2258 palma
287 2179 409 2249 dicitur,
440 2189 469 2238 et
496 2178 659 2258 pendentes
687 2178 770 2256 digiti
797 2179 913 2259 dactyli.
958 2178 1006 2240 hic
1030 2181 1117 2240 etiam
1141 2180 1251 2240 herous
1274 2179 1449 2260 appellatur,

162 2301 197 2342 eo
220 2280 299 2359 quod
328 2281 452 2340 heroum
480 2298 530 2340 res
563 2288 593 2341 et
620 2282 696 2342 lacta
729 2282 785 2341 isto
809 2289 904 2342 metro
927 2288 1095 2342 narrentur.
1139 2280 1376 2360 hmpbibrachus
1398 2301 1451 2362 pes

164 2401 199 2442 ex
223 2381 331 2462 quibus
354 2380 474 2460 syllabis
497 2384 631 2442 constat?
655 2381 697 2442 Ex
718 2382 829 2452 tribus,
853 2382 881 2443 id
906 2391 951 2444 est
974 2401 1009 2443 ex
1034 2380 1115 2442 brevi
1137 2381 1223 2459 longa
1248 2391 1277 2443 et
1298 2383 1396 2452 brevi,
1421 2394 1452 2445 ut
1561 2458 1563 2461 ι

124 2483 306 2546 aebonellus.
351 2484 430 2556 Quot
453 2491 586 2562 tempora
610 2483 715 2544 habet?
751 2485 904 2555 Quattuor.
949 2484 1038 2545 Cuius
1060 2484 1211 2544 divisionis
1234 2485 1298 2544 est?
1327 2483 1450 2554 Nullius,

160 2589 226 2664 quia
252 2587 364 2647 Donato
392 2587 527 2646 informis
556 2592 585 2645 et
611 2585 779 2647 inconditus
806 2586 960 2648 iudicatur.
1006 2585 1088 2646 Vnde
1117 2585 1205 2646 habet
1227 2585 1451 2666 etymologiam?

160 2688 202 2749 Eo
225 2686 303 2765 quod
333 2706 369 2746 ex
398 2694 522 2764 utraque
550 2695 635 2766 parte
664 2687 783 2749 brevem
801 2687 920 2769 ‘habeat
946 2685 1087 2767 syllabam
1109 2705 1167 2747 una
1191 2686 1277 2765 longa
1299 2689 1330 2748 in
1353 2688 1451 2749 medio

161 2792 351 2850 consistente.
395 2787 621 2874 Amphimacrus
644 2808 679 2849 ex
702 2789 810 2870 quibus
831 2790 950 2869 syllabis
972 2790 1104 2849 constat?
1141 2788 1183 2849 Ex
1207 2787 1293 2867 longa
1316 2789 1400 2850 brevi
1422 2798 1452 2850 et

160 2890 262 2969 longa,
286 2898 318 2950 ut
340 2891 460 2970 optime.
506 2890 584 2962 Quot
613 2897 748 2970 tempora
776 2890 883 2953 babet?
912 2891 1059 2968 Quinque.
1105 2890 1193 2952 Cuius
1216 2889 1368 2952 divisionis
1390 2896 1450 2951 est?

123 3010 147 3050 aa
159 2991 327 3072 Seseuplae.
363 2993 428 3064 Quo
444 2991 551 3051 modo?
573 2992 647 3063 Quia
663 2995 740 3055 arsis
757 2992 847 3054 habet
863 2995 919 3054 tria
934 3001 1083 3070 tempora,
1101 2991 1191 3052 thesis
1203 2991 1272 3053 duo.
1307 2991 1449 3072 Sescupla

159 3095 253 3172 qualis
276 3102 321 3154 est
348 3096 465 3155 sermo?
500 3094 640 3154 Graecus·
687 3094 761 3166 Quid
789 3095 932 3156 sonatio
961 3093 1069 3154 latino?
1114 3095 1208 3154 Vnum
1229 3101 1258 3154 et
1286 3093 1448 3154 dimidium.

160 3197 354 3270 Quomodo?
392 3196 465 3267 Quia
490 3193 579 3274 duplo
603 3214 694 3256 unum
719 3195 913 3276 superhabet,
937 3194 973 3255 ab
997 3213 1091 3272 aequo
1115 3213 1207 3256 unum
1230 3197 1329 3256 minus
1352 3194 1449 3257 babet.

160 3299 241 3359 Vnde
264 3297 354 3358 habet
377 3295 602 3374 etymologiam?
626 3296 667 3356 Eo
691 3296 770 3374 quod
793 3297 862 3359 binc
884 3297 952 3357 inde
974 3297 1092 3374 longam
1115 3296 1205 3357 habet
1227 3294 1369 3376 syllabam
1392 3316 1448 3357 una

46 3419 52 3424 ·
160 3400 242 3461 brevi
265 3401 295 3459 in
319 3397 416 3459 medio
439 3399 640 3459 interiacente.
674 3398 818 3460 Bacchius
840 3418 893 3478 pes
916 3417 953 3459 ex
976 3396 1084 3476 quibus
1106 3397 1227 3479 syllabis
1250 3401 1384 3463 constat?
1406 3399 1449 3459 Ex

122 3501 241 3562 eobrevi
264 3509 293 3561 et
316 3500 428 3559 duabus
450 3498 561 3577 longis,
586 3508 618 3559 ut
639 3498 727 3560 beati.
772 3502 850 3572 Quot
872 3509 1005 3580 tempora
1028 3498 1135 3559 babet?
1169 3500 1315 3579 Quinque.
1360 3500 1450 3562 Cuius

158 3604 310 3665 divisionis
334 3603 393 3661 est?
431 3600 604 3679 Seseuplae;
632 3603 707 3662 arsis
734 3601 823 3663 habet
850 3601 908 3663 duo
937 3610 1069 3680 tempora
1092 3608 1121 3661 et
1144 3600 1235 3662 thesis
1256 3591 1322 3662 tria.
1368 3601 1450 3663 Vnde

159 3705 248 3766 habet
271 3703 496 3785 etymologiam?
530 3702 688 3773 llacchius,
712 3706 762 3784 qui
785 3711 814 3764 et
836 3702 1065 3784 palimbacchius
1087 3702 1197 3774 dictus,
1222 3723 1257 3764 eo
1280 3687 1357 3785 qnod
1380 3705 1449 3767 bac·

159 3808 252 3867 chicis
280 3808 405 3865 niaxime
433 3805 587 3864 conveniat
614 3804 763 3876 cantibuS,
798 3805 842 3866 vel
871 3807 939 3887 quia
967 3807 1031 3883 ipso
1058 3804 1135 3884 pede
1164 3805 1306 3876 bacchia,
1342 3806 1371 3868 id
1406 3816 1451 3868 est

159 3909 259 3969 libori
287 3926 384 3976 sacra,
419 3905 616 3968 celebrantur.
662 3907 734 3977 Quis
762 3915 807 3968 est
839 3910 886 3970 isti
920 3909 1105 3969 contrarius?
1142 3907 1361 3969 Antibaccbius.
1407 3911 1448 3971 Ex

120 4010 267 4088 asquibus
290 4007 409 4088 syllabis
432 4010 566 4069 constat?
603 4009 645 4069 Ex
673 4008 789 4070 duabus
816 4009 910 4089 longis
940 4018 969 4070 et
997 4010 1092 4080 brevi,
1122 4018 1154 4071 ut
1175 4008 1326 4072 barbatus.
1371 4011 1450 4082 Quot

158 4124 291 4190 tempora
315 4110 419 4170 habet?
443 4112 587 4191 Quinque.
620 4111 709 4171 Cuius
727 4111 876 4172 divisionis
899 4115 962 4173 est?
985 4110 1153 4192 Seseuplae.
1185 4111 1267 4172 Vnde
1282 4112 1372 4173 habet
1388 4121 1449 4191 ety-

158 4214 336 4292 mologiam?
358 4213 400 4273 Eo
416 4213 493 4292 quod
510 4214 676 4273 contrarius
690 4215 730 4273 sit
743 4213 881 4274 bacchio:
904 4206 983 4274 ἄντί
994 4215 1072 4275 enim
1088 4232 1194 4292 graece
1211 4222 1313 4275 eontra
1330 4215 1446 4276 dicitur.

713 4314 732 4353 a
795 4311 814 4349 a
876 4316 895 4354 s

648 4451 695 4512 llll
717 4450 956 4512 BARBAlllSlllQ

245 4572 316 4631 ltem
345 4571 559 4640 barbarismus,
589 4573 641 4651 qui
663 4570 803 4650 bipartito
825 4569 914 4631 modo
936 4570 981 4640 lit,
1011 4570 1041 4631 id
1066 4579 1111 4631 est
1133 4572 1244 4650 scripto
1267 4578 1297 4630 et
1318 4588 1450 4649 pronun·

227 4770 360 4841 Ἰβραχιὶ]
379 4777 475 4824 braxim
492 4777 512 4825 lt
585 4775 613 4825 ll
632 4791 682 4840 apo
697 4784 724 4825 tu
744 4773 878 4840 uignidiou
892 4773 1009 4839 dactylon
1029 4777 1050 4827 ll
1122 4775 1153 4825 15
1170 4772 1272 4822 dunel?
1344 4773 1376 4823 17
1395 4770 1447 4838 bic]

158 4846 257 4895 hiucll
328 4846 359 4895 ’.Ἰ
380 4845 488 4912 Donato]
506 4863 534 4911 p.
554 4845 614 4910 370,
634 4845 665 4895 :tt
738 4843 1016 4896 abundaverant?
1085 4841 1312 4895 biantieuimlt

1182 4926 1247 4990 21*
