3346 5498
700 391 936 453 eumaudivit
1391 389 1453 454 301

1274 497 1430 552 per-ora

228 569 426 656 'Prolempsis
455 585 499 638 est
525 581 766 657 praeoccupatio:
801 580 844 637 sic
872 587 970 657 potest
996 577 1086 638 latine
1114 577 1186 647 diei,
1210 577 1388 658 prolempsis
1411 585 1456 639 est

158 682 391 761 praeoccupatio
420 681 465 738 rei
487 680 615 769 sphirae.
659 678 800 759 pleraque
824 696 899 756 quae
921 687 1023 757 postea
1045 680 1119 740 fiunt
1145 681 1188 739 sic
1210 679 1335 740 dicimus
1360 677 1365 760 Ι
1390 698 1454 746 nos,

159 782 246 860 quasi
276 789 344 841 ante
374 783 451 841 lacta
478 783 552 849 sint,
583 788 612 842 et
639 781 742 861 incipit
770 799 834 841 esse
868 781 915 841 hic
937 790 1053 860 tropus,
1088 780 1314 861 ‘Lavinaque
1348 783 1456 842 venit

160 883 305 943 litora’.
350 880 400 941 illo
429 890 576 962 tempore,
605 900 664 960 quo
692 884 771 942 venit
797 884 910 944 Aeneas
938 882 973 942 ad
1002 881 1129 951 ltaliam,
1158 882 1255 945 adhuc
1277 902 1336 943 non
1358 882 1456 943 luerat

131 969 305 1044 eborinum
334 983 474 1063 oppidum
504 1003 559 1043 nec
588 984 694 1044 Lauina
724 982 829 1045 litora..
863 1003 935 1062 ergo
963 983 1013 1045 illo
1040 983 1106 1045 loco
1129 987 1187 1046 erit
1207 984 1401 1064 prolempsis,
1425 984 1453 1044 id

160 1094 208 1146 est
230 1087 472 1165 praeoccupatio,
497 1104 583 1164 quem
608 1085 644 1146 ad
666 1085 787 1147 modum
808 1087 881 1147 item
904 1086 961 1147 alio
984 1084 1065 1156 loco,

315 1197 403 1247 tunc
425 1206 463 1246 se
487 1187 528 1246 ad
551 1187 703 1248 Caietae
726 1195 830 1248 recto
852 1190 928 1248 lert
950 1186 1060 1248 litore
1083 1197 1239 1268 portum.

162 1290 278 1351 Caietae
301 1296 405 1368 portus
425 1288 476 1349 illo
499 1297 634 1369 tempore
656 1307 715 1349 non
738 1290 849 1361 luerat,
878 1289 930 1349 sed
953 1277 1056 1368 postea
1078 1299 1195 1351 mortua
1218 1291 1316 1353 Caieta
1339 1292 1381 1351 sic
1403 1309 1454 1370 ap·

161 1389 291 1471 peilatus
314 1400 367 1452 est.
412 1409 485 1468 ergo
507 1389 686 1470 prolempsis
708 1390 816 1452 dicitur
838 1393 1066 1471 praeoccupatio
1089 1393 1133 1453 rei
1156 1393 1279 1454 suturae.

123 1519 150 1559 ιο
248 1492 412 1572 Pleraeque
436 1495 525 1553 etiam
547 1493 658 1570 figurae
681 1495 848 1554 contrariae
870 1500 949 1562 sunt,
966 1512 1024 1572 quo
1046 1493 1135 1554 modo
1159 1503 1228 1555 sunt
1251 1496 1340 1556 etiam
1362 1503 1455 1556 meta·

165 1596 278 1676 plasmi.
311 1613 431 1673 zeugma
455 1603 484 1654 et
506 1592 694 1673 hypozeuxis,
719 1612 788 1655 ecee
810 1597 863 1655 ista
887 1595 945 1655 duo
968 1598 1115 1657 contraria
1138 1604 1218 1658 sunt.
1248 1614 1317 1657 nam
1332 1614 1454 1675 zeugma
1480 1667 1483 1671 ¹

163 1698 281 1769 dicitur,
305 1699 443 1777 quotiens
465 1715 525 1757 uno
549 1695 638 1757 verbo
654 1697 761 1759 multas
783 1716 832 1759 res
848 1696 1024 1765 claudimus;
1044 1697 1224 1776 hypozeuxis
1240 1707 1294 1768 est,
1318 1700 1456 1778 quotieas

163 1800 293 1878 singulas
320 1818 371 1859 res
397 1797 520 1876 singulis
547 1797 710 1858 claudimus
739 1799 844 1859 verbis.
892 1816 1014 1877 zeugma
1044 1805 1103 1865 est,
1134 1800 1251 1878 quando
1279 1798 1328 1862 illa
1356 1801 1454 1861 omnia

163 1920 238 1980 quae
261 1903 424 1982 praeniissa
447 1908 518 1960 sunt
539 1900 718 1961 clauduntur
742 1900 846 1970 verbo,
876 1898 963 1978 quale
991 1908 1036 1961 est
1062 1898 1134 1960 illud
1164 1901 1243 1978 quod
1272 1901 1333 1962 dixi
1354 1901 1453 1971 modo,

124 2007 227 2086 rs‘qui
248 2006 368 2066 numina
385 2001 507 2069 Phoebi,
531 2004 580 2081 qui
602 2003 743 2081 tripodas,
760 2002 838 2064 Clari
853 2000 963 2072 laurus,
988 2003 1038 2080 qui
1060 2001 1157 2063 sidera
1173 2006 1292 2066 sentis’.
1323 2004 1452 2071 interim,

163 2109 301 2188 quoniam
330 2107 411 2165 venit
431 2106 489 2164 iste
511 2123 613 2165 versus
642 2104 677 2164 ad
701 2107 846 2173 animum,
878 2121 937 2164 non
961 2113 1088 2164 stantem
1110 2101 1194 2164 illum
1216 2104 1319 2180 legunt
1341 2122 1453 2174 omnes,

162 2210 230 2288 ‘qui
252 2209 374 2268 numina
396 2204 508 2265 Phoebi
531 2208 581 2282 qui
603 2206 737 2284 tripodas
759 2205 869 2267 Clari’:
899 2223 959 2266 non
982 2213 1173 2266 statuersus.
1216 2208 1275 2266 iarn
1297 2207 1322 2265 si
1344 2207 1388 2267 sic
1410 2206 1454 2267 di·

163 2312 219 2380 cis,
249 2328 308 2370 non
332 2316 390 2369 stat
412 2327 529 2376 versus;
563 2306 615 2368 sed
638 2306 771 2368 dicemus
797 2309 864 2388 ‘qui
887 2307 1019 2386 tripodas
1041 2306 1163 2378 Clarii’,
1192 2310 1259 2388 quia
1287 2308 1331 2370 cla
1355 2307 1454 2369 brevis

163 2422 220 2473 est:
245 2412 316 2490 ‘qui
337 2409 468 2488 tripodas
492 2390 587 2470 Clari⁵
608 2411 633 2469 si
656 2408 744 2483 dicas,
770 2415 802 2469 nt
825 2411 864 2469 sit
884 2408 1051 2489 spondens,
1075 2429 1136 2471 non
1158 2419 1224 2480 stat,
1248 2410 1301 2471 sed
1313 2405 1382 2472 'erit
1403 2399 1454 2471 lla·

124 2512 272 2593 mctylus,
303 2511 400 2572 brevis
423 2519 468 2571 cst
490 2513 569 2571 enim
592 2511 650 2582 cla,
678 2509 733 2594 let
754 2530 858 2572 omnes
888 2519 986 2572 tamen
1014 2512 1057 2572 sic
1086 2511 1190 2590 legunt
1210 2513 1336 2591 penitus.
1359 2546 1361 2550 >
1381 2524 1453 2590 ergo

163 2617 299 2693 quotiens
325 2632 385 2674 arno
413 2613 507 2674 verbo
532 2614 663 2674 diversas
692 2612 838 2674 clausulas
865 2615 1078 2691 conponimns‚
1113 2633 1235 2693 zeugma
1261 2620 1315 2675 est.
1361 2613 1452 2694 hypo·

163 2720 264 2778 zeuxis
287 2726 331 2777 est
354 2724 460 2783 aretem,
485 2718 622 2794 quotiens
645 2714 775 2794 singulas
797 2734 846 2775 res
870 2715 993 2794 singulis
1016 2714 1180 2777 claudimus
1202 2716 1308 2785 verbis,
1332 2726 1364 2776 ut

316 2837 440 2896 regem
464 2819 539 2877 adit
562 2827 598 2877 et
618 2819 696 2895 rogi
720 2827 897 2877 memorat
920 2835 1128 2895 nomenque
1150 2836 1353 2897 genusque:

165 2928 283 3000 ‘regern
318 2921 393 2980 adit'
421 2939 527 2980 sensus
562 2926 619 2988 est,
655 2921 737 2997 ‘regi
770 2920 932 2979 memorat’
960 2937 1062 2979 sensus
1099 2928 1159 2989 est,
1195 2919 1318 3000 ‘quidve
1354 2922 1452 2999 petat'
1535 2912 1537 2915 ’

126 3036 269 3082 aasensus
293 3031 346 3090 est,
371 3021 495 3097 ‘quidve
519 3024 680 3082 memoret'
704 3040 808 3090 sensus
831 3028 883 3090 est
907 3020 1006 3082 ‘arma
1029 3020 1180 3100 quaesibi
1205 3022 1362 3101 conponit'
1385 3039 1451 3082 sen·

163 3144 212 3185 sus
235 3133 289 3193 est,
315 3123 468 3185 ‘humanis
491 3143 565 3203 qnae
588 3125 626 3183 sit
648 3121 754 3183 rebus’
779 3131 965 3190 sensusest;
989 3121 1123 3200 singulae
1144 3140 1194 3183 res
1209 3122 1334 3201 singulis
1353 3121 1453 3184 verbis

165 3208 328 3306 conmlctae
351 3233 428 3285 sunt.

247 3327 419 3408 Syllempsis
442 3335 487 3386 est
509 3327 695 3388 dissimilium
719 3346 818 3388 rerum
843 3345 900 3387 una
923 3326 1088 3396 conclusio,
1118 3335 1190 3407 puta
1215 3330 1241 3387 si
1263 3346 1356 3406 ponas
1378 3327 1453 3390 duos

164 3449 305 3492 numeros
328 3430 460 3489 diversos
483 3437 512 3487 ot
534 3431 584 3487 nni
607 3430 797 3508 respondeas,
821 3428 947 3506 alterum
969 3429 1134 3507 relinquam
1163 3431 1187 3489 si
1211 3448 1304 3508 ponas
1320 3428 1379 3490 duo
1400 3448 1452 3508 ge·

131 3543 234 3592 ltnera
258 3532 373 3591 diversa
397 3541 426 3591 et
448 3549 507 3590 uno
530 3533 632 3608 generi
655 3530 846 3608 respondeas,
871 3529 998 3590 alterum
1026 3529 1187 3609 relinquas.
1215 3539 1285 3610 puta
1308 3531 1384 3591 ‘hic
1405 3531 1466 3615 il„

164 3632 236 3694 lius
265 3652 381 3708 arma,
417 3634 475 3692 liic
503 3652 638 3693 currus
671 3633 776 3692 luit’:
811 3632 870 3692 ‘hic
897 3631 977 3693 illius
999 3651 1106 3693 currus
1127 3633 1193 3692 luit’
1216 3632 1293 3694 hene
1316 3632 1451 3702 dicimus,

163 3734 256 3796 ‘arma
285 3737 351 3795 luit'
381 3755 438 3796 non
468 3735 700 3795 benedicimus.
748 3751 819 3812 ergo
842 3732 1009 3815 syllempsis
1032 3743 1090 3804 est,
1119 3736 1255 3812 quotiens
1278 3752 1338 3795 une
1361 3734 1452 3797 verbo

163 3838 378 3917 respondemus
397 3836 513 3896 duabus
535 3836 625 3896 rebus
648 3835 848 3906 dissimilibus,
871 3839 910 3896 ita
935 3847 967 3897 ut
990 3856 1046 3898 una
1068 3856 1138 3917 pars
1159 3839 1309 3918 pertineat
1329 3836 1365 3898 ad
1382 3840 1451 3900 sim·

163 3941 268 4018 plicem
293 3940 499 4008 elocutionem,
524 3938 616 3999 altera
639 3938 674 3997 ad
698 3938 862 4015 figuratam.
906 3958 974 3999 nam
998 3939 1115 4017 quando
1138 3939 1273 4021 dicilmus
1295 3938 1361 4000 ‘hic
1382 3959 1450 4001 cur·

119 4048 214 4101 ³erus
242 4042 330 4109 luit',
360 4040 484 4119 simplex
515 4050 559 4100 est
588 4041 730 4109 elocutie;
764 4040 881 4121 quando
915 4041 1041 4101 dicimus
1070 4045 1171 4102 ‘arma
1199 4043 1287 4111 luit',
1318 4061 1378 4103 non
1407 4051 1451 4103 est

163 4141 288 4221 simplex
313 4142 453 4209 elocutio,
484 4143 535 4200 scd
560 4144 690 4219 figurata.
737 4161 809 4221 ergo
836 4141 1002 4223 syllempsis
1031 4143 1139 4204 dicitur
1166 4142 1347 4222 singularum
1370 4144 1451 4204 clau·

163 4245 295 4305 sularum
318 4264 375 4305 nna
399 4243 559 4303 corrclusio.
604 4244 676 4303 liaeo
701 4255 798 4304 aulem
827 4244 994 4324 syllempsis
1016 4264 1076 4305 non
1098 4253 1213 4306 tantum
1236 4247 1265 4305 in
1289 4243 1387 4306 verbis
1409 4246 1450 4312 ut,

163 4345 215 4405 sed
244 4348 331 4406 etiam
362 4347 391 4404 in
420 4346 564 4404 sensibus.
616 4349 879 4425 quotienscumque
909 4365 959 4406 res
985 4356 1145 4409 narrantur
1173 4346 1346 4417 dissimiles,
1376 4364 1451 4426 quae
1480 4425 1482 4428 Α
1574 4331 1580 4348 ’

163 4500 290 4507 m...-

231 4585 410 4649 3lauimaqne
430 4589 499 4634 uenit
513 4586 547 4633 J’:
565 4585 644 4648 Verg.
660 4585 724 4634 Aen.
748 4586 789 4633 iz
861 4581 966 4649 7tunc]
991 4587 1070 4650 Verg.
1091 4585 1156 4637 Aea.
1172 4586 1206 4635 Vl
1222 4585 1271 4637 tldl
1344 4587 1376 4637 14
1392 4600 1451 4651 pro·

162 4657 240 4705 missa
258 4655 362 4705 BCSI'
448 4657 478 4706 15
499 4656 583 4703 laorns
601 4658 624 4704 Ι)
642 4655 727 4703 lauros
741 4653 793 4704 BS
810 4654 908 4704 lauriC
995 4656 1025 4706 l'l
1042 4656 1103 4705 clari
1121 4657 1208 4705 laurus
1227 4672 1276 4706 nora
1293 4658 1343 4706 stat
1358 4657 1383 4707 B

164 4726 195 4775 1ss
210 4727 489 4774 dieemnsl’dicimus
509 4724 584 4774 Bos
653 4721 799 4790 ⁴23regem]
824 4725 902 4787 Verg.
922 4725 1025 4775 AemX
1045 4726 1095 4776 lat)
1164 4728 1259 4775 aditet
1277 4725 1452 4791 regiP‘adiit

162 4805 185 4844 ei
205 4797 259 4861 regi
274 4795 294 4842 S
311 4797 363 4844 adit
383 4800 435 4862 regi
452 4798 501 4845 litt
569 4796 601 4843 24
620 4795 683 4842 adiit
701 4795 721 4841 S
791 4795 1012 4861 zaeomponetl’
1080 4793 1452 4862 30bie]Verp.Aen.116

210 4864 245 4916 33
263 4866 361 4914 duolms
377 4868 461 4914 uerbis
475 4866 581 4917 BCSP
632 4864 666 4914 38
685 4871 817 4913 narrantur
836 4866 857 4916 0
874 4874 1007 4915 irascantur
1024 4875 1193 4916 enascuntur
1211 4867 1263 4918 BS
1281 4866 1454 4918 noscuntur?
