3346 5498
180 396 253 463 112Ι
746 402 897 464 Pontem!

203 521 223 562 p.
238 510 314 550 aa-ae
328 508 350 549 1..

177 588 286 667 syllaba
311 607 381 667 ergo
404 590 526 669 proprie
549 588 655 650 dicitur
677 607 752 668 quae
774 589 811 649 de
834 588 933 650 multis
954 588 1062 650 litteris
1084 590 1159 650 iacta
1176 596 1230 659 est,
1254 589 1375 650 abusive
1390 607 1467 670 quae

177 690 214 750 de
237 709 293 751 una
317 689 407 751 vocali
431 692 507 751 lacta
530 701 584 752 est.

59 801 118 862 423,
131 800 163 849 14
260 792 368 853 Omnes
390 790 518 872 syllabae
540 801 591 853 aut
613 793 718 854 breves
739 801 815 862 sunt,
839 801 889 852 arat
903 791 1009 871 longae
1024 802 1100 862 sunt,
1125 802 1176 854 aut
1195 811 1369 854 communes
1384 801 1465 854 sunt.

177 893 282 953 breves
305 892 445 955 dicuntur
474 913 550 973 quae
572 913 690 974 semper
712 894 817 955 breves
839 903 923 964 sunt;
953 895 1059 974 longae
1087 895 1225 957 dicuutur
1248 913 1324 975 quae
1345 911 1467 975 semper

177 993 282 1072 longae
310 1003 393 1064 sunt;
423 1014 597 1056 communes
623 997 761 1057 (licuntur
784 1015 859 1075 quae
887 997 976 1058 rnodo
1002 997 1108 1059 breves
1130 997 1224 1069 ,modo
1252 996 1358 1075 longae
1380 1003 1492 1056 santra

177 1115 244 1156 nam
266 1097 360 1157 idciro
383 1097 545 1177 appellatae
568 1106 636 1159 sunt
659 1117 839 1159 communes.
885 1098 1035 1159 videamus
1057 1098 1146 1159 modo
1168 1098 1282 1160 breves.
1327 1100 1358 1158 in
1383 1099 1466 1177 prin·

176 1200 268 1276 cipio,
293 1206 450 1277 antequam
480 1198 575 1260 ‹ttcnn
603 1199 803 1261 definitionem
831 1201 938 1281 ipsam,
963 1210 994 1263 tu
1017 1201 1074 1261 hoc
1096 1203 1173 1261 scire
1196 1200 1301 1269 debes,
1325 1202 1465 1280 quoniam

175 1299 315 1380 syllabam
341 1319 398 1360 non
423 1309 616 1381 conputamus
639 1301 676 1362 ab
698 1302 876 1371 initio,·sed
901 1314 916 1362 'a
940 1301 1041 1363 vocali.
1087 1303 1219 1382 quisquis
1242 1301 1303 1363 vult
1323 1300 1466 1381 syllabam

175 1402 424 1472 animadvertere,
465 1403 558 1482 qualis
598 1406 649 1474 sit,
689 1422 748 1465 uon
787 1403 824 1464 ab
861 1405 945 1465 initio
987 1403 1074 1464 debet
1117 1407 1294 1483 conputare,
1330 1402 1381 1464 sed
1419 1402 1464 1483 al

87 1584 89 1590 Ι
176 1504 277 1564 vocali.
341 1511 411 1584 puta
454 1514 535 1583 post:
582 1506 699 1585 quando
738 1506 810 1567 dicis
849 1506 920 1566 mibi
963 1507 1091 1584 ‘quaere
1135 1504 1228 1583 qualis
1271 1514 1314 1566 est
1354 1503 1507 1585 syllabam

176 1611 268 1684 post’,
308 1624 366 1666 non
404 1607 513 1685 incipio
541 1614 702 1686 conputare
731 1625 746 1667 a
776 1627 810 1686 p,
840 1607 890 1667 sed
919 1609 1029 1687 incipio
1058 1614 1220 1686 conputare
1249 1607 1285 1668 ab
1315 1625 1347 1675 o;
1376 1624 1465 1666 aro·

175 1705 231 1767 cali
259 1708 368 1787 incipio
398 1718 560 1787 conputare
583 1717 611 1769 et
633 1711 725 1789 ipsam
749 1709 983 1770 animadvertere
1014 1717 1042 1770 et
1075 1718 1233 1786 sequentes
1260 1715 1467 1769 consonantes.

176 1817 274 1868 utrum
299 1808 397 1870 brevis
419 1811 515 1870 sitan
538 1808 638 1888 leuga,
669 1820 700 1871 ut
722 1812 834 1890 possim
858 1812 1109 1880 animadvertere,
1139 1830 1198 1871 uon
1220 1811 1331 1890 incipio
1354 1828 1466 1889 conpu-

176 1920 238 1971 tare
261 1929 275 1970 a
299 1929 333 1990 p,
363 1911 415 1972 sed
444 1910 480 1972 ab
503 1930 536 1980 o:
566 1921 595 1973 et
621 1914 812 1974 inveniuntur
841 1912 915 1972 duae
943 1913 1138 1974 consonantes
1165 1919 1232 1992 post
1257 1914 1361 1992 ipsam.
1405 1929 1465 1973 nou

176 2011 406 2101 cumputo-illam
435 2014 575 2091 priorem.
620 2032 747 2092 namque
774 2017 804 2074 in
832 2033 890 2075 urta
919 2031 1035 2092 quaque
1062 2013 1171 2094 syllaba
1201 2014 1316 2074 litterae
1343 2032 1466 2093 praece·
1481 2014 1531 2069 15'

177 2113 281 2174 dentes
304 2132 362 2173 non
386 2118 519 2191 sequenti
544 2115 672 2195 syllabae
693 2123 829 2195 prosunt,
854 2117 905 2177 sed
929 2118 1071 2176 anteriori
1093 2113 1230 2196 syllabae,
1254 2115 1284 2176 id
1300 2122 1345 2176 est
1360 2117 1465 2195 priori,

178 2217 317 2292 quoniam
340 2219 436 2277 omnis
463 2215 571 2295 syllaba
594 2218 699 2295 incipit
726 2217 837 2279 babere
867 2218 1013 2278 rationem
1041 2237 1056 2278 a
1080 2217 1181 2278 vocali.
1227 2235 1346 2297 semper
1368 2216 1398 2277 id
1421 2224 1469 2278 est

177 2336 319 2396 quaerere
342 2318 378 2378 de
399 2321 462 2396 ipsa
486 2318 590 2386 vocali,
615 2327 714 2379 utrum
735 2318 822 2398 longa
845 2321 941 2379 sitan
964 2319 1076 2387 br·evis;
1100 2319 1207 2379 deinde
1229 2316 1420 2379 considerare
1438 2324 1468 2378 et

177 2419 214 2479 de
237 2417 468 2479 consonantibus
490 2420 696 2498 sequentibus,
722 2440 781 2480 uon
804 2421 841 2481 de
856 2418 1112 2501 praecedentibus.
1158 2420 1369 2500 praecedentes
1385 2421 1465 2480 enim

178 2529 372 2581 consonantes
399 2539 458 2581 non
487 2524 544 2601 ipsi
571 2531 709 2600 prosunt,
738 2521 790 2582 sed
819 2522 906 2583 alicui
934 2523 1049 2583 litterae
1079 2523 1230 2582 anteriori.
1274 2521 1346 2582 illud
1376 2524 1507 2585 etiamen

178 2624 254 2684 seire
277 2623 382 2692 debes,
406 2623 483 2702 ‹ytrod
507 2623 617 2703 syllaba
641 2624 738 2685 brevis
753 2643 844 2685 unum
860 2633 976 2704 tempus
992 2623 1089 2693 babet,
1113 2624 1198 2702 longa
1222 2623 1279 2684 duo
1301 2632 1435 2704 tempora
1460 2622 1464 2704 ἶ

177 2724 282 2793 habet,
306 2725 466 2804 pleraeque
489 2725 548 2785 diro
571 2726 674 2794 semis,
703 2725 864 2805 pleraeque
893 2728 958 2786 tria.
1002 2727 1052 2787 sed
1081 2728 1138 2786 iam
1166 2725 1255 2787 modo
1285 2725 1370 2786 nobis
1392 2724 1467 2786 nibil

176 2835 366 2907 quaeruntur.
413 2826 523 2907 syllaba
547 2847 618 2906 ergo
641 2830 792 2907 quaeritur·
814 2849 830 2888 a
852 2827 944 2888 vocali
962 2836 991 2888 et
1013 2827 1205 2907 sequentibus
1227 2826 1465 2896 consonantibus,

177 2948 251 3008 quae
276 2928 445 2989 tractandae
468 2929 555 2990 nobis
577 2937 653 2990 sunt.
700 2928 807 2989 deiude
834 2928 904 2989 illud
933 2930 1009 2990 scire
1038 2929 1141 3000 debes,
1171 2929 1248 3008 equod
1272 2945 1466 3009 unaquaeque

176 3030 300 3111 syllaba,
326 3029 422 3091 brevis
445 3033 469 3091 si
492 3033 544 3099 sit,
569 3050 659 3091 unum
683 3039 799 3110 tempus
821 3030 926 3097 habet:
955 3032 979 3091 si
1002 3030 1088 3110 longa
1112 3033 1165 3099 sit,
1195 3032 1253 3092 duo
1277 3030 1366 3091 babet
1388 3039 1464 3092 tem·
1478 3050 1504 3089 aa

176 3151 257 3212 pora.
303 3139 400 3192 cetera
425 3141 572 3212 tempora,
598 3150 673 3210 quae
696 3133 854 3202 accedunt,
879 3133 1028 3213 superllua
1056 3141 1133 3194 sunt.
1178 3142 1210 3193 ut
1239 3142 1308 3212 puta
1336 3134 1361 3194 si
1384 3132 1466 3194 dicas

177 3244 218 3307 et,
243 3252 334 3295 uuum
357 3236 447 3296 semis
469 3233 567 3295 babet.
614 3254 630 3295 e
653 3236 760 3296 vocalis
783 3242 828 3296 est
852 3234 962 3302 brevis,
988 3254 1078 3295 unum
1101 3235 1190 3295 babet
1212 3242 1336 3314 tempus.
1366 3243 1466 3296 tcon-

175 3357 283 3398 sunans
306 3345 364 3404 est,
390 3345 419 3396 et
441 3339 536 3396 omnis
564 3356 731 3398 consonans
759 3336 911 3397 dimidium
939 3336 1028 3396 habet
1056 3345 1186 3416 tempus:
1218 3354 1287 3396 ecce
1316 3344 1345 3396 et
1372 3355 1465 3396 unum

175 3442 265 3499 semis
288 3439 376 3498 babet
398 3448 522 3517 tempus.
569 3438 663 3500 adhuc
692 3459 750 3500 non
780 3448 907 3499 estnec
938 3438 1024 3517 longa
1053 3458 1107 3500 nec
1136 3438 1249 3503 brevis:
1278 3436 1344 3516 plus
1367 3444 1465 3498 tamen
1553 3426 1558 3437 '

176 3541 266 3600 babet
287 3559 303 3600 a
325 3540 422 3608 brevi,
452 3543 549 3600 urinas
577 3540 694 3617 quidem
724 3540 815 3601 babet
841 3562 857 3601 a
887 3541 981 3620 longa.
1028 3540 1102 3601 adde
1132 3539 1168 3600 ad
1196 3547 1225 3599 et
1252 3558 1276 3610 s,
1301 3547 1330 3599 et
1351 3540 1410 3600 iam
1433 3541 1503 3600 litso

176 3641 272 3716 longa.
319 3644 427 3718 quarc‘t
458 3641 595 3701 ebrevis
617 3660 708 3703 uuum
731 3648 848 3720 tempus
871 3641 975 3712 babet,
1003 3649 1015 3700 t
1036 3641 1191 3713 dimidium
1219 3647 1336 3719 tempus
1364 3639 1464 3708 habet,

177 3764 191 3803 s
215 3741 369 3803 dimidium
392 3753 508 3820 tempus
531 3741 633 3802 habet:
659 3762 728 3803 ecco
751 3743 809 3803 diro
831 3751 965 3822 tempora
990 3752 1074 3812 sunt,
1097 3743 1233 3803 iecerunt
1254 3742 1313 3803 duo
1329 3749 1465 3822 tempora

178 3845 293 3923 longam
316 3844 467 3924 syllabam.

262 3947 340 4006 llaec
369 3949 444 4007 ratio
473 3955 532 4016 est,
563 3955 594 4007 ut
622 3954 736 4006 tantum
765 3946 858 4008 valeat
887 3947 996 4027 syllaba
1015 3949 1020 4024 l
1040 3947 1213 4008 naturaliter
1242 3945 1342 4024 longa,
1371 3965 1464 4026 quan·

177 4059 238 4110 tum
272 4047 348 4110 valet
380 4051 527 4128 positione
562 4048 658 4126 longa.
704 4051 815 4126 quare?
854 4069 919 4110 uam
944 4067 1032 4128 quem
1061 4048 1096 4108 au
1126 4048 1246 4109 modum
1277 4048 1344 4109 illae
1379 4067 1503 4109 roca-aa

177 4151 221 4212 les
258 4150 432 4211 naturaliter
469 4149 575 4228 longae
615 4149 672 4209 duo
712 4149 824 4210 babent
857 4159 988 4231 tempora
1030 4151 1077 4226 (ut
1108 4153 1141 4210 ‘a
1174 4157 1208 4209 te
1241 4169 1283 4211 ue
1315 4149 1464 4228 frigora

177 4253 361 4321 laedant';
400 4271 416 4312 a
456 4250 542 4329 longo
582 4260 626 4312 est
664 4252 850 4320 naturaliter,
889 4254 945 4313 duo
980 4251 1070 4312 habet
1103 4251 1267 4331 tempora),
1302 4252 1345 4311 sic
1375 4252 1465 4312 etiam

176 4355 301 4438 syllaba,
326 4373 401 4435 quac
423 4355 569 4432 positione
592 4355 623 4414 dt
644 4354 745 4432 longa,
775 4354 833 4415 duo
857 4353 945 4415 babet
968 4363 1111 4435 tempora.
1155 4373 1213 4433 quo
1236 4353 1343 4416 modo?
1372 4333 1465 4414 uuum

247 4529 300 4575 itu
320 4527 383 4576 lraec
399 4526 472 4576 BGa
490 4525 589 4574 lraecA
662 4525 694 4576 10
712 4535 773 4591 puta
792 4533 849 4591 post
864 4525 953 4575 BCa:
978 4536 1036 4591 post
1057 4542 1102 4578 om.
1123 4525 1147 4573 A
1217 4521 1322 4590 quaere]
1343 4539 1421 4588 quare
1440 4524 1465 4573 A

237 4596 335 4663 syllaba
353 4606 409 4661 post
427 4596 519 4646 laea:
541 4604 598 4660 post
613 4611 658 4646 om.
678 4596 702 4644 A
758 4596 789 4646 te
808 4605 975 4644 consonantes
996 4638 1082 4649 .....
1102 4610 1159 4644 esse
1176 4596 1249 4643 istam
1268 4593 1383 4642 sillabam
1403 4604 1465 4658 puta

178 4675 259 4715 utrum
278 4668 302 4716 A
374 4668 405 4717 14
424 4681 473 4715 nou
493 4677 600 4730 corrputo
626 4668 694 4715 illam
716 4666 825 4731 priorem
843 4664 891 4713 Ba
916 4681 963 4714 uon
988 4678 1096 4731 conputo
1121 4668 1203 4729 ipsam
1222 4664 1291 4712 illam
1309 4665 1420 4729 priorem
1439 4662 1465 4712 A
1547 4669 1553 4679 “

178 4751 225 4786 nou
244 4738 338 4802 incipio
357 4736 583 4799 illamprioremC
651 4737 684 4786 25
702 4737 789 4784 breuis
806 4737 828 4784 si
845 4736 876 4784 sit
892 4736 957 4784 Boc
976 4736 1064 4784 breues
1079 4735 1100 4785 si
1118 4736 1149 4782 sit
1167 4736 1254 4793 C,om.
1275 4735 1299 4782 A
1356 4733 1390 4785 33
1410 4734 1466 4783 lon·

178 4821 237 4872 garn
261 4807 385 4871 syllabam
410 4806 581 4869 Hearinperua
601 4808 626 4854 in
651 4806 726 4856 Mali.
751 4804 844 4855 Tdeod.
868 4823 895 4870 p.
913 4807 948 4856 tib
972 4806 1073 4870 longam
1093 4803 1160 4851 illam
1179 4803 1264 4854 ABG
1332 4802 1367 4854 34
1385 4799 1462 4869 valet]

178 4878 261 4929 ualeat
279 4878 302 4925 A
374 4875 408 4926 3ss
426 4892 441 4924 a
460 4873 496 4941 te]
519 4876 598 4939 Verp.
618 4875 698 4928 bacol.
720 4877 761 4939 la,
779 4875 812 4925 48
880 4875 914 4926 38
932 4876 959 4924 m
979 4875 1054 4940 longa
1073 4872 1129 4922 AB
1148 4874 1174 4921 lit
1191 4872 1288 4938 syllaba
1305 4872 1348 4923 Ca
