3346 5498
701 401 771 462 aits
1317 394 1377 460 391

118 523 136 551 c·
148 512 169 552 9·
184 511 215 550 to.
1204 519 1225 560 p.
1240 507 1315 545 12-14
1330 505 1353 548 Β.

93 598 123 650 ει
145 593 304 669 ‘conque
333 587 583 649 tubernalem'
612 606 667 667 pro
695 587 951 656 contubernalem,
980 605 1038 667 quo
1066 586 1198 646 Lucilius
1225 588 1256 645 in
1285 593 1379 646 metro

93 690 200 751 crebro
228 693 331 751 utitur.
376 690 428 750 sed
456 707 511 767 ego
538 688 668 750 arbitror
697 689 764 750 ideo
797 689 952 768 plerosque
980 689 1036 748 boc
1064 691 1145 749 inter
1173 688 1380 767 metaplasmos

93 812 152 853 nou
174 794 338 872 recepisse,
362 793 431 872 quia
454 810 512 851 non
535 791 571 851 dc
591 810 647 851 una
663 792 804 851 orationis
825 798 908 869 parte
932 792 1005 851 baec
1027 790 1224 850 consideratio
1246 796 1379 869 putetur.

93 913 160 954 nam
184 895 257 954 duas
279 901 380 972 partes
402 911 467 953 esse
491 894 592 953 dicunt
620 912 680 953 non
702 901 731 953 et
753 892 825 961 ulla,
848 893 919 951 item
941 900 1002 952 tres
1028 899 1128 971 partes
1154 910 1218 952 esse
1248 891 1380 952 subiecta

67 1003 124 1056 aet
151 994 273 1074 septem
303 1002 333 1054 et
360 994 458 1055 trioni.
503 995 554 1055 sed
582 998 632 1075 qui
662 994 885 1074 metaplasmum
907 1001 1027 1073 putant,
1056 994 1158 1054 dicunt
1179 995 1267 1054 unius
1288 994 1382 1071 partis

93 1097 329 1157 consideratione
352 1096 437 1155 aliter
460 1098 630 1158 enuntiatae
653 1096 876 1175 metaplasmum
899 1097 1022 1156 lactum.
1066 1114 1134 1155 nam
1156 1095 1255 1155 ridere
1279 1095 1381 1153 dicunt

94 1217 236 1259 sennam
265 1206 380 1276 partem
409 1199 563 1266 orationis,
592 1197 621 1257 id
645 1208 690 1258 est
712 1198 805 1267 nulla,
829 1198 914 1258 aliter
936 1200 1133 1266 enuntiatam;
1156 1198 1227 1256 item
1251 1204 1379 1274 septem-

93 1303 219 1372 trionem
243 1301 435 1379 compositam
459 1319 523 1360 esse
546 1299 625 1359 illam
648 1300 782 1379 quidem,
806 1307 906 1360 tamen
928 1307 1044 1379 partem
1068 1318 1155 1359 mam
1179 1298 1264 1358 aliter
1287 1315 1379 1357 cnun-

93 1405 208 1472 tiatam;
233 1400 367 1462 similiter
390 1408 419 1460 et
441 1400 693 1462 contubernalem.

55 1522 81 1560 10
180 1503 222 1564 td
251 1504 323 1563 baec
352 1504 448 1562 omnia
476 1521 551 1582 quae
580 1521 669 1582 supra
696 1504 823 1565 diximus
850 1504 924 1565 baec
951 1503 1146 1565 ammonendo
1170 1502 1280 1572 babeo,
1303 1500 1382 1582 quod

94 1606 269 1685 plerumque
299 1606 340 1664 sic
368 1604 466 1664 littera
495 1603 679 1665 subtrahitur
707 1624 761 1684 per
783 1606 1006 1685 metaplasmum
1030 1614 1081 1665 aut
1102 1605 1245 1674 adicitur,
1269 1612 1382 1664 utnon

94 1707 188 1767 solum
212 1709 241 1766 in
264 1725 300 1766 eo
322 1706 434 1774 littera,
458 1706 509 1766 sed
532 1715 562 1766 et
584 1705 695 1785 syllaba
711 1708 763 1776 sit,
786 1708 875 1768 veluti
898 1716 944 1768 est
959 1710 1072 1768 omitte.
1103 1725 1170 1768 nam
1194 1725 1212 1766 o
1234 1714 1264 1766 et
1285 1706 1383 1766 littera

94 1815 125 1868 et
147 1807 256 1887 syllaba
280 1816 338 1875 est,
363 1815 450 1886 atque
474 1807 561 1867 aliter
582 1827 613 1868 εε
636 1808 692 1867 boc
715 1808 819 1878 babet,
842 1828 931 1890 quam
947 1828 1014 1869 cum
1037 1810 1162 1869 dicimus
1185 1816 1305 1886 gnatum
1328 1825 1382 1886 pro

94 1917 171 1969 nato.
216 1911 286 1969 item
315 1909 386 1969 illud
415 1917 475 1978 est,
506 1910 584 1989 quod
612 1911 654 1968 sic
681 1910 855 1990 plerumque
878 1911 976 1971 littera
999 1910 1199 1980 subtrabitur,
1223 1918 1255 1971 ut
1278 1908 1382 1989 perid

55 2021 124 2071 reat
147 2011 324 2091 syllabarum
347 2012 487 2072 damnum
510 2013 574 2079 liat,
598 2020 630 2071 ut
645 2018 689 2071 est
705 2021 867 2091 repostum.
898 2032 965 2073 nam
989 2013 1058 2073 licet
1080 2013 1174 2073 solum
1198 2012 1382 2072 subtractum

94 2115 132 2173 sit
153 2115 177 2182 i,
202 2122 290 2193 atque
319 2132 377 2173 non
407 2121 439 2173 ut
467 2112 592 2192 syllaba,
623 2113 674 2172 sed
698 2122 732 2174 ut
758 2114 871 2184 littera,
900 2123 999 2175 tamen
1023 2123 1195 2175 remanente
1218 2114 1276 2174 illic
1300 2133 1314 2173 s
1336 2112 1383 2172 lit·

94 2225 173 2284 tera,
197 2234 273 2294 quae
300 2217 332 2274 in
359 2215 513 2294 complexu
542 2214 672 2294 syllabae
695 2223 773 2284 erat,
797 2217 949 2296 trisyllaba
972 2236 1042 2297 pars
1064 2218 1206 2277 orationis
1228 2217 1306 2276 iacta
1327 2222 1382 2285 est,

94 2336 169 2397 quae
193 2325 257 2377 erat
284 2324 423 2395 quattuor
452 2315 638 2395 syllabarum.
685 2317 756 2377 item
783 2319 959 2397 plerumque
983 2320 1128 2379 dictiones
1150 2326 1232 2388 sunt,
1257 2319 1293 2378 de
1316 2319 1383 2397 qui·

94 2419 151 2479 bus
173 2419 311 2478 contendi
333 2425 430 2497 potest
459 2420 538 2477 inter
560 2418 768 2497 metaplasmos
795 2440 876 2490 esse,
899 2440 967 2482 cum
990 2440 1048 2481 non
1071 2423 1143 2489 sint,
1167 2430 1200 2480 ut
1222 2438 1289 2480 cum
1312 2419 1384 2479 dicit

54 2539 81 2578 ao
95 2520 200 2599 aliquis
222 2519 316 2580 bonos
338 2520 440 2589 arbos,
464 2519 580 2580 videtur
602 2521 734 2583 ultimam
758 2521 885 2583 litteram
906 2526 1074 2583 mutavisse.
1105 2524 1157 2583 sed
1180 2524 1235 2582 boc
1258 2540 1317 2582 non
1339 2529 1384 2580 cst

95 2623 318 2700 aretaplasmus,
342 2624 410 2701 quia
433 2630 462 2681 et
490 2622 583 2683 lronos
606 2632 635 2683 ct
658 2623 746 2684 arbos
768 2633 798 2684 et
820 2624 914 2685 bonor
936 2633 966 2685 et
988 2623 1077 2684 arbor
1100 2625 1263 2684 secundum
1286 2623 1382 2684 latini·

95 2727 163 2784 tatis
185 2724 317 2800 regulam
339 2732 439 2784 rectus
463 2744 560 2784 sermo
583 2734 637 2786 εει.
683 2726 777 2785 simile
801 2735 910 2795 estet,
935 2745 1001 2786 cum
1025 2726 1095 2786 dicit
1121 2728 1188 2805 quis
1210 2723 1384 2803 lapidicinos

95 2836 125 2886 et
147 2827 335 2904 lapicidinas:
359 2827 389 2884 in
405 2833 530 2906 utroque
547 2829 626 2887 enim
641 2827 852 2905 metaplasmus
874 2848 932 2889 non
955 2835 1000 2888 est
1023 2845 1077 2905 per
1098 2828 1382 2894 transmutationem,

94 2931 232 3008 quoniam
255 2936 414 3007 utrumque
437 2936 517 2989 certa
542 2929 716 3007 etymologia
739 2939 820 2989 recte
843 2937 874 2989 et
895 2929 984 2989 latine
1008 2928 1126 2988 dicitur.

54 3049 80 3088 aa
181 3027 184 3109 l
210 3029 293 3089 Nerua
316 3032 374 3090 iam
396 3029 505 3108 quibus
527 3030 622 3089 modis
644 3029 847 3090 barbarismus
865 3035 930 3105 fiat,
957 3032 1161 3109 tempestivius
1182 3029 1381 3108 proferemus.

93 3133 124 3191 in
153 3151 211 3210 quo
239 3132 376 3210 equidem
405 3151 463 3191 uon
490 3131 628 3190 imitabor
655 3151 707 3192 eos
735 3134 910 3210 scriptores,
944 3134 1005 3211 qui·
1023 3132 1158 3210 exempla
1189 3131 1276 3191 buius
1304 3130 1383 3190 modi

94 3234 231 3293 vitiorum
260 3234 296 3293 de
325 3235 497 3293 auctoritate
527 3233 683 3292 lectionum
713 3233 784 3293 dare
809 3233 980 3304 voluerunt;
1010 3253 1068 3313 quo
1090 3253 1124 3294 ea
1148 3235 1285 3293 vitiorum
1307 3234 1383 3293 lacta

94 3342 140 3395 est
162 3336 310 3404 conlusio,
341 3343 372 3394 ut
394 3354 488 3414 paene
517 3337 574 3394 iam
599 3353 686 3395 nemo
713 3336 879 3412 intellegat,
908 3336 979 3415 quid
1002 3333 1206 3395 barbarismus
1235 3336 1288 3404 sit,
1311 3335 1383 3415 quid

93 3436 314 3515 metaplasmus.
366 3456 433 3496 nam
463 3437 636 3516 plerumque
665 3437 714 3496 alii
742 3445 829 3516 atque
859 3437 923 3506 alii,
952 3436 1102 3497 interdum
1133 3436 1223 3497 iidem
1251 3439 1323 3515 ipsi,
1354 3444 1384 3497 et

54 3557 80 3596 ao
95 3539 322 3618 metaplasmum
346 3547 375 3598 et
390 3538 607 3599 barbarismum
632 3541 764 3600 dicentes
786 3538 918 3599 eiusdem
941 3538 1076 3600 lectionis
1090 3547 1216 3599 utuntur
1230 3539 1383 3618 exemplis,

94 3659 188 3720 eoque
212 3648 317 3701 cuncta
334 3640 527 3700 contundunt.
558 3660 612 3700 nos
635 3641 769 3720 exempla
792 3640 981 3702 huiusmodi
1004 3640 1154 3709 dabimus,
1178 3660 1253 3719 quae
1276 3643 1306 3700 in
1328 3659 1383 3700 usu

94 3743 203 3803 cotidie
227 3743 409 3821 loquentium
439 3742 672 3803 animadvertere
701 3762 872 3822 possumus,
903 3743 927 3802 si
950 3743 1037 3822 paulo
1060 3762 1093 3803 ea
1116 3744 1262 3803 curiosius
1284 3743 1383 3804 audia-

94 3863 169 3905 mus
215 3845 342 3904 diximus
363 3863 417 3922 per
440 3846 634 3904 adiectionem
657 3846 772 3905 litterae
796 3845 923 3926 syllabae
946 3847 1088 3925 temporis
1110 3852 1250 3906 accentus
1272 3847 1383 3924 aspira·

94 3949 188 4006 tionis.
206 3947 270 4006 steri
293 3945 521 4006 barbarismum.
566 3966 621 4026 per
644 3945 838 4008 adiectionem
861 3948 978 4008 litterae
1001 3949 1044 4007 sic
1067 3949 1113 4018 lit,
1137 3955 1170 4008 ut
1192 3948 1284 4028 siquis
1307 3947 1385 4007 dicat

275 4068 397 4075 --—----

164 4136 176 4185 1
200 4135 311 4183 Lucilius
330 4135 464 4184 Gramma
481 4144 504 4184 et
526 4135 645 4185 Hertzius
667 4135 758 4198 epitom.
778 4136 856 4200 antiq.
877 4136 990 4199 (Ztacbr.
1012 4136 1035 4198 s.
1055 4134 1251 4198 Altertluonam.)
1270 4152 1296 4185 a.
1318 4135 1384 4187 1845

90 4222 119 4269 p.
135 4204 187 4255 398
204 4205 284 4252 lucius
304 4205 335 4251 M
418 4204 448 4253 ll
477 4205 601 4253 adiecitur
621 4205 653 4253 M
740 4205 908 4269 lusoriam
930 4207 1017 4268 utique
1042 4219 1092 4255 non
1116 4205 1213 4309 syllaba
1237 4207 1282 4255 sed
1301 4206 1384 4255 littera

1139 4271 1159 4311 ’o
1358 4283 1371 4311 ο

92 4335 238 4374 remanente
249 4353 280 4361 —
292 4335 353 4386 erat,
366 4335 449 4374 tamen
462 4325 594 4387 trisyllaba
646 4328 680 4375 22
692 4326 775 4376 simile
787 4335 825 4374 est
839 4335 865 4375 ut
879 4342 935 4376 com
947 4326 977 4374 M
1027 4325 1177 4391 lapidicinae
1192 4335 1216 4375 et
1234 4325 1383 4391 lapicidinas

93 4394 125 4443 M
195 4397 228 4444 ‘25
247 4396 418 4444 barbarismus
437 4397 586 4459 tempestius
606 4395 759 4461 proferimus
782 4397 912 4459 adscripto
930 4398 955 4444 in
973 4411 1053 4460 morp.
1081 4397 1232 4460 oportunius
1251 4394 1291 4442 uel
1315 4410 1383 4442 sere·

93 4469 152 4513 rrius
172 4465 218 4514 M:
234 4466 407 4515 barbarismus
422 4475 575 4529 temperetur
592 4465 669 4515 edidit
689 4465 856 4515 Brittannum
908 4467 942 4516 io
957 4466 1078 4514 cmitabor
1097 4464 1129 4513 M
1174 4465 1207 4514 27
1227 4478 1277 4527 quo
1295 4478 1381 4512 eorum

93 4535 183 4583 uitium
203 4535 296 4583 lectum
322 4546 360 4583 est
380 4546 406 4583 nt
425 4536 543 4583 consusse
563 4549 626 4598 pene
645 4534 678 4584 M
694 4551 743 4598 quo
763 4550 850 4584 eorum
873 4535 933 4583 vitio
952 4534 1018 4583 lacta
1041 4545 1080 4583 est
1098 4533 1214 4583 conlusio
1234 4535 1383 4583 Cremerae:

94 4605 137 4680 qui
155 4619 240 4653 cortun
257 4606 345 4653 uitium
360 4605 451 4653 lactum
471 4614 508 4653 est
526 4615 552 4653 ut
567 4605 673 4655 confuse
691 4619 756 4668 pene
774 4606 824 4653 iam
843 4619 916 4653 nemo
936 4605 1061 4669 intelligat
1077 4604 1144 4666 quod
1164 4603 1337 4652 barbarismos
1356 4604 1383 4651 llt

93 4675 162 4736 quod
182 4676 360 4739 naetaplasmus
382 4676 490 4725 Cleruens
560 4675 595 4726 30
615 4675 798 4724 barbarismum
817 4674 915 4724 hisdem
935 4673 1046 4724 Clemens
1063 4674 1248 4723 barbarismum
1268 4673 1382 4722 eiusdem

94 4742 139 4793 M:
156 4753 180 4792 et
199 4747 391 4808 metaplasmum
411 4756 435 4793 et
453 4745 637 4794 barbarismum
656 4744 768 4794 eiusdem
782 4744 896 4793 lectionis
909 4754 1010 4794 tuentur
1028 4744 1153 4808 exemplis
1170 4742 1335 4792 Battmonnas

93 4813 127 4862 32
148 4828 283 4876 possumus
300 4817 322 4863 si
343 4817 419 4878 paulo
438 4832 467 4864 ea
485 4816 601 4863 curiosus
622 4816 755 4865 audiamus
775 4815 885 4865 Clemens
907 4815 1035 4881 possimus
1054 4816 1076 4863 si
1095 4813 1171 4879 paulo
1194 4813 1319 4863 ennesius
1337 4829 1381 4863 aa·

94 4884 194 4931 diamus
209 4901 239 4932 ca
259 4886 289 4933 ,ll
