3346 5498
699 364 934 424 COMMENTVM
1403 363 1467 427 305

1279 484 1300 524 p.
1312 474 1405 514 roam
1419 472 1441 513 ι.

716 568 764 630 DE
787 567 923 629 rueris

258 683 377 745 Tractat
405 687 491 746 etiam
521 687 557 746 do
591 688 692 766 tropis.
738 687 864 748 diximus
897 687 975 767 quod
1013 686 1199 767 metaplasmi
1232 696 1344 749 tautum
1377 689 1465 750 ruodo

175 789 359 858 necessitatis
381 797 465 857 sunt,
494 788 641 849 schemata
670 797 784 850 tanturn
812 789 900 848 modo
923 797 1057 858 ornatus,
1086 792 1164 868 tropi
1187 791 1340 869 utriusque
1362 793 1463 868 partis.

174 907 241 950 nam
264 890 376 950 idcirco
399 899 429 950 et
451 908 536 950 causa
560 892 742 951 necessitatis
765 894 852 961 liunt,
876 891 927 951 uhi
950 893 1039 968 exigit
1060 911 1178 961 sensus,
1203 901 1233 952 et
1254 911 1342 952 causa
1358 893 1464 954 utilita-

146 990 226 1076 ⁵tis,
257 991 308 1052 uhi
338 1002 381 1052 est
410 1000 540 1052 ornatus.
586 995 658 1053 rarii
687 1003 756 1053 sunt
785 1002 924 1054 tractatus
952 995 1014 1063 isti,
1044 993 1095 1053 scd
1124 995 1160 1054 de
1182 995 1254 1074 ipsis
1276 994 1376 1054 multis
1398 1004 1468 1055 sunt

118 1104 125 1110 “
174 1094 424 1169 quattuordecim
448 1094 499 1154 sed
524 1093 600 1173 eligo
622 1113 715 1173 pauca
738 1114 813 1173 quac
836 1095 941 1156 dicam.

257 1195 429 1287 hletaphora
455 1203 498 1255 est
520 1196 688 1256 translatio:
713 1196 809 1257 Latini
831 1200 887 1257 ista
903 1199 986 1276 quasi
1001 1196 1125 1258 barbara
1148 1199 1191 1259 sic
1214 1198 1345 1258 audiunt.
1377 1196 1465 1274 legite

175 1296 349 1358 Ciceronem
365 1306 395 1357 ct
410 1297 521 1367 videte,
540 1305 543 1377 l
561 1316 649 1376 quern
672 1297 708 1358 ad
731 1299 850 1359 modurn
866 1307 987 1367 tractat;
1011 1299 1047 1359 de
1069 1301 1142 1379 ipsis
1164 1299 1256 1361 rebus
1278 1300 1351 1360 duos
1374 1299 1465 1366 lihros

174 1398 305 1477 integros
328 1401 448 1478 scripsit
471 1398 622 1480 [plenos];
646 1400 719 1461 nihil
743 1399 873 1477 loquitur
888 1402 919 1459 in
942 1402 1014 1479 ipsis
1036 1400 1119 1461 libris
1143 1403 1199 1462 nisi
1221 1402 1277 1462 hoc
1300 1401 1404 1471 solum,
1428 1402 1465 1462 de

124 1507 159 1546 ¹⁰
177 1499 238 1561 istis
266 1500 371 1570 rebus,
401 1511 430 1561 et
458 1500 508 1560 dat
537 1501 671 1581 exempla
699 1501 842 1581 pleraque
871 1502 1012 1562 translata
1040 1521 1056 1562 a
1083 1503 1296 1573 Demosthene,
1324 1503 1465 1584 pleraque

178 1617 233 1663 sua.
280 1604 361 1663 Sexti
384 1602 462 1662 liber
486 1601 551 1682 [qui
575 1587 699 1682 hahent]
724 1603 797 1663 nihil
819 1603 951 1682 loquitur
973 1606 1003 1663 in
1032 1605 1090 1665 nne
1113 1606 1170 1664 nisi
1192 1606 1229 1665 de
1251 1607 1363 1682 figuris.
1403 1624 1464 1666 me·

178 1705 296 1784 taphora
313 1713 451 1781 quattuor
467 1705 562 1764 modis
584 1707 625 1764 ht.
663 1706 867 1765 transierimus
890 1726 905 1765 a
928 1724 961 1765 re
984 1724 1058 1785 quae
1082 1707 1208 1767 animam
1231 1705 1321 1768 hahet
1343 1707 1378 1766 ad
1402 1725 1464 1768 rem

175 1818 248 1878 quae
270 1808 398 1866 animam
422 1806 525 1874 hahet,
549 1814 599 1866 aut
621 1825 637 1865 a
659 1825 692 1867 re
715 1823 790 1883 quae
813 1809 941 1867 animam
964 1825 1022 1867 non
1045 1807 1135 1867 hahet
1157 1808 1193 1867 ad
1216 1827 1279 1868 rem
1302 1827 1378 1888 quae
1400 1810 1463 1868 ani·

172 1920 250 1968 tuam
279 1929 338 1968 non
369 1908 471 1976 hahet;
501 1916 551 1968 mn
578 1909 668 1968 misce
697 1907 753 1967 hoc
781 1909 892 1987 ipsum,
921 1908 950 1968 id
980 1917 1024 1969 est
1050 1916 1101 1968 aut
1128 1928 1144 1969 a
1173 1928 1205 1970 re
1234 1927 1309 1987 quae
1338 1912 1463 1970 animam

107 2005 151 2048 ¹⁵
167 2000 261 2070 hahet
289 2009 324 2069 ad
355 2030 417 2070 rent
446 2030 521 2088 spirae
549 2013 676 2070 animam
709 2029 769 2070 non
805 2009 907 2077 hahet,
941 2020 992 2071 aut
1019 2030 1036 2071 a
1067 2030 1100 2071 re
1134 2029 1209 2087 quae
1244 2014 1372 2071 animam
1405 2030 1464 2072 non

161 2102 261 2174 hahet
290 2112 325 2172 ad
356 2132 418 2173 rem
448 2132 524 2192 quae
551 2115 678 2172 animam
706 2111 803 2172 hahet.
848 2119 917 2191 puta
945 2113 1023 2172 inter
1051 2111 1109 2172 duo
1138 2113 1290 2183 animalia,
1319 2113 1349 2173 id
1377 2122 1421 2173 est
1448 2133 1464 2172 a

157 2223 202 2275 re
233 2214 355 2274 animali
384 2215 418 2274 ad
443 2233 506 2274 rem
530 2213 701 2284 animalem,
724 2222 757 2273 ut
780 2222 824 2273 est
845 2212 931 2280 illud,

324 2317 467 2396 Tiphyn
491 2319 661 2394 aurigam
685 2313 830 2375 celeres
853 2316 979 2376 secere
1002 2318 1162 2376 carinae.

148 2409 284 2499 Tiphys
312 2418 493 2504 gubernator
521 2419 617 2478 luerat
645 2404 850 2494 navis'hrgus.
896 2418 952 2479 iste
974 2416 1203 2505 gubernatorem
1227 2420 1358 2496 aurigam
1382 2418 1463 2488 dixit,

103 2514 125 2553 ⁰
148 2524 253 2601 quia,
284 2538 373 2598 quem
402 2521 437 2579 ad
467 2521 587 2579 modum
617 2518 665 2578 ille
693 2521 793 2597 auriga
815 2520 893 2596 regit
915 2537 1021 2597 equos,
1045 2521 1088 2579 sic
1110 2522 1165 2579 iste
1187 2520 1368 2598 gubernator
1390 2523 1466 2599 regit

145 2633 294 2684 navem:
324 2641 393 2681 ecce
422 2642 437 2681 a
468 2641 500 2681 re
524 2619 641 2681 animali
666 2622 815 2681 transtulit
837 2622 872 2682 ad
896 2640 959 2681 rem
982 2604 1154 2690 animalem
1183 2633 1213 2683 et
1240 2623 1339 2700 auriga
1362 2631 1392 2682 ct
1412 2641 1464 2700 gn·

147 2717 314 2785 bernator
330 2725 457 2783 animam
475 2724 593 2783 hahent.
624 2741 639 2781 a
663 2742 695 2783 re
718 2722 869 2784 inanimali
884 2721 921 2783 ad
944 2741 1008 2783 rem
1031 2723 1237 2794 inanimalem,
1262 2733 1293 2784 ut
1315 2733 1359 2783 est
1381 2723 1463 2792 illud,

147 2819 171 2849 ‘
186 2836 225 2887 ut
248 2824 385 2904 pelago
408 2826 543 2884 misere
567 2829 696 2885 rates'.
722 2824 725 2905 l
751 2837 829 2884 rates
843 2827 965 2904 proprie
982 2824 1108 2886 dicimus
1124 2828 1302 2885 conexioues
1325 2824 1463 2892 trahium,

152 2941 225 3006 per
248 2944 321 3003 quas
349 2926 556 2986 descendimus
584 2926 620 2985 ad
643 2928 781 2995 durium;
811 2929 865 2987 iste
889 2934 988 2987 autem
1012 2927 1089 2986 idem
1111 2927 1263 2987 transtulit
1284 2926 1319 2986 ad
1343 2945 1462 2992 navem:

103 3025 123 3065 '³
158 3048 241 3089 ecce
271 3048 286 3087 a
317 3047 350 3088 re
379 3028 530 3087 inanimali
553 3028 589 3087 ad
613 3047 676 3087 rem
699 3027 888 3088 inanimalem
912 3027 1062 3088 transtulit
1083 3030 1227 3089 similitor.
1273 3036 1322 3087 aut
1344 3035 1464 3088 certea

160 3148 204 3191 re
227 3130 346 3190 animali
370 3130 491 3190 adrem
516 3128 722 3199 inanimalem,
746 3138 778 3188 ut
801 3138 846 3190 est
867 3129 938 3189 illud
961 3131 992 3188 in
1016 3140 1137 3207 quarto,
1202 3179 1204 3183 .

323 3230 498 3299 Atlantis,
523 3233 688 3291 cinctum
712 3231 867 3292 adsidue
889 3232 947 3290 cui
970 3230 1133 3291 nuhihus
1155 3233 1250 3292 atris

324 3334 525 3413 piniferum
550 3342 661 3412 caput
685 3341 791 3392 verrto
815 3342 1017 3410 quassatur
1040 3342 1076 3391 et
1100 3331 1219 3392 irnhri.

173 3446 304 3496 mentum
333 3444 420 3513 caput
448 3435 589 3495 humerus
618 3433 736 3495 hraehia
766 3442 794 3492 et
823 3433 936 3510 reliqua
965 3435 1063 3493 omnia
1092 3412 1219 3493 houhuis
1241 3441 1323 3503 sunt,
1348 3441 1378 3492 et
1399 3434 1462 3502 ista,

103 3530 146 3579 ¹0
174 3557 247 3617 quae
270 3537 397 3597 hominis
420 3539 549 3603 l'uerant,
580 3536 616 3595 ad
639 3547 767 3595 montem
793 3533 949 3595 transtulit·
994 3542 1045 3595 aut
1072 3553 1087 3593 a
1111 3553 1144 3594 re
1166 3534 1317 3604 inanimali
1339 3534 1375 3595 ad
1397 3554 1462 3595 rem

174 3638 344 3707 animalem,
375 3647 407 3697 ut
435 3640 641 3697 ‘sitantum
666 3643 819 3715 pectore
847 3635 960 3697 robur
983 3637 1182 3716 concipis’.
1227 3636 1320 3697 rohur
1341 3639 1464 3716 proprie

173 3741 296 3800 dicimus
318 3740 388 3798 illud
412 3738 540 3816 lignum,
557 3738 607 3798 sed
630 3739 722 3798 rohur
744 3736 902 3817 appellavit
923 3738 1010 3799 modo
1033 3738 1251 3804 tortitudinem
1275 3756 1290 3797 a
1313 3756 1346 3798 re
1368 3740 1463 3798 inani·

173 3842 239 3902 mali
262 3840 413 3901 transtulit
435 3840 471 3900 ad
495 3840 660 3901 animalem.
694 3842 733 3900 ita
758 3859 790 3899 se
812 3839 925 3901 hahent
947 3849 1085 3920 quattuor
1107 3849 1207 3920 partes
1230 3842 1312 3900 istae.
1357 3840 1464 3901 adiecit

172 3943 278 4022 aliquid
303 3951 332 4002 et
355 3942 448 4002 noluit
471 3951 596 4003 tractare
619 3943 752 4022 pleniuS,
778 3942 870 4003 uoluit
894 3950 996 4023 aperte
1019 3941 1239 4003 demonstrare:
1272 3943 1350 4002 scire
1372 3942 1462 4002 dehe-

103 4040 209 4105 Qus
233 4055 331 4105 tamen
354 4065 414 4105 non
436 4063 554 4120 semper
576 4045 629 4104 has
652 4043 860 4105 translationes
883 4047 1052 4123 reciprocas
1075 4064 1151 4105 esso.
1180 4045 1361 4121 reciprocae
1384 4052 1462 4110 sunt,

172 4149 307 4223 quotiens
329 4149 407 4206 iuter
431 4166 462 4206 se
485 4154 653 4206 recurrunt.
696 4155 726 4206 ut
748 4152 819 4225 puta
842 4148 867 4205 si
890 4148 1131 4226 conparationem
1155 4147 1244 4206 iacias
1267 4166 1283 4205 a
1306 4145 1404 4206 volatu
1427 4144 1462 4204 ad

239 4371 254 4418 4
277 4370 319 4417 nbi
343 4370 427 4433 exegit
450 4383 540 4417 sensus
560 4367 584 4415 P
607 4376 633 4416 ut
657 4368 738 4433 exigit
762 4383 853 4417 seusus
870 4365 947 4417 BCS
1016 4367 1122 4416 5multi
1143 4374 1201 4416 strnt
1218 4365 1270 4415 SP
1337 4365 1463 4430 tlplenos

171 4453 215 4491 om.
230 4438 287 4498 BS,
307 4439 368 4489 add.
382 4439 451 4487 GPh
507 4439 535 4487 ll
555 4441 620 4487 sexti
641 4438 730 4486 librum
750 4439 793 4501 qni
810 4438 902 4486 habent
920 4436 946 4485 B
964 4446 1050 4485 sextus
1067 4437 1130 4486 liber
1145 4452 1219 4500 quem
1239 4436 1314 4485 hehet
1327 4435 1367 4485 Ch
1387 4434 1461 4482 sextu

172 4509 211 4558 tib·
231 4511 274 4571 qni
291 4510 383 4557 hahent
400 4525 414 4555 c
433 4509 485 4556 exti
505 4509 593 4556 librum
613 4509 656 4569 qui
672 4508 765 4557 habeut
779 4508 813 4558 S:
833 4508 899 4557 sexti
917 4507 980 4554 iiber
998 4506 1059 4555 nihil
1074 4506 1183 4569 loquitur
1199 4507 1232 4559 P.
1243 4508 1358 4567 sortasse
1375 4510 1462 4551 extant

170 4578 227 4626 lihri
286 4578 315 4628 18
333 4578 427 4644 typhyu
448 4579 472 4626 B
491 4577 598 4642 thyphin
618 4579 655 4626 P:
671 4579 706 4640 cf.
725 4577 825 4629 Charis.
837 4594 864 4640 p.
881 4577 948 4635 272,
971 4575 1001 4626 13
1021 4578 1093 4645 Bone,
1105 4593 1132 4640 p.
1153 4575 1219 4635 399,
1238 4576 1273 4625 20
1327 4574 1359 4624 19
1376 4572 1461 4637 typhis

171 4650 194 4696 Ρ
242 4649 275 4698 22
300 4650 458 4697 inanimalem
479 4658 504 4695 nt
521 4657 559 4696 est
581 4647 707 4713 apelago
726 4649 762 4696 P:
788 4648 866 4710 Verp.
890 4647 955 4697 Aen.
977 4648 995 4692 V
1012 4646 1029 4695 8
1048 4656 1076 4695 ut
1095 4647 1203 4711 pelagus
1219 4656 1322 4694 tenuere
1341 4651 1408 4691 rates

169 4716 637 4784 athrianos]nguentum-18
692 4716 892 4782 ¹28pinnilerum
907 4715 1016 4764 BCSP
1069 4711 1464 4778 uentosquassnuitetimbril'

237 4788 271 4837 29
290 4789 409 4837 humeros
424 4788 473 4835 ΟΡ
525 4788 712 4851 istaquoeGS
730 4788 777 4837 ista
797 4786 1003 4847 lrnecquueBc
1071 4784 1102 4836 31
1124 4781 1268 4850 sitantum]
1295 4783 1374 4847 Verp.
1394 4782 1458 4838 Aen,

168 4856 201 4907 Xl
220 4857 272 4907 998
343 4858 376 4908 35
395 4869 478 4906 tomen
499 4872 548 4907 non
568 4857 614 4908 hos
634 4859 750 4908 Gtamen
766 4857 812 4906 hus
827 4855 907 4905 BSl'

219 4949 394 4991 cnxunxurr
410 4949 500 4991 unruu
515 4950 542 4991 v.
777 4988 780 4996 .
1214 4936 1258 5002 20
