3346 5498
750 362 822 423 ARS
1393 366 1435 429 41

1244 486 1264 527 p.
1279 476 1336 516 181111.
1349 476 1373 516 91
1388 473 1411 514 P.

144 551 251 622 neutri,
277 555 330 610 ‘et
353 557 461 610 torno
484 549 599 610 rasile
623 549 783 609 buxum'.
808 558 837 610 31
859 549 953 610 buxus
976 549 1062 619 buxi,
1086 552 1254 630 quomodo
1277 556 1436 634 pampinus

142 648 365 730 33333131]-
395 651 487 712 Sunt
509 653 619 712 etiam
647 669 785 730 genera
816 655 998 713 nominum
1027 653 1114 726 lixa,
1145 665 1232 715 sunt
1263 654 1534 731 inobilia:3‘lo,1

143 770 217 830 3333
240 755 352 814 moveri
375 772 434 814 non
456 762 589 833 possunt.
613 788 653 797 -
682 754 805 815 Genus
832 752 940 815 flecti
973 772 1043 815 non
1077 765 1250 835 possunt:
1287 776 1353 818 nam
1381 772 1499 820 necn-

144 854 341 916 masculinum
358 855 395 916 de
410 874 443 916 se
458 857 569 917 1331331
584 874 639 917 333
656 863 810 924 neutrum,
834 856 926 917 133133
940 865 1034 937 pater.
1061 893 1095 901 —
1123 856 1274 919 Mobilia
1298 867 1434 922 autem:
1449 876 1465 922 3

122 957 264 1018 1313111113
293 966 369 1018 33314
389 976 465 1038 3333
493 959 523 1019 13
552 958 677 1019 altorum
704 976 798 1036 genus
827 966 980 1020 transeunt
1010 966 1040 1020 et
1068 958 1104 1020 de
1132 959 1303 1022 masculinis
1325 962 1437 1022 1331331

145 1061 301 1129 leminina,
326 1058 421 1120 malus
443 1060 518 1121 mala
543 1059 660 1121 malum.
688 1095 722 1104 -
748 1061 839 1121 Sunt
866 1063 953 1122 item
976 1060 1048 1122 alia
1072 1081 1137 1122 nec
1159 1063 1194 1122 in
1218 1069 1333 1122 totum
1362 1064 1465 1125 lixas

146 1179 208 1224 uec
231 1163 268 1221 in
292 1168 409 1222 totum
434 1161 602 1232 mobilia,
626 1162 677 1223 sed
702 1181 736 1221 ex
759 1169 844 1241 parte
866 1165 937 1232 1133,
962 1172 999 1225 31
1022 1163 1135 1225 draco
1158 1163 1355 1234 dracaena,
1378 1165 1436 1225 133

148 1262 289 1324 leaena:
315 1282 375 1325 non
398 1264 468 1325 lacit
489 1263 587 1326 draca.
625 1264 769 1325 13333133
786 1283 851 1326 esse
866 1284 926 1326 non
941 1272 1078 1346 possunt,
1103 1268 1170 1346 3313
1187 1265 1253 1326 11331
1270 1285 1329 1327 333
1345 1275 1435 1334 33313,

147 1373 243 1427 tamen
264 1366 380 1426 iaciunt
401 1366 552 1427 feminina.
584 1365 706 1427 mobilia
730 1365 839 1454 [certa]
864 1386 923 1428 non
951 1378 1035 1437 sunt,
1066 1370 1134 1446 3313
1162 1387 1222 1429 333
1251 1368 1362 1429 1331331
1384 1386 1436 1428 rex

119 1482 229 1548 tarega,
252 1466 349 1547 gallus
371 1466 462 1546 galla,
486 1487 546 1548 quo
569 1467 657 1529 modo
673 1468 778 1530 doctus
793 1469 889 1531 docta.
909 1469 960 1531 sed
978 1480 1006 1531 31
1021 1470 1094 1531 lraee
1109 1470 1155 1532 lea
1171 1470 1293 1531 dieitur:
1318 1469 1437 1532 Ovidius

149 1569 220 1632 libro
242 1579 350 1649 quarto
373 1571 646 1650 Metamorphoseos

295 1682 335 1733 ut
356 1671 412 1734 lea
436 1692 543 1734 saeva
565 1674 667 1733 sitim
690 1674 804 1734 multa
827 1675 1060 1754 compescuit
1081 1674 1186 1735 unda.

152 1775 223 1836 llaec
244 1777 275 1836 in
300 1775 475 1837 diminutivo
497 1794 592 1854 genus
613 1783 744 1846 mutant,
768 1796 839 1838 acus
861 1776 958 1846 acula,
982 1773 1464 1859 1333333133]11333333313113,1

153 1878 202 1938 lroc
223 1879 383 1958 pistrinum
406 1878 479 1939 haec
502 1876 641 1958 pistrilla,
666 1878 714 1939 hio
738 1879 862 1940 ethaeo
885 1880 967 1940 canis
989 1886 1019 1938 et
1041 1878 1115 1939 haec
1137 1879 1279 1940 canicula.

128 1991 145 2032 ¹⁵
228 1981 366 2042 Nomen
399 1982 436 2040 in
469 1999 485 2041 3
513 1979 677 2041 vocalem
711 1980 887 2041 desinens
919 1982 1147 2043 nominativo
1179 1999 1265 2041 casu
1294 1983 1485 2047 numerilo

154 2081 351 2160 singularis
378 2090 440 2142 aut
469 2083 711 2144 masculinum
742 2090 810 2153 est,
839 2093 878 2144 ut
905 2084 1083 2163 Agrippa,
1112 2089 1173 2143 aut
1201 2084 1436 2152 femininum,

157 2192 188 2243 ut
206 2185 355 2255 llarcia,
378 2193 440 2246 331
462 2193 646 2256 neutrum,
671 2194 708 2247 ut
729 2194 909 2246 toreuma:
934 2204 950 2246 a
973 2186 1130 2246 terminata
1146 2193 1260 2246 tantum
1276 2185 1437 2246 masculina

158 2295 181 2346 31
198 2288 335 2349 feminina
359 2294 429 2348 sunt
452 2294 481 2347 31
503 2284 689 2371 comllmunia
704 2286 794 2348 latina
802 2306 809 2355 ;
833 2295 938 2348 neutra
962 2306 1031 2348 vero
1055 2305 1160 2365 graeca
1184 2294 1299 2348 tantum
1315 2299 1439 2367 possunt

160 2391 280 2468 reperiri.
319 2387 480 2450 notandum
512 2390 590 2470 quod
618 2410 635 2451 a
663 2392 820 2451 terminata
844 2391 962 2468 nomina
985 2391 1103 2468 generis
1126 2389 1281 2451 masculini
1304 2390 1437 2450 seminini

135 2496 186 2548 1131
213 2493 375 2552 communis
408 2493 521 2571 primae
552 2493 758 2554 declinationis
787 2494 860 2562 sint,
895 2493 993 2553 neutri
1023 2494 1125 2554 tertiae
1147 2527 1189 2536 -
1219 2484 1288 2552 Sed
1317 2498 1484 2555 tamenta

162 2608 332 2669 graecum:
368 2595 435 2672 3313
463 2592 586 2657 latinum
615 2614 675 2656 nou
703 2596 817 2655 invenis
845 2614 861 2654 a
890 2597 1090 2656 terminatum.
1123 2630 1159 2638 -
1189 2593 1330 2654 Nomen
1356 2595 1393 2655 in
1423 2613 1439 2655 e

164 2695 308 2756 vocalem
338 2677 530 2758 desinens:
561 2699 713 2758 esmitum
748 2697 807 2758 duo
838 2715 948 2777 genera
971 2706 1086 2758 tantum
1110 2698 1232 2777 excipit,
1263 2696 1438 2757 femininum

165 2806 345 2859 oceanum.
368 2832 410 2841 —
433 2799 502 2860 ldeo
525 2817 644 2877 graeca,
669 2801 735 2880 quia
758 2798 847 2861 latina
871 2816 1031 2880 numquam
1055 2817 1074 2859 3
1097 2800 1296 2860 terminantur
1318 2807 1436 2860 neutra.

164 2897 205 2958 sed
228 2886 414 2962 inveniuntur
443 2901 584 2976 barbara,
614 2909 646 2963 31
673 2900 794 2979 033333
816 2902 906 2962 Turia
935 2901 980 2960 331
1010 2901 1075 2963 alia.
1099 2901 1259 2964 -Ostrea
1283 2903 1307 2961 si
1324 2903 1439 2981 primae

138 3000 354 3063 *declinationis
369 3002 471 3074 133311,
495 3006 572 3065 31331
585 3005 679 3078 11333,
703 3004 846 3065 feminino
863 3021 972 3081 genere
988 3002 1198 3077 declinabitur,
1223 3012 1255 3064 ut
1278 3003 1313 3064 ad
1330 3003 1437 3065 animal

164 3104 327 3173 referamus;
350 3106 375 3163 si
390 3104 426 3165 ad
444 3113 566 3175 testam,
591 3117 721 3167 ostreum
737 3105 895 3167 dicendum
912 3113 956 3167 331
972 3115 1078 3167 333133
1093 3125 1202 3184 genere
1223 3113 1252 3166 et
1272 3105 1309 3166 ad
1330 3124 1437 3167 secun·

164 3204 218 3266 dam
232 3206 472 3278 declinationem,
496 3216 528 3269 ut
544 3210 582 3269 sit
596 3209 684 3270 huius
699 3211 804 3279 ostrei,
822 3209 891 3269 huic
908 3217 1021 3283 ostreo,
1039 3211 1105 3286 quia
1121 3207 1192 3268 dicit
1207 3210 1301 3268 Varro
1325 3206 1435 3267 nullam

164 3325 215 3368 rem
229 3308 383 3371 animalem
400 3321 508 3371 neutro
523 3329 634 3389 genere
650 3310 801 3372 declinari.
820 3331 839 3366 3
861 3310 913 3371 330
929 3311 1062 3381 latinum,
1078 3318 1112 3371 31
1126 3308 1228 3370 sedile.
1246 3310 1437 3370 —Nomen

163 3408 191 3469 iu
219 3413 228 3470 1
260 3412 423 3473 vocalem
456 3412 634 3473 desinens
670 3431 756 3473 3333
787 3413 1018 3472 nominativo
1054 3414 1194 3472 numeri
1231 3411 1482 3489 singularistt

136 3518 214 3571 11331
233 3521 406 3575 neutrum
426 3533 598 3593 graecum
621 3523 688 3585 est,
720 3523 757 3575 31
778 3517 900 3594 sinapi
928 3517 1077 3593 ganimi:
1106 3522 1220 3576 tantum
1242 3522 1437 3594 monoptoton

165 3615 255 3694 excipit
271 3614 314 3676 331
330 3624 461 3696 aptoton.
477 3651 520 3660 -
542 3618 663 3678 Trium
686 3635 861 3696 generum
885 3625 942 3677 est
963 3626 1131 3697 aptoton,
1155 3625 1193 3678 31
1215 3617 1331 3695 frugi:
1355 3623 1438 3697 apto·
1453 3626 1484 3674 16

220 3804 599 3856 cadumum-vna.
675 3806 793 3855 ltornor·
812 3805 882 3872 33313
900 3820 967 3854 corr.
981 3804 1032 3854 -lae
1101 3803 1222 3855 3333331
1294 3805 1438 3854 433331113-

164 3876 281 3923 rumouilia
300 3883 360 3925 3331
425 3875 535 3925 idraco
556 3874 665 3924 dracena
686 3874 817 3924 13313333
885 3874 916 3925 10
935 3872 984 3941 lea]
1006 3874 1053 3925 laea
1109 3875 1140 3925 ll
1161 3875 1368 3926 metamorfoseos

165 3940 319 3994 indesinens
335 3960 380 3995 333
399 3945 555 3996 nominatiuo
574 3960 648 3995 33333
666 3945 807 4012 singularis
861 3945 892 3995 ltl
910 3946 1018 4011 agrippa
1033 3952 1059 3993 31
1078 3943 1228 3994 femininum
1287 3945 1319 3996 l‘l
1338 3960 1439 3995 mascu-

164 4008 205 4060 lina
222 4013 340 4063 lerniuiua
409 4015 443 4067 18
462 4015 539 4066 131133
557 4024 686 4065 31333133
703 4030 868 4082 graecanam
887 4030 979 4079 graeca
1051 4012 1082 4064 10
1098 4015 1221 4081 repperiri
1292 4015 1438 4064 masculinis

220 4083 356 4133 101331133
375 4086 432 4148 quia
451 4085 556 4135 13113333
576 4100 625 4135 uon
644 4087 745 4136 1333313
761 4100 776 4134 3
793 4086 953 4135 terminatum
966 4086 1012 4135 sed
1030 4093 1113 4134 tamen
1130 4099 1252 4151 graecum
1272 4098 1362 4134 nomen
1381 4087 1406 4134 in
1425 4100 1439 4133 e

220 4153 335 4203 21113113
404 4154 438 4206 23
450 4153 484 4221 31]
503 4171 560 4206 cum
631 4171 706 4204 eom.
778 4158 811 4206 24
827 4156 906 4205 truria
976 4156 1053 4204 331313
1123 4157 1156 4206 25
1176 4156 1207 4204 ad
1225 4155 1334 4205 animam
1404 4155 1439 4206 26

162 4222 235 4287 31331
251 4232 341 4274 testam
356 4226 461 4275 ostrium
514 4225 620 4276 371313
637 4221 732 4290 ostreo]
751 4225 815 4275 31331
834 4227 895 4275 33131
949 4225 1041 4275 dicitur
1059 4240 1134 4274 33333
1204 4223 1238 4275 20
1258 4224 1377 4275 desinens
1395 4231 1439 4273 331

162 4304 262 4343 neutram
282 4302 397 4343 nentrum
416 4303 454 4344 est
474 4304 500 4344 31
518 4323 549 4331 -
564 4295 604 4344 331
623 4305 725 4360 aptoton
744 4310 819 4346 33333
838 4296 989 4345 nominatiui
1008 4296 1146 4359 singularis
1165 4297 1241 4345 trium
1294 4294 1329 4347 30
1346 4295 1438 4345 cummi

219 4362 250 4414 31
265 4363 326 4430 frigi

219 4516 370 4585 lettorno]
395 4520 475 4584 Vera.
488 4536 576 4585 peorp.
590 4521 611 4569 11
627 4510 679 4572 tiu
749 4518 885 4569 timebilin
899 4528 964 4569 certe
978 4534 1026 4568 non
1043 4528 1101 4569 3331
1122 4519 1253 4571 Putaediue
1325 4519 1354 4570 ll
1375 4517 1437 4566 libro

159 4587 246 4656 quarto]
266 4607 291 4642 3.
309 4589 363 4640 102
450 4592 484 4640 25
504 4592 534 4640 ad
555 4593 670 4639 animans
689 4590 822 4641 Potentius
910 4590 943 4638 27
967 4592 1093 4640 Varronis
1110 4598 1271 4655 praeceptum
1292 4590 1329 4638 od
1351 4587 1438 4638 librum

156 4659 294 4711 ademar
313 4660 344 4710 de
361 4661 446 4724 linpoo
466 4661 559 4711 Latino
576 4663 671 4712 rettulit
692 4662 831 4712 Wilrnonns
845 4660 877 4709 de
891 4661 972 4710 Vorr.
989 4659 1048 4711 libr.
1064 4676 1166 4724 333333.
1185 4676 1211 4722 p.
1228 4659 1261 4711 32
1280 4667 1304 4708 31
1321 4658 1384 4708 151:
1401 4656 1436 4718 cs.

155 4729 221 4793 serp,
240 4731 345 4792 explan.
364 4731 390 4779 in
409 4732 474 4780 non.
489 4747 516 4795 p.
537 4731 597 4793 toa,
617 4730 650 4782 37
668 4748 722 4795 333.
796 4729 894 4780 28331
912 4731 1014 4779 latinum
1035 4739 1061 4779 31
1079 4731 1161 4780 sedile
1177 4731 1213 4779 ad
1229 4746 1260 4779 eu
1278 4742 1342 4792 3333
1358 4742 1438 4789 supra

154 4814 173 4847 3.
183 4800 213 4851 21
224 4800 257 4850 de
275 4803 443 4852 3331133133
459 4803 566 4852 coenem
585 4801 713 4851 desinente
728 4801 797 4851 dicta
814 4807 873 4850 aunt
888 4802 1025 4862 pertinent.
1045 4802 1143 4852 uidetur
1160 4807 1240 4850 autern
1256 4798 1388 4848 adnotatio
1406 4796 1438 4848 313

150 4868 267 4930 [dume
280 4871 385 4936 praecia
402 4871 537 4922 3331311333.
558 4886 638 4937 33333
654 4874 767 4922 lacunam
785 4870 894 4920 indicavi
