3346 5498
617 398 689 459 ARS
710 397 774 458 Vlll
798 396 921 458 1-x1
1349 396 1412 461 553

150 517 170 556 p.
186 505 231 545 arv.
246 505 270 544 vs
284 502 306 543 L.
1215 519 1235 559 p.
1251 505 1306 544 nou.
1319 507 1345 544 ar
1359 504 1381 546 r.

125 583 309 662 temporibus
337 592 382 642 est
410 592 439 642 et
468 583 735 660 significationibus
757 585 998 663 participiorum,
1028 585 1106 663 quod
1128 600 1224 664 neque
1247 586 1341 644 activa
1365 593 1413 645 ant

124 679 228 728 neutra
252 671 412 746 praeterita
441 687 496 727 nec
524 671 639 746 passiva
663 672 830 748 praesentia
856 671 1057 749 reperiuntur.
1103 670 1214 746 figurae
1237 677 1305 728 sunt
1327 669 1412 738 duae,

123 752 264 831 simplex,
289 762 320 812 ut
342 753 458 830 legens,
483 755 659 831 composita,
685 761 717 812 ut
739 753 884 831 relegens.
918 772 1027 832 genera
1051 762 1117 814 sunt
1140 761 1276 832 quatuor,
1300 772 1412 814 mascu-

75 851 80 861 ·
124 840 231 906 linum,
257 835 261 916 l
287 847 317 896 nt
341 839 449 906 lectus,
474 839 664 906 femininum,
698 848 729 899 ut
750 838 842 908 lecta,
866 849 1019 907 neutrum,
1043 847 1076 898 ut
1098 839 1224 906 lectum,
1248 857 1412 907 commune,

99 930 157 981 sut
180 922 290 999 legens.
336 925 452 982 numeri
475 930 545 982 sunt
567 923 638 991 duo,
663 922 837 1000 singularis,
862 931 895 982 ut
916 925 1031 1000 legens,
1055 922 1190 1002 pluralis,
1216 930 1247 981 ul
1269 925 1412 1000 legentes.

124 1025 209 1065 casus
236 1015 304 1066 sunt
332 1027 400 1077 sex,
428 1009 640 1076 nominativus,
669 1015 702 1066 ut
728 1009 844 1085 legens,
873 1011 1038 1085 genitivus,
1068 1016 1099 1067 ut
1121 1008 1261 1084 legentis,
1289 1009 1412 1077 dativus,

123 1100 155 1150 ut
177 1093 295 1168 legenti,
320 1095 518 1160 avfeusativns,
542 1099 575 1151 ut
597 1094 759 1169 legentem,
784 1095 945 1163 vocativus,
970 1100 1041 1152 uto
1065 1094 1181 1169 legens,
1205 1093 1359 1161 ablativus,
1383 1102 1415 1152 ut

123 1197 138 1234 a
163 1177 310 1253 tegente·

589 1345 638 1406 DE
661 1343 941 1409 CONIVNCTIONE

87 1486 110 1521 ro
208 1464 384 1524 Coniunctio
407 1473 451 1524 est
473 1483 541 1543 pars
563 1468 706 1525 orationis
733 1465 875 1544 copulans
897 1466 1096 1546 ordinansque
1119 1469 1305 1526 sententiam.
1343 1486 1412 1526 cou-

78 1549 102 1590 θ
125 1551 269 1608 iunctioni
298 1550 436 1609 accidunt
465 1553 508 1608 vis
536 1551 628 1626 figura
658 1549 741 1610 ordo.
786 1553 830 1611 vis
857 1558 917 1618 cst,
946 1569 1014 1610 cum
1037 1560 1087 1610 aut
1108 1551 1322 1629 complectendi
1346 1563 1414 1611 sunt

125 1636 363 1700 coniunctiones,
388 1643 420 1693 ut
442 1643 473 1693 et
494 1652 551 1712 quo
575 1643 677 1713 atquc,
702 1644 751 1694 aut
774 1635 973 1712 disiungendi,
998 1644 1029 1694 ut
1052 1636 1097 1695 vel
1119 1655 1174 1695 nec
1197 1644 1246 1695 aut
1269 1654 1341 1695 neve
1364 1655 1412 1695 ce·

125 1728 236 1787 terum,
266 1725 316 1777 aut
344 1717 513 1786 dubitandi,
543 1727 576 1778 ut
599 1723 659 1778 sivo
683 1738 736 1779 seu
758 1719 921 1798 siquidem,
950 1731 1001 1779 aut
1023 1720 1193 1799 repetendi,
1218 1729 1250 1780 ut
1272 1721 1339 1788 sed,
1364 1729 1414 1780 aut

125 1804 160 1863 ad
184 1804 311 1880 aliquid,
339 1813 370 1862 ut
398 1807 506 1880 magis;
535 1812 586 1863 ant
614 1804 772 1864 rationales
799 1813 882 1873 sunt,
908 1812 939 1863 nt
961 1807 1029 1883 quia
1052 1804 1119 1865 ideo
1142 1813 1300 1884 propterea
1323 1806 1411 1873 euim,

88 1896 176 1947 nant
203 1890 338 1954 vincunt,
369 1897 401 1947 ut
431 1891 535 1957 immo,
565 1897 615 1948 aut
643 1891 845 1957 consentiunt,
877 1885 890 1970 ll
913 1895 946 1949 ut
968 1891 1071 1958 ctiam,
1095 1898 1146 1950 aut
1167 1898 1351 1969 comparant,
1380 1899 1413 1950 ut

125 1983 198 2041 tam,
223 1981 273 2031 aut
296 1972 447 2033 subiciunt
469 1975 661 2041 sententiam,
686 1982 717 2033 ut
740 1974 876 2052 equidem
900 1976 1067 2043 enimvero,
1091 1981 1142 2034 aut
1163 1974 1356 2055 compellunt,
1381 1970 1437 2033 ut’

124 2057 225 2117 saltem
248 2067 349 2117 tamen
371 2057 521 2127 videlicet,
545 2065 596 2117 aut
618 2058 811 2118 concludunt:
835 2075 960 2136 quarum
982 2067 1043 2120 tres
1067 2061 1183 2138 species
1205 2068 1288 2129 sunt,
1312 2059 1412 2119 relati·

125 2161 191 2211 vae,
216 2150 248 2200 nt
270 2161 447 2221 quamquam
470 2143 602 2221 quamvis
631 2145 700 2211 etsi,
730 2143 926 2222 praelativae,
955 2152 988 2203 ut
1010 2146 1034 2203 si
1058 2146 1121 2213 siu;
1144 2152 1213 2204 suut
1235 2153 1265 2204 et
1286 2143 1410 2213 mediae,

125 2227 180 2286 boc
203 2235 247 2285 est
280 2245 356 2305 utrae
383 2236 413 2286 et
447 2227 585 2286 incobant
613 2229 791 2288 senteutiam
825 2236 854 2287 et
887 2227 1057 2297 includunt,
1086 2237 1118 2288 ut
1145 2236 1175 2287 et
1208 2237 1310 2308 atque,
1339 2246 1413 2308 quas

85 2333 111 2368 eo
124 2311 303 2387 generaliter
326 2312 481 2390 complecti
504 2312 647 2371 diximus:
676 2322 725 2372 aut
747 2314 926 2372 connexivae
948 2321 1018 2373 suut
1040 2315 1277 2383 coniunctiones,
1301 2320 1334 2373 ut
1355 2315 1411 2390 igi-

125 2407 172 2455 tur
195 2415 266 2473 ergo
288 2396 412 2474 proinde
436 2399 535 2475 itaque
550 2399 727 2474 praesertim
742 2406 897 2476 quatenus,
914 2405 963 2457 aut
978 2400 1186 2467 rationativae,
1209 2407 1241 2458 ut
1257 2401 1410 2477 quoniam·

123 2482 242 2559 «pridem
265 2481 519 2560 quandoquidem,
543 2488 594 2540 aut
615 2484 847 2560 supernevivae,
870 2491 903 2542 ut
925 2481 1072 2543 similiter.
1103 2501 1171 2543 uam
1192 2501 1295 2543 omnes
1316 2485 1410 2543 uomi-

123 2565 211 2624 nibus
234 2569 295 2626 suis
318 2566 468 2642 designari
492 2585 549 2625 non
572 2575 695 2644 possunt
717 2574 839 2646 propter
860 2567 1081 2628 multitudinem
1107 2586 1249 2645 generum
1272 2575 1322 2626 aut
1341 2567 1410 2626 sub·

125 2650 259 2710 tilitatem
282 2652 504 2719 discriminum,
528 2650 636 2730 quibus
659 2652 733 2712 aliae
757 2651 793 2711 ab
815 2652 883 2713 aliis
906 2652 1056 2712 differunt.
1086 2652 1139 2712 sed
1159 2670 1194 2711 cx
1210 2652 1258 2711 bis
1272 2651 1410 2712 omnibus

87 2735 178 2793 sabas
208 2754 281 2813 quas
304 2739 541 2795 enumeravimus
569 2739 696 2797 maxime
720 2734 872 2815 usurpant.
911 2738 1004 2813 ligura
1033 2738 1275 2796 coniunctionum
1302 2735 1409 2814 duplex

123 2829 181 2878 est:
206 2839 272 2878 narn
297 2829 346 2880 ant
369 2821 520 2900 simplices
541 2829 623 2890 sunt,
648 2830 681 2881 ut
702 2825 745 2881 uti
768 2824 808 2891 si,
833 2829 882 2881 aut
904 2823 1098 2900 compositae,
1129 2829 1160 2879 nt
1182 2823 1294 2880 utinam
1317 2823 1408 2897 siqui·

123 2904 199 2963 deur.
236 2906 308 2963 ordo
341 2905 601 2967 coniunctionibus
634 2906 757 2975 accidit,
792 2924 859 2965 cum
894 2905 1034 2983 quasdam
1063 2904 1092 2964 in
1120 2906 1270 2983 principio
1297 2923 1408 2983 ponere

124 3007 292 3066 possumus,
318 2998 349 3049 nt
371 3008 562 3069 quanrquam,
586 2990 727 3068 quasdam
750 3009 808 3049 non
830 3007 994 3069 possumus,
1019 2989 1072 3049 sed
1094 3007 1212 3067 semper
1233 2987 1407 3058 subicimus,

123 3081 232 3152 utque
256 3093 299 3132 ve.

84 3274 109 3310 so
573 3240 622 3301 nu
647 3240 949 3303 PRAEPOSITIONE

208 3361 392 3438 Praepositio
414 3369 457 3419 est
480 3378 548 3438 pars
571 3362 714 3420 orationis
736 3379 810 3438 quac
833 3363 1001 3439 praeposita
1024 3362 1090 3422 aliIs
1111 3359 1246 3439 partibus
1267 3364 1410 3423 orationis

124 3448 180 3504 vim
204 3454 233 3503 et
261 3445 507 3521 significationem
536 3462 636 3504 earum
666 3445 792 3504 adiuvat.
838 3447 1072 3523 praepositiones
1099 3452 1167 3505 sunt
1195 3447 1408 3524 propemodum

124 3531 193 3596 bae,
217 3549 232 3587 a
255 3529 291 3587 ab
315 3548 381 3588 cvmr
405 3529 440 3587 de
464 3529 492 3587 di
517 3528 563 3589 dis
585 3547 639 3608 per
661 3547 733 3607 prae
756 3531 785 3588 in
809 3548 846 3589 ex
869 3532 947 3590 inter
969 3538 1089 3609 praeter
1110 3538 1232 3608 propter
1255 3531 1333 3611 apud
1356 3550 1408 3610 pe-

125 3632 177 3671 nos
205 3621 286 3671 trans
313 3622 379 3671 arne
408 3615 472 3672 sinc
504 3631 573 3690 erga
601 3612 637 3672 ob
666 3613 770 3674 subter
792 3632 838 3673 am
860 3632 915 3674 con
938 3634 953 3674 e
976 3634 1031 3693 pro
1052 3622 1119 3693 post
1141 3617 1264 3674 circum.
1309 3623 1409 3676 certus

125 3715 193 3755 vero
215 3715 356 3757 numerus
376 3706 498 3776 propter
513 3698 715 3759 dillicultatem
731 3699 1029 3760 discriminandorum
1051 3699 1089 3759 ab
1111 3698 1262 3760 adverbiis
1284 3709 1315 3760 et
1336 3719 1407 3761 con·

123 3781 323 3841 iunctioribus
339 3784 555 3859 significativum
572 3801 630 3842 non
646 3792 742 3863 potest
756 3784 979 3862 comprehendi.
1010 3783 1193 3845 indubitatae
1208 3792 1307 3845 taumu
1321 3804 1407 3864 prae·

121 3869 283 3946 positiones
306 3869 513 3928 existimantur
536 3867 657 3928 ablativi
680 3886 766 3929 casus
788 3877 915 3947 septem,
945 3868 1020 3930 aab
1044 3869 1080 3929 de
1102 3887 1157 3947 pro
1178 3888 1214 3928 ex
1237 3887 1304 3930 cum
1324 3889 1407 3949 prae.

122 3953 286 4011 accusativo
320 3961 417 4012 antem
449 3952 579 4013 adnexae
613 3953 786 4033 plerumque
815 3953 1022 4014 adverbiorum
1048 3955 1108 4013 dm
1136 3952 1246 4014 habent
1278 3963 1405 4035 suntque

122 4039 243 4096 omnino
267 4037 418 4106 undecim,
448 4037 483 4096 ad
514 4056 568 4116 per
590 4037 628 4097 ob
650 4044 716 4117 post
737 4046 821 4098 trans
842 4039 919 4117 apud
941 4057 1033 4117 penes
1054 4046 1121 4099 aute
1145 4047 1267 4117 propter
1287 4048 1407 4117 praeter

191 4240 203 4289 1
222 4254 302 4300 neque
321 4241 403 4287 aetina
419 4241 554 4306 praeterito
573 4241 665 4303 (neque
683 4242 745 4291 odd.
764 4254 781 4296 ς
800 4255 847 4289 uec
864 4257 932 4294 corr.
952 4250 1004 4303 sut,
1020 4250 1046 4290 ut
1063 4240 1169 4300 uidetur,
1186 4242 1248 4293 add.
1269 4240 1304 4298 θ)
1321 4251 1408 4291 neutra

122 4325 166 4358 nec
183 4309 287 4374 pessino
308 4311 335 4357 V
339 4309 383 4363 (ἲς
452 4310 614 4374 21·eperiuot
637 4312 661 4359 V
678 4311 836 4376 recipiuuts
904 4311 1040 4360 ildotivus
1056 4310 1203 4374 -legeute
1219 4326 1264 4362 om.
1281 4312 1309 4361 V
1377 4311 1406 4362 ll

121 4380 302 4443 complectente
317 4379 506 4428 coniunctiones
531 4381 559 4428 V
609 4381 640 4430 12
659 4379 732 4444 neve]
753 4395 785 4428 ue
802 4393 868 4434 neg
922 4380 954 4430 15
972 4380 1109 4446 comparari
1122 4381 1143 4430 G
1160 4389 1338 4444 comparantur
1359 4381 1387 4430 V
1391 4391 1408 4434 ς

191 4449 221 4498 li
237 4449 319 4498 saltim
344 4450 371 4498 V
455 4448 493 4504 18,
505 4447 564 4515 etsi]
580 4452 625 4499 sed
647 4451 673 4499 V
678 4449 700 4498 G
781 4450 821 4498 siu
839 4464 885 4502 om.
907 4452 932 4500 V
938 4449 960 4498 θ
1044 4447 1079 4499 20
1096 4449 1280 4517 complectendi
1297 4449 1408 4498 diximus

123 4518 256 4567 Putscbius
325 4529 368 4567 ant
385 4519 494 4567 connexi
513 4535 540 4581 q:
561 4529 620 4569 snut
635 4518 822 4585 prepositiones
845 4519 870 4568 V
938 4521 972 4569 24
989 4519 1140 4572 differuntur
1162 4522 1188 4570 V
1194 4520 1215 4568 G
1283 4520 1318 4568 25
1336 4533 1407 4567 euar-

123 4590 235 4635 rauimus
253 4600 280 4641 ςἸ
342 4597 494 4653 usurpantur
515 4590 542 4637 V
608 4589 813 4638 coniunctionum
835 4591 862 4637 V
915 4587 949 4637 28
967 4586 1022 4652 sed]
1041 4597 1064 4637 et
1080 4589 1126 4644 θς
1177 4588 1212 4638 ³2
1230 4588 1280 4635 nim
1300 4588 1408 4637 nominis

122 4656 333 4719 significationem
358 4672 443 4706 earum
466 4659 493 4707 V
557 4656 655 4722 earum]
681 4660 736 4707 eius
752 4658 796 4712 ὃς
868 4656 901 4708 33
919 4655 989 4722 cum]
1008 4673 1054 4707 con
1079 4660 1105 4707 V
1110 4659 1132 4709 G
1202 4657 1235 4705 tle
1253 4671 1298 4708 om.
1320 4657 1341 4705 G

122 4724 153 4772 34
173 4735 289 4774 trans—
305 4728 339 4777 39
357 4742 434 4792 penos
452 4727 534 4776 om.G
620 4729 706 4778 subter
724 4742 755 4775 au
772 4742 819 4794 eon
835 4740 851 4782 ς
868 4728 954 4777 subter
972 4743 1028 4777 curn
1048 4729 1075 4776 V
1152 4724 1369 4790 dbslgnillcatum
1385 4726 1412 4774 V

207 4794 241 4844 38
265 4799 408 4846 accusatius
431 4806 514 4845 evitem
537 4797 636 4847 aduexe
666 4798 693 4846 V
712 4797 850 4847 accusetiui
875 4804 958 4847 sutem
980 4799 1121 4853 adnixaes
1208 4793 1242 4844 ³9
1264 4804 1366 4861 propter
1387 4796 1409 4844 G

122 4879 202 4929 prope
223 4866 249 4914 V
253 4878 269 4919 ς

172 4954 348 4996 unumunurm
362 4955 452 4996 carun
467 4955 493 4996 v.
1166 4947 1208 5012 36
