3346 5498
763 406 834 468 ARS
1037 432 1040 440 ·
1424 404 1445 468 5

163 584 284 650 tionum
310 584 443 650 relictae
477 597 568 670 sunt3
600 589 738 677 denique
767 591 915 656 collectio
943 591 1103 676 quaedam
1131 588 1328 657 scholiorum
1355 590 1446 656 facta

161 695 225 767 est,
248 687 281 750 in
302 703 368 775 qua
389 687 477 755 nullo
500 699 589 756 certo
611 692 726 757 ordine
741 716 878 780 eaquae
899 693 1104 778 grammatici
1120 692 1163 757 ad
1177 693 1303 758 Donati
1324 692 1444 758 librum

160 786 400 875 adscripserant
428 802 461 856 et
488 792 574 857 inter
603 816 637 856 se
667 804 699 858 et
727 818 800 860 cum
827 796 951 861 Donati
980 795 1090 860 verbis
1118 795 1224 859 mixta
1251 806 1284 861 et
1306 796 1444 860 confusa

160 899 242 953 sunt
285 890 363 954 hinc
385 892 482 957 facile
509 895 691 960 existimari
712 905 830 984 potest,
854 918 951 982 quam
973 894 1145 961 molestum
1168 894 1313 962 laborem
1337 919 1443 962 susce-

158 1001 270 1078 pturus
293 992 337 1057 sit
358 995 413 1080 qui
430 1017 477 1059 ex
498 994 549 1059 his
572 997 677 1062 turbis
700 1000 734 1062 in
758 1021 852 1064 suum
868 998 1010 1084 quidque
1032 997 1138 1062 locum
1161 999 1333 1064 restituere
1355 998 1444 1063 velit.

157 1102 295 1179 augetur
315 1117 393 1160 vero
415 1095 565 1161 molestia
587 1120 625 1164 ac
648 1101 792 1165 taedium
815 1099 1051 1165 emendationis
1074 1099 1172 1164 etiam
1187 1099 1316 1164 vilitate
1337 1122 1445 1164 rerum

157 1217 239 1281 quae
261 1196 296 1259 in
318 1195 380 1260 hoc
401 1196 486 1264 libro
509 1209 702 1266 tractantur.
732 1201 873 1288 plurima
894 1201 981 1265 enim
1003 1201 1037 1263 in
1052 1200 1244 1286 vulgaribus
1266 1201 1330 1266 illis
1352 1224 1445 1289 prae·

156 1300 259 1383 ceptis
287 1307 320 1362 et
347 1297 609 1383 definitionibus,
638 1325 722 1389 quae
749 1304 783 1367 in
812 1302 904 1379 libris
928 1301 1217 1387 grammaticorum
1239 1302 1372 1368 tractari
1395 1325 1444 1368 so-

156 1397 237 1482 lent,
260 1411 434 1467 versantur
455 1427 561 1490 neque
583 1404 681 1469 aliam
704 1406 772 1470 fere
793 1406 968 1471 utilitatem
990 1404 1126 1484 habent,
1142 1427 1239 1491 quam
1261 1415 1298 1468 ut
1319 1404 1444 1470 intelle·

156 1513 268 1586 gutur,
301 1526 364 1589 quo
399 1506 495 1570 modo
523 1506 603 1571 haee
633 1505 709 1571 olim
737 1508 771 1571 in
797 1505 916 1571 scholis
944 1506 1230 1591 grammaticorum
1263 1506 1306 1571 ad
1340 1516 1445 1570 artem

157 1605 278 1670 Donati
305 1605 470 1692 adplicata
497 1608 572 1675 sint.
617 1619 694 1674 sunt
723 1619 831 1674 tamen
860 1608 970 1695 aliqua
992 1631 1034 1673 ex
1056 1607 1273 1674 reconditiora
1295 1609 1446 1675 doctrina

157 1706 294 1793 repetita
315 1706 496 1775 velminus
520 1710 686 1796 vulgaria,
710 1712 851 1799 quaein
879 1709 1017 1775 aliorum
1039 1710 1328 1794 grammaticorum
1351 1711 1445 1777 libris
1531 1777 1535 1785 ,

156 1831 219 1873 non
241 1806 413 1894 leguntur,
435 1825 570 1898 propter
591 1837 675 1900 quae
698 1825 730 1878 et
752 1813 829 1877 olim
851 1811 1007 1877 Putschio
1030 1811 1148 1897 dignus
1172 1811 1261 1877 visus
1284 1822 1335 1877 est
1361 1811 1446 1877 liber

156 1910 210 1998 qui
232 1910 399 1995 ederetur,
422 1936 526 2001 neque
541 1939 626 1981 nune
641 1917 675 1980 in
691 1938 777 1979 nova
797 1913 1082 2000 grammaticorum
1105 1912 1250 1979 editione
1272 1914 1446 1981 videbatur

156 2013 258 2077 omitti
278 2034 385 2099 posse.
415 2015 641 2102 sedquoniam
664 2039 704 2081 ea
724 2039 808 2103 quae
829 2017 862 2080 in
878 2015 990 2081 codice
1013 2015 1136 2102 scripta
1151 2024 1228 2079 sunt
1248 2017 1312 2081 nisi
1333 2015 1445 2082 multis

156 2112 188 2180 et
213 2117 343 2201 magnis
372 2117 609 2183 mutationibus
636 2118 793 2184 adhibitis
824 2119 857 2183 in
884 2118 1006 2183 iustum
1034 2117 1181 2183 ordinem
1209 2120 1358 2183 revocari
1390 2141 1444 2183 ne·

156 2227 288 2305 queunt,
311 2240 430 2304 operae
452 2220 593 2304 pretium
616 2220 760 2286 nonfuit
775 2231 899 2287 tantam
914 2242 1025 2284 curam
1047 2218 1124 2283 huic
1145 2220 1229 2284 libro
1252 2219 1443 2306 inpendere

156 2319 213 2383 scd
235 2320 316 2384 satis
338 2317 523 2384 consultum
544 2321 584 2385 iri
606 2324 776 2389 commodo
799 2323 976 2408 legentium
999 2321 1107 2387 visum
1129 2331 1196 2401 est,
1220 2322 1247 2386 si
1269 2321 1383 2387 relicto
1406 2344 1445 2387 eo

156 2420 270 2485 ordine
298 2422 353 2507 qui
381 2422 415 2485 in
443 2422 527 2488 libro
555 2446 653 2489 manu
682 2427 803 2513 scripto
827 2435 877 2490 est
905 2422 986 2488 illud
1009 2423 1211 2501 efficeretur,
1234 2433 1272 2488 ut
1294 2424 1444 2508 singulae

155 2522 382 2589 adnotationes
405 2526 554 2612 quamvis
578 2524 747 2612 dispersae
770 2537 803 2592 et
824 2548 981 2613 perverso
1004 2524 1075 2591 loco
1098 2525 1226 2612 positae
1248 2534 1356 2589 tamen
1380 2523 1444 2610 legi

156 2634 188 2688 et
213 2623 360 2711 intellegi
388 2626 458 2692 sine
485 2626 636 2692 molestia
655 2639 801 2715 possent.
844 2630 955 2714 itaque
976 2627 1101 2693 Donati
1122 2626 1224 2692 verba
1247 2627 1444 2708 accuratius,

155 2750 252 2813 quam
279 2752 300 2792 a
321 2728 476 2795 Putschio
504 2728 627 2793 factum
655 2740 741 2812 erat,
770 2731 812 2796 ab
835 2731 875 2794 iis
904 2734 987 2816 qua‘b
1009 2729 1052 2796 ab
1074 2732 1251 2816 interprete
1278 2729 1445 2816 adscripta

155 2840 231 2894 sunt
253 2829 420 2916 separavi,
442 2840 543 2916 atque
565 2819 628 2918 quo
651 2830 780 2897 facilius
803 2830 1064 2917 intellegeretur,
1088 2855 1152 2918 quo
1175 2832 1323 2917 singulae
1345 2829 1445 2895 adno-

155 2931 296 2997 tationes
319 2933 535 3018 pertinerent,
558 2934 699 2998 numeria
723 2935 918 3022 paginarum
933 2943 967 2998 et
981 2954 1137 2998 versuum
1156 2956 1198 2997 ex
1213 2956 1286 2999 mea
1301 2933 1445 2998 editione

156 3033 279 3098 Donati
301 3034 336 3096 in
358 3035 506 3119 margine
528 3035 702 3123 adscriptis
725 3034 878 3101 lemmata
900 3034 953 3130 pel
979 3035 1181 3121 praescripta
1202 3036 1244 3101 ab
1267 3033 1444 3120 interprete

155 3134 207 3198 vel
229 3134 351 3199 omissa
371 3133 527 3200 indicavi.
557 3136 674 3202 deinde
697 3138 846 3203 diversas
869 3137 1097 3202 adnotationes
1122 3135 1275 3215 distinxi,
1299 3158 1444 3221 eaquae

154 3236 402 3302 continuitatem
417 3239 593 3303 verborum
609 3239 743 3305 turbant
757 3240 849 3304 uncis
865 3238 1027 3325 adpositis
1043 3239 1171 3319 notavi,
1189 3236 1326 3324 denique
1341 3237 1444 3302 verba

154 3340 189 3401 in
216 3338 330 3404 codice
362 3338 646 3424 neglegentissime
673 3343 811 3428 scripta,
841 3350 999 3426 quantum
1027 3338 1098 3402 fieri
1128 3349 1269 3424 poterat,
1303 3338 1442 3404 correxi.

155 3463 219 3526 qua
245 3441 278 3504 in
306 3463 342 3505 re
370 3442 449 3528 quid
471 3441 626 3508 Putschio
656 3444 833 3523 debeatur,
862 3440 942 3505 satis
970 3441 1069 3505 habui
1091 3448 1159 3504 tum
1182 3463 1256 3504 cum
1279 3463 1299 3504 a
1321 3441 1442 3505 codicis

154 3544 316 3630 scriptura
343 3542 471 3629 longius
498 3544 673 3610 recedebat
700 3542 884 3610 emendatio
911 3543 1072 3622 indicare,
1108 3542 1142 3606 in
1175 3541 1325 3629 reliquis,
1360 3565 1443 3629 quae

154 3645 252 3710 facile
283 3667 303 3708 a
334 3647 451 3731 quovis
485 3647 625 3711 inveniri
657 3654 806 3732 possent,
839 3643 920 3708 nihil
953 3645 1111 3708 interesse
1144 3654 1234 3709 ratus
1263 3655 1300 3710 ut
1326 3668 1443 3710 nomeu

154 3748 297 3813 auctoris
324 3747 575 3814 adscriberetur.
620 3749 653 3812 in
683 3746 899 3813 describenda
926 3746 1047 3811 codicis
1077 3744 1315 3833 discrepantia,
1345 3769 1442 3832 quam

155 3859 339 3938 separatam
361 3872 381 3914 a
402 3872 476 3915 mea
497 3849 708 3916 adnotatione
731 3849 870 3930 subieci,
887 3848 1045 3914 vetustati
1068 3848 1189 3913 codicis
1212 3847 1273 3911 hoc
1296 3847 1384 3929 dedi,
1406 3860 1443 3913 ut

155 3977 195 4016 nc
215 3951 384 4016 levissima
406 3951 537 4037 quidem
559 3952 642 4017 vitia
663 3951 884 4037 praeterirem.
928 3962 1025 4036 atque
1047 3972 1086 4014 ea
1108 3951 1204 4014 etiam
1227 3971 1310 4036 quae
1332 3949 1374 4013 ad
1397 3950 1442 4013 di-

155 4077 283 4118 versam
305 4053 471 4118 scribendi
486 4051 539 4117 vel
559 4053 791 4139 pronuntiandi
806 4053 963 4116 rationem
985 4052 1164 4139 pertinent,
1188 4051 1340 4137 quoniam
1363 4049 1443 4116 haec

155 4158 188 4220 in
210 4156 389 4240 marginem
411 4155 532 4220 reicere
554 4177 652 4242 quam
665 4156 700 4218 in
714 4155 964 4220 continuitatem
979 4154 1154 4219 verborum
1169 4152 1313 4238 recipere
1328 4150 1441 4234 malni,

154 4260 297 4324 indicata
325 4268 415 4335 sunt,
445 4256 509 4321 nisi
536 4255 623 4344 quod
651 4278 689 4321 ue
710 4268 743 4322 et
769 4278 792 4326 e.
812 4255 864 4321 vel
891 4261 964 4321 het
992 4279 1009 4322 u
1031 4254 1295 4342 frequentissime
1316 4263 1443 4319 mutata

153 4384 227 4427 raro
254 4359 422 4424 adnotavi.
467 4381 577 4423 eorum
606 4381 689 4447 quae
716 4360 838 4424 recenti
867 4381 965 4422 manu
991 4357 1157 4444 adscripta
1184 4367 1276 4438 sunt,
1304 4377 1441 4442 quorum

153 4463 243 4529 nulla
265 4461 443 4527 auctoritas
466 4469 526 4542 est,
550 4460 739 4548 plerumque
761 4461 923 4526 rationem
937 4482 1002 4524 non
1022 4458 1136 4539 habui3
1162 4458 1274 4544 siquae
1297 4480 1317 4520 a
1332 4466 1441 4520 vetere

153 4564 289 4631 librario
318 4574 463 4629 correcta
490 4572 581 4644 sunt,
610 4574 764 4649 corrupta
792 4563 955 4648 scriptura
980 4560 1027 4626 ibi
1050 4569 1192 4640 tantum,
1226 4559 1282 4623 ubi
1304 4556 1441 4621 alicuius

153 4667 308 4732 momenti
337 4688 408 4731 esse
436 4664 628 4747 videbatur,
659 4665 806 4731 exhibita
828 4674 888 4728 est.
933 4661 1052 4728 librum
1072 4684 1171 4726 manu
1193 4660 1348 4744 scriptum
1370 4658 1442 4744 ipse

152 4792 228 4833 curn
256 4766 403 4832 Putschii
431 4766 574 4831 editione
602 4764 741 4848 contuli3
768 4775 883 4851 postea
910 4764 999 4829 haud
1025 4765 1188 4849 ingratum
1210 4782 1301 4824 meae
1324 4781 1442 4845 operae

152 4870 418 4958 supplementum
439 4868 520 4934 mihi
539 4867 693 4957 praebuit
706 4867 888 4933 Hermanni
907 4866 1038 4953 Hageni
1052 4863 1228 4930 Bemensis
1249 4860 1442 4928 liberalitas.
