3346 5498
666 392 737 452 11118
766 392 792 453 11
817 394 949 452 15-18
1390 384 1453 452 485

204 514 225 554 p.
239 501 297 542 arse.
309 501 334 542 st
348 500 370 541 r.
1268 510 1289 550 p.
1306 498 1349 538 ros.
1363 498 1389 538 oe
1402 494 1425 536 a.

317 598 383 640 nce
405 581 513 659 pueri
538 577 711 648 credunt,
735 580 809 638 nisi
831 581 893 657 qui
916 577 1077 639 nondum
1098 595 1184 636 aere
1208 577 1398 646 lavantur,

165 684 252 742 cuius
273 683 412 760 supinum
434 681 574 742 Horatius
597 683 628 740 in
651 679 728 739 fibro
751 679 763 738 1
786 697 957 740 sermonum
979 677 1121 757 protulit,

317 790 372 842 ast
394 781 458 842 uhi
481 801 533 842 me
555 783 692 841 fessum
716 780 770 840 sot
794 783 919 840 acrior
941 782 1000 840 ire
1023 779 1178 840 lavatum

317 883 517 943 admonuit.

139 987 176 1049 of
198 1002 273 1046 vero·
290 994 356 1045 ante
380 1002 415 1043 ro
437 984 630 1044 antecedente
653 985 758 1044 tertiae
782 985 1001 1061 coniugationis
1023 985 1172 1062 primitiva
1194 984 1395 1054 inveniuntur,
1420 993 1452 1044 ut

165 1088 245 1148 soho
267 1088 369 1155 solvis,
395 1085 476 1145 roho
498 1086 605 1154 rohiS,
629 1086 711 1145 calvo
733 1084 840 1155 celric,
870 1086 899 1146 id
922 1095 967 1146 est
989 1085 1122 1163 decipio,
1146 1092 1178 1144 ut
1200 1093 1245 1144 est
1267 1087 1344 1165 apud
1367 1086 1450 1146 Salu-

165 1191 256 1249 stium
278 1191 310 1248 in
331 1188 522 1248 historiarum
545 1186 622 1247 fibro
638 1187 677 1246 111
701 1191 850 1247 ‘contra
873 1188 937 1248 ille
961 1188 1055 1247 cairi
1079 1195 1185 1246 ratus
1207 1189 1371 1265 quaerit,
1390 1205 1450 1247 er·

165 1292 265 1351 tisne
300 1308 342 1349 an
376 1291 521 1347 somnio
557 1289 850 1367 portenderetur
882 1289 1112 1349 thesaurus'.
1163 1291 1194 1348 in
1226 1307 1278 1348 ror
1310 1289 1450 1349 desinens

164 1391 317 1470 deponens
345 1408 436 1450 unum
464 1398 525 1458 est,
554 1392 708 1459 convivor,
735 1390 813 1467 quod
841 1393 954 1470 primae
977 1398 1036 1459 est,
1059 1390 1193 1467 generali
1215 1389 1336 1466 regulae
1359 1389 1449 1468 depo·

127 1518 153 1558 ro
166 1495 300 1553 nentium
329 1493 477 1560 serviens,
507 1510 574 1551 cum
602 1509 662 1551 non
690 1492 849 1570 respondet
875 1511 929 1552 suo
956 1494 1121 1571 primitivo,
1150 1492 1181 1552 id
1210 1499 1255 1552 est
1277 1495 1342 1552 vivo
1366 1493 1448 1561 rivis,

165 1594 210 1654 vet
233 1596 301 1672 quia
324 1593 360 1652 de
383 1593 501 1652 nomine
523 1593 601 1671 quod
623 1602 669 1652 est
690 1596 811 1653 conviva
834 1593 994 1655 derivatur.

249 1695 282 1755 ln
311 1715 348 1755 xo
378 1695 543 1754 desinentia
571 1712 664 1772 pauca
686 1702 768 1763 surrt,
797 1697 911 1774 primae
933 1696 1053 1775 quidem
1076 1697 1305 1773 coniugationis,
1330 1703 1363 1755 ut
1384 1695 1450 1755 faro

166 1797 263 1865 taxas,
286 1797 354 1856 luno
377 1815 449 1856 vero
471 1805 549 1856 taxo.
583 1795 635 1856 sed
658 1799 763 1856 tertiae
786 1815 844 1857 non
867 1799 1059 1858 inveniuntur
1080 1799 1138 1857 nisi
1161 1816 1237 1876 pexo
1258 1799 1358 1877 pexis,
1380 1805 1449 1858 tero

164 1901 257 1967 texis,
281 1916 356 1958 nexo
372 1900 471 1957 nexis:
490 1900 557 1958 faxo
573 1884 652 1957 euim
667 1899 743 1958 faxis
758 1898 936 1958 defectivum
951 1906 1006 1958 est.
1031 1899 1043 1979 11
1068 1918 1144 1959 nexo
1160 1906 1257 1958 autem
1273 1908 1332 1959 tam
1348 1917 1449 1969 nexas,

128 2007 200 2064 15111
221 1999 351 2060 ostendit
365 1999 506 2076 Virgilius
521 2001 711 2079 participium
728 1999 830 2060 dicens
852 2002 1066 2062 ‘nexantem
1088 2001 1222 2069 nodis',
1244 2018 1334 2080 quam
1353 2003 1447 2070 nexis,

163 2110 196 2161 ut
218 2103 325 2162 Accius
347 2103 377 2159 in
401 2101 553 2180 Deiphobo
1061 2173 1063 2177 y

314 2221 379 2262 nos
400 2205 579 2262 contiuuo
601 2205 742 2264 ferrum
766 2206 950 2283 eripimus
974 2202 1172 2284 [omnihus]
1198 2203 1370 2265 manibus

876 2309 1040 2367 manicas
1062 2308 1245 2378 nerimus;

162 2407 234 2468 lieet
259 2408 329 2466 nexi
353 2407 461 2466 fectum
491 2415 552 2471 est.
581 2407 659 2485 quod
688 2409 777 2468 etiam
806 2427 821 2468 a
849 2417 936 2468 necto
963 2411 1076 2477 nectis,
1106 2411 1183 2469 sicut
1206 2428 1222 2469 a
1245 2416 1330 2487 pecto
1352 2410 1448 2486 pectis

66 2490 72 2498 ’
123 2535 150 2574 20
164 2511 232 2588 pexi
253 2516 351 2588 potest
373 2527 448 2568 esse.
493 2511 523 2568 in
553 2528 606 2569 xor
636 2510 776 2570 similiter
802 2510 969 2571 desinentia
991 2513 1106 2591 primae
1128 2521 1196 2571 sunt
1218 2512 1446 2587 coniugationis,

162 2619 194 2671 ut
216 2612 299 2671 rixor
321 2611 480 2690 amplexor.
505 2614 509 2691 1
543 2638 545 2643 ·

245 2713 279 2773 fn
301 2732 335 2773 or
357 2716 470 2791 passiva
493 2731 678 2793 quaerunque
701 2713 897 2793 praecedente
920 2714 1013 2775 vocali
1036 2715 1081 2775 vel
1103 2722 1283 2776 consonante
1305 2717 1445 2792 coniuga-

160 2817 271 2876 tionem
293 2833 414 2876 suorum
437 2823 604 2894 sequuntur
626 2817 804 2886 activorum,
828 2822 974 2876 cenante
997 2815 1137 2876 diximus.

245 2917 412 2996 Composita
439 2935 556 2996 quoque
583 2919 614 2977 in
648 2916 784 2978 omnihus
818 2916 1079 2977 terminationibus
1111 2917 1290 2996 simplicium
1323 2935 1444 2978 suorum

66 3019 69 3023 ’
121 3042 149 3084 ss
162 3021 403 3095 coniugationes,
426 3018 529 3078 eadem
544 3019 659 3078 seifieet
677 3025 813 3080 manente
828 3019 985 3089 finalitate,
1008 3027 1186 3099 sequuntur,
1209 3022 1234 3079 si
1258 3027 1444 3081 tamencum

161 3120 260 3181 verhis
283 3120 327 3179 vet
351 3137 418 3179 cum
440 3119 724 3199 praepositionibus,
748 3138 817 3180 cum
838 3119 946 3200 quihus
967 3123 1153 3199 frequentius
1175 3121 1271 3182 soient
1292 3122 1443 3200 coniungi,

160 3229 386 3300 componantur:
410 3239 476 3282 eum
499 3220 613 3291 verbis,
639 3230 669 3280 ut
685 3223 831 3300 tepefacio
846 3221 987 3282 calefacio
1002 3223 1166 3283 madefacio
1188 3223 1334 3302 patefacio
1349 3223 1443 3302 lique·

159 3325 251 3393 facio;
275 3341 341 3383 cum
365 3321 650 3401 praepositionibus,
674 3333 706 3382 ut
729 3326 813 3402 capio
835 3325 988 3402 praecipio
1004 3323 1135 3401 decipio,
1159 3326 1235 3384 facio
1258 3327 1358 3385 inficio
1380 3325 1443 3385 affi-

159 3427 206 3484 cio
229 3425 348 3493 deficio,
371 3426 435 3484 fero
457 3427 594 3502 praefero
617 3426 736 3502 perfero
758 3425 854 3484 infero
876 3426 967 3485 affero
989 3428 1099 3486 suffero
1121 3426 1240 3496 defero,
1263 3424 1352 3486 turbo
1374 3444 1442 3504 pro·

120 3525 265 3595 soturho
294 3526 393 3586 scriho
422 3526 560 3585 descriho
587 3525 760 3595 conscribo,
790 3545 863 3586 neco
890 3545 997 3596 cneco,
1033 3530 1117 3587 vinco
1145 3531 1302 3598 convinco,
1336 3529 1443 3588 fraudo

158 3629 318 3698 defraudo,
342 3628 433 3689 fundo
459 3628 601 3697 infundo,
630 3629 703 3689 cedo
732 3629 852 3691 discedo
874 3630 1018 3699 concedo,
1042 3631 1101 3707 ligo
1123 3629 1231 3707 infigo,
1255 3648 1309 3708 ago
1331 3649 1442 3709 perago
1500 3657 1508 3667 ·

158 3733 326 3807 circumage
355 3730 460 3807 subigo
489 3732 575 3808 exigo
603 3749 690 3808 cogo,
719 3732 804 3792 traho
826 3731 982 3800 subtraho,
1006 3731 1072 3792 halo
1094 3732 1213 3801 exhalo,
1236 3732 1305 3792 fallo
1328 3732 1440 3802 refello,

159 3833 255 3892 clamo
278 3833 424 3901 reclamo,
448 3852 513 3892 emo
536 3852 652 3903 coemo,
676 3852 714 3893 no
736 3834 826 3903 adno,
856 3853 932 3913 pono
954 3851 1068 3912 expono
1089 3852 1203 3913 repono
1224 3835 1339 3915 depono
1360 3837 1445 3914 inpo-

226 4037 318 4088 lhaec
337 4054 406 4087 corr.
427 4054 473 4087 nee
486 4039 511 4088 B
581 4039 639 4086 tin
659 4037 721 4087 fibro
742 4040 749 4087 1
768 4036 854 4103 serm]
877 4039 901 4099 6,
921 4039 970 4089 125
1039 4038 1079 4088 51
1099 4053 1158 4088 vero
1177 4049 1235 4089 ante
1254 4037 1296 4104 vo]
1316 4041 1400 4090 Prisc.
1421 4042 1439 4094 1.

157 4104 221 4169 Xp.
243 4109 301 4169 atto,
321 4110 335 4156 1
407 4111 422 4158 7
441 4109 506 4157 colai
526 4113 606 4171 (corr.
626 4109 661 4159 at.
680 4123 711 4160 m,
730 4108 817 4168 caluit)
837 4118 932 4171 ratnsq.
952 4110 1055 4157 retentis
1074 4124 1105 4157 ne
1123 4111 1221 4159 somnio
1239 4111 1379 4174 (superarer.
1398 4110 1440 4172 os)

157 4178 299 4226 tenderetur
317 4178 444 4228 thesauris
463 4182 544 4240 (corr.
562 4176 631 4239 aus)
650 4176 675 4225 B
692 4177 828 4226 cairairatus
847 4181 860 4227 e
880 4193 985 4241 querere
1009 4178 1081 4228 tectis
1100 4194 1130 4227 ne
1152 4195 1256 4231 asomno
1279 4180 1440 4245 portenderet

158 4245 290 4296 thesauros
308 4248 468 4297 tcaluiratus
486 4264 510 4310 q,
529 4250 575 4296 rite
595 4251 669 4296 textis
688 4249 756 4295 netui
776 4250 873 4296 somnio
892 4248 1024 4312 portendet
1042 4249 1123 4311 (corr.
1138 4251 1264 4314 deretur)
1280 4249 1444 4310 thesaurus!

208 4317 272 4365 extis
287 4333 317 4365 au
336 4320 437 4367 Pextis
450 4333 507 4367 num
521 4319 630 4367 editores
643 4317 759 4366 Sallustii
804 4316 1011 4383 9deponentium
1024 4322 1108 4369 ΜΡ
1155 4321 1188 4371 10
1200 4320 1355 4386 respondens
1368 4332 1436 4367 corr.

155 4385 211 4433 -det
223 4387 248 4435 B
262 4387 418 4452 respondens
430 4397 454 4435 et
469 4389 494 4436 P
529 4387 559 4436 ll
576 4399 613 4436 est
625 4403 670 4436 om.
683 4388 706 4435 P
749 4386 780 4437 13
794 4402 842 4436 uon
855 4389 1018 4437 inueniuntur
1030 4402 1048 4443 ς
1060 4404 1109 4438 non
1123 4391 1251 4439 inuenitur
1261 4388 1286 4436 P
1292 4402 1341 4437 non
1352 4388 1437 4435 inueni

157 4454 182 4503 B
235 4456 266 4505 14
284 4456 342 4506 faxo
355 4459 421 4506 enim
442 4457 507 4505 faxis
526 4457 677 4507 defectiunm
696 4465 734 4504 est
753 4457 827 4505 nexis
845 4458 911 4505 enim
931 4466 1023 4505 ettam
1042 4471 1120 4508 nexas
1133 4459 1226 4508 Pfaxo
1245 4461 1268 4506 is
1283 4456 1437 4506 defectiunm

155 4533 239 4590 tamen
260 4527 398 4591 (strperser.
419 4526 490 4574 nexis
507 4527 574 4575 enim
594 4528 631 4591 et)
650 4541 728 4575 nexae
746 4526 772 4574 B
792 4527 850 4575 faxo
868 4525 1022 4575 defectiunm
1041 4541 1107 4576 nexo
1126 4530 1192 4576 enim
1209 4528 1258 4574 tam
1278 4533 1387 4576 trexast

156 4593 232 4662 nexo]
255 4596 339 4649 Prisc.
356 4600 373 4646 1.
392 4595 424 4643 tx
440 4610 466 4658 p.
486 4594 547 4657 toa,
568 4598 608 4647 1⁶2.
626 4600 641 4645 f.
663 4596 730 4658 Xp.
751 4594 841 4654 atel
932 4596 964 4646 lt
983 4597 1105 4662 Virgilius
1122 4599 1240 4652 inve:
1258 4597 1323 4646 Aen.
1346 4593 1437 4646 Vm

226 4665 257 4716 16
272 4668 298 4714 in
316 4665 440 4730 deiphebo
458 4678 504 4712 nos
525 4665 567 4726 Pr
579 4666 637 4715 inde
656 4665 800 4729 inphobano
819 4668 889 4714 sinos
909 4680 955 4715 nos
974 4674 985 4714 t
1054 4667 1085 4716 l't
1105 4667 1265 4731 arripimust
1316 4666 1436 4715 omnihus

156 4736 270 4784 manibus
287 4738 396 4785 manicas
415 4737 451 4784 Pt
466 4735 581 4783 omnibus
600 4738 711 4784 manicas
725 4734 773 4797 Bs
819 4736 851 4785 111
872 4734 931 4785 ticet
947 4736 1023 4785 nexui
1040 4737 1081 4787 Bt
1129 4736 1164 4785 ad
1182 4736 1260 4800 pexui
1276 4745 1360 4800 potest
1378 4749 1436 4784 esse

156 4803 370 4871 inxorBtpexi
388 4807 412 4853 in
430 4804 511 4852 xorP
552 4804 583 4854 21
598 4808 667 4854 rixor
682 4806 761 4854 trixor
776 4806 945 4870 amplexorP
995 4805 1246 4870 26sofeutiuugiB
1288 4800 1433 4869 waifero]

155 4875 241 4925 aufero
256 4877 281 4925 B
331 4873 461 4940 proturbo]
480 4874 625 4939 perturbor
677 4875 711 4926 30
729 4877 859 4926 conscribo
876 4894 922 4927 om.
943 4877 967 4926 P
1017 4877 1052 4928 33
1070 4879 1170 4942 depono
1188 4877 1281 4941 inpono
1299 4876 1390 4927 ΜΡ
