3382 5498
249 361 314 426 294
630 418 638 439 ,
818 365 970 427 ΡΟΜΡΕΙΙ

275 487 297 528 p.
311 475 399 514 110-12
414 471 436 511 l..

335 553 526 624 Pleouasmos
549 551 741 630 perissologia
765 553 944 632 macrologia
968 562 997 614 et
1019 552 1188 630 tautologia,
1211 568 1304 631 paene
1327 569 1385 611 una
1407 551 1483 610 ratio
1499 557 1545 610 est
1620 611 1624 618 ,

250 659 280 717 in
304 655 456 717 omnibus:
490 654 677 734 pleonasmos
704 655 900 735 perissologia
927 654 1106 733 macrologia
1134 662 1162 714 et
1191 651 1365 730 tautologia,
1393 653 1444 713 isti
1467 654 1544 732 tropi

252 758 288 818 de
310 777 341 818 se
363 756 504 836 pendent.
535 754 723 835 pleonasmos
744 767 788 819 est
810 759 840 818 in
863 758 964 826 verbo,
987 756 1180 838 perissologia
1196 757 1227 817 in
1243 773 1348 825 sensu,
1365 753 1544 832 macrologia

251 863 280 922 io
304 869 438 939 utroque.
484 857 672 938 pleonasmos
695 868 747 928 est,
771 859 889 937 quando
913 859 986 921 dicis
1013 858 1125 921 ‘oeulis
1154 858 1246 927 vidi';
1279 852 1471 938 superllluum
1500 865 1547 918 est

250 965 359 1024 oeulis:
381 960 552 1024 abundabat
575 963 654 1022 enirn
677 961 748 1021 vidi:
773 960 859 1022 aliter
876 962 954 1022 enim
970 962 1071 1023 videre
1086 979 1145 1022 non
1167 968 1294 1041 poterat.
1324 959 1571 1040 ‘vocemquet

251 1065 307 1125 lris
330 1063 485 1125 auribus
508 1063 646 1124 bausi’:
678 1062 764 1124 aliter
787 1065 866 1124 enirn
890 1083 950 1124 nen
973 1065 1080 1144 potuit.
1124 1063 1181 1124 boc
1210 1064 1311 1124 vitium
1334 1061 1441 1124 dicitur
1462 1060 1544 1146 pleo·
1571 1085 1576 1100 ι

252 1185 381 1229 nasmes.
424 1162 618 1246 perissologia
642 1164 750 1225 dicitur
771 1167 802 1224 io
824 1184 931 1237 sensu,
955 1173 1025 1245 puta

403 1268 486 1329 ibant
509 1286 567 1347 qua
589 1275 735 1347 poterant,
761 1286 818 1347 qua
842 1286 902 1328 nen
924 1264 1064 1346 poterant
1085 1286 1145 1330 nou
1166 1267 1262 1329 ibant:

251 1372 308 1432 boc
330 1371 521 1432 manifestum
544 1376 602 1429 est:
627 1387 695 1430 nam
719 1370 743 1429 si
765 1368 815 1432 illa
837 1376 930 1449 parte,
955 1388 1011 1450 qua
1035 1388 1094 1431 non
1117 1377 1264 1451 poterant,
1289 1387 1347 1429 uuo
1370 1368 1461 1439 ibant,
1489 1370 1545 1429 nti-

252 1492 310 1551 que
333 1472 424 1534 altera
447 1491 516 1552 pars
538 1478 630 1532 vacat.
661 1471 786 1531 ‘occidit
807 1469 890 1531 illum
914 1489 1002 1549 quem
1023 1474 1127 1552 potuit,
1151 1491 1211 1533 uun
1234 1470 1342 1533 occidit
1358 1469 1440 1532 illum
1457 1488 1545 1551 quem
1561 1497 1587 1535 ιο

199 1643 200 1646 ¹
254 1595 313 1637 non
335 1576 465 1656 potuit':
489 1572 546 1634 boc
568 1572 658 1633 babet
680 1575 825 1634 rationem
848 1591 931 1634 suam
953 1593 1008 1653 per
1031 1593 1119 1636 unam
1142 1582 1271 1655 partem,
1297 1593 1350 1654 per
1371 1572 1457 1635 aliam
1473 1572 1547 1633 stul·

254 1688 314 1740 tum
334 1686 388 1738 est.
419 1674 513 1736 habes
529 1678 616 1736 etiam
633 1677 664 1736 in
680 1673 823 1736 Cicerone
846 1675 922 1735 ‘res
944 1684 1025 1738 erat
1047 1675 1290 1756 praetoribus
1314 1675 1404 1736 solis
1426 1677 1546 1743 nota’;

253 1779 302 1840 illa
324 1798 393 1859 pars
415 1777 565 1858 superflua
588 1786 641 1846 est,
664 1776 930 1856 ‘ignorabatur
952 1796 968 1838 a
991 1781 1158 1839 ceteris'.
1195 1776 1374 1856 macrologia
1396 1785 1451 1848 est,
1474 1794 1548 1856 quo-

254 1884 331 1942 tiens
360 1889 389 1941 et
420 1881 508 1941 verba
537 1879 725 1960 superlluont
753 1887 782 1939 et
816 1898 936 1949 sensus,
971 1880 1108 1959 ‘legati
1136 1899 1205 1942 nen
1239 1882 1426 1959 inpetrata
1458 1896 1549 1959 pace

254 1992 372 2052 retro,
401 1982 497 2043 unde
525 1989 724 2051 venerant,
755 1980 894 2042 domum
925 1984 1091 2060 regressi
1118 1986 1232 2044 sunt'.
1277 1981 1445 2043 abundabat
1467 1983 1589 2044 eoimrs

255 2085 354 2146 dicere
376 2083 485 2163 ‘legati
507 2103 567 2144 non
589 2086 735 2163 inpetrata
758 2102 831 2162 pace
853 2086 984 2162 regressi
1007 2088 1103 2145 suot’.
1137 2084 1208 2164 quid
1231 2103 1307 2164 opus
1329 2085 1426 2145 luerat
1448 2084 1549 2145 dicere

255 2187 398 2265 ‘regressi
415 2186 495 2248 unde
510 2187 682 2247 venerant'l
703 2205 760 2266 quo
777 2187 905 2265 regressi
920 2188 1008 2246 suot?
1024 2186 1154 2250 demoni.
1179 2187 1258 2248 unde
1272 2189 1433 2247 veneranti
1450 2185 1548 2246 domo.

255 2287 424 2350 abundabat
447 2286 548 2349 dicere
570 2289 698 2366 regressi
721 2295 799 2348 sunt.
829 2288 860 2348 in
877 2306 912 2348 ee
928 2288 1006 2366 quod
1022 2287 1138 2350 dixerat
1153 2290 1283 2368 regressi
1298 2298 1366 2350 suot
1380 2291 1437 2349 iaru
1454 2296 1548 2349 tetum

254 2390 326 2452 illud
339 2388 507 2451 tenebatur.
530 2391 585 2450 ista
603 2388 780 2469 macrologia
798 2390 916 2451 dicitur.
939 2389 1099 2470 tautologia
1115 2400 1161 2453 est
1176 2391 1307 2452 eiusdem
1324 2389 1406 2451 verbi
1420 2391 1547 2451 iteratio.

255 2493 431 2573 plerumque
446 2500 570 2572 propter
585 2491 731 2553 clausulas
746 2493 859 2553 iaciunt
874 2491 930 2552 boc
945 2492 1121 2564 scholastici,
1140 2491 1143 2573 l
1157 2503 1228 2573 puta
1245 2494 1312 2572 ‘ego
1330 2493 1455 2573 perleci’
1472 2491 1548 2553 mala
1563 2515 1591 2554 ιο

256 2593 388 2656 clausula
412 2601 469 2663 est;
493 2593 536 2654 illi
558 2594 671 2674 addunt
694 2604 723 2656 et
745 2594 847 2655 dicunt
862 2594 992 2673 ‘egomet
1013 2596 1077 2674 ipse
1099 2597 1231 2676 perleci’.
1264 2595 1334 2674 quid
1357 2614 1433 2675 opus
1454 2595 1551 2655 luerat

257 2707 289 2759 ut
311 2696 437 2758 adderes
459 2695 547 2767 illud,
581 2707 613 2757 ot
641 2698 728 2757 etiam
759 2703 886 2757 metrum
909 2696 1039 2758 laceret?
1076 2699 1131 2759 ista
1160 2699 1299 2759 dicuntur
1322 2706 1447 2778 propter
1469 2696 1549 2759 clau·

256 2799 362 2861 sulam.
399 2807 532 2859 ceterum
555 2808 697 2876 quantum
720 2798 756 2859 ad
779 2800 925 2859 rationem
947 2801 1087 2878 pertinet,
1111 2799 1183 2861 nibil
1205 2801 1386 2878 signilicaut;
1405 2799 1483 2876 'erge
1498 2798 1550 2859 ad·

257 2905 343 2964 iectio
367 2911 412 2963 est
434 2920 471 2962 ex
492 2901 644 2979 superfluo
667 2902 770 2980 posita.

342 3004 467 3083 Eelipsis
491 3012 536 3063 est
558 3004 690 3063 delectus
712 3001 846 3082 quidam,
878 3011 947 3082 puta
975 3005 1001 3064 si
1024 3004 1105 3064 dicas
1132 3003 1222 3065 ‘baec
1245 3010 1379 3065 secum’:
1408 3002 1549 3064 subaudi·
1563 3027 1591 3066 as

258 3127 324 3169 ιιιιιιΙ
348 3108 427 3166 enim
449 3105 569 3184 aliquid,
593 3103 779 3185 loquebatur,
804 3105 959 3182 cogitabat,
984 3105 1136 3167 tractabat.

341 3208 497 3288 Tapiuosis
527 3216 570 3267 est
603 3209 648 3268 rei
677 3225 801 3285 magnae
830 3206 951 3269 humilis
981 3210 1142 3288 expositio,
1178 3212 1203 3269 si
1232 3209 1311 3270 dicas
1345 3208 1550 3270 ‘iaciebantur

258 3311 368 3372 classes
397 3311 523 3370 maxime
551 3328 606 3391 per
628 3311 803 3388 gurgitcm’.
848 3308 905 3370 lroc
934 3330 992 3370 rroo
1023 3320 1067 3371 est
1095 3330 1212 3373 rerum:
1250 3314 1397 3390 gurgitem
1426 3311 1552 3372 dicimus

257 3415 288 3473 io
311 3413 400 3474 lluvio
422 3411 521 3471 lecum
544 3411 637 3472 altum
659 3410 803 3491 aliquem:
828 3414 971 3492 tapinosis
994 3421 1048 3473 est.
1093 3422 1145 3474 aut
1166 3421 1248 3474 certe
1596 3486 1599 3490 Δ

917 3508 1146 3594 penitusque
1169 3534 1348 3577 cavernas
1565 3540 1593 3579 ao

411 3618 583 3694 ingentes
604 3625 826 3696 uterumque
849 3624 989 3678 armato
1012 3617 1134 3678 milite
1157 3618 1349 3696 conplent:

260 3727 372 3781 armate
395 3716 502 3786 utilite,
526 3717 555 3778 id
579 3727 624 3779 est
652 3718 743 3780 multa
765 3718 896 3797 legione,
920 3719 1108 3799 inpleverunt
1130 3739 1281 3781 cavernas.
1311 3741 1361 3781 res
1376 3723 1432 3781 ista
1447 3739 1553 3799 magna

260 3820 378 3901 quidem
402 3829 455 3889 est,
480 3819 531 3880 sed
554 3818 706 3881 humiliter
730 3839 880 3899 expressa.
924 3820 1012 3901 plane
1040 3839 1128 3899 quem
1160 3823 1196 3882 ad
1228 3822 1357 3884 modum
1373 3823 1500 3882 elisimus
1522 3823 1553 3883 in

261 3922 399 4001 Vergilio,
424 3924 467 3982 sic
489 3922 628 4001 ponenda
650 3930 720 3983 sunt
741 3923 812 3991 ista,
837 3932 869 3983 ut
891 3925 1037 4003 accipiant
1059 3925 1188 4004 epitheta
1211 3927 1336 3995 maiora,
1366 3933 1398 3984 ut
1426 3926 1468 3987 sic
1491 3924 1553 3986 ele·

329 4144 445 4193 tecutis
464 4145 529 4193 meis
548 4144 638 4193 uidiC
684 4143 859 4193 beculisera.
880 4143 956 4195 BOS
977 4196 988 4217 l
1008 4144 1159 4196 abondatB
1213 4145 1360 4211 vocemque]
1387 4148 1467 4212 Verp.
1485 4147 1551 4200 Aen.

262 4217 304 4267 llll
322 4213 373 4266 359
427 4215 444 4264 li
460 4215 534 4263 aliter
549 4216 615 4262 enim
632 4227 682 4261 nnn
701 4215 781 4279 potuit
796 4212 816 4262 S
830 4214 903 4264 aliter
922 4216 988 4264 euim
1001 4224 1106 4280 ,poterut
1122 4216 1143 4267 0
1157 4217 1230 4266 aliter
1246 4219 1312 4266 enim
1330 4217 1431 4281 (audire
1447 4218 1509 4269 odd.
1523 4217 1553 4279 b)

262 4287 343 4353 potuit
362 4285 387 4335 B
406 4285 527 4346 numquid
542 4284 614 4333 aliter
626 4284 707 4348 potuit
723 4285 744 4331 P
795 4283 909 4352 8ibaot]
931 4286 965 4346 cs.
984 4285 1082 4336 Olearia.
1097 4304 1125 4351 p.
1142 4288 1203 4349 ²71,
1216 4288 1251 4337 10
1304 4287 1335 4336 ta
1354 4303 1394 4336 res
1413 4298 1466 4337 erat
1480 4303 1555 4353 prae·

262 4358 359 4407 toribus
378 4355 440 4404 solis
459 4363 519 4403 nota
534 4353 617 4402 luerat
635 4352 673 4404 1³.-
692 4353 743 4403 Cic.
761 4356 787 4404 in
802 4355 877 4407 catil.
894 4355 928 4404 lll
942 4355 998 4417 2,6
1058 4357 1090 4408 14
1110 4367 1136 4406 ιιι
1154 4357 1229 4423 legati
1243 4357 1274 4406 0:
1290 4358 1324 4418 es.
1336 4358 1434 4407 Ultoris.
1448 4375 1476 4422 p.
1491 4359 1553 4417 271.

262 4424 393 4490 13.Serp.
415 4426 520 4488 explan.
541 4425 566 4473 in
584 4425 648 4472 Dea.
663 4423 760 4488 aaut
824 4424 854 4476 15
873 4434 989 4474 retro—
1009 4425 1174 4480 domomum.
1197 4427 1340 4485 G.odd.c
1390 4439 1512 4478 uenerant
1532 4434 1557 4481 P

261 4505 386 4547 uenerunt
404 4493 473 4544 use
544 4494 640 4542 reuersi
659 4504 717 4543 sunt
736 4493 760 4542 B
830 4495 1101 4562 abundabat—paee
1119 4497 1231 4562 regressi
1248 4506 1307 4547 siant
1323 4499 1404 4551 orac
1473 4499 1553 4565 enim]

262 4567 309 4615 boc
329 4564 391 4624 BS,
410 4579 456 4614 ora.
478 4566 502 4614 P
589 4564 619 4613 li
641 4573 765 4613 uenerunt
785 4565 873 4627 priore
893 4562 982 4617 loceS
1068 4565 1155 4634 demo]
1181 4567 1285 4616 domurn
1303 4567 1377 4619 Bes
1463 4571 1496 4618 24
1516 4581 1555 4620 eat

262 4636 306 4684 sed
326 4650 358 4684 ex
375 4633 571 4699 supcrllquP
639 4635 672 4683 27
691 4635 928 4686 iactabantclasses
946 4637 1083 4686 maximam
1102 4654 1148 4703 per
1166 4639 1294 4702 gurgitem
1314 4640 1339 4687 P
1389 4638 1423 4688 30
1440 4642 1554 4704 penitus-

262 4702 321 4770 que]
347 4706 425 4769 Verg.
444 4705 509 4755 Aen.
528 4703 549 4752 ll
565 4703 596 4754 19
649 4702 680 4754 31
703 4707 907 4768 utrorumqoeC
957 4707 1076 4771 couplent
1093 4707 1173 4756 idest
1192 4707 1294 4756 multam
1314 4708 1440 4773 legionem
1457 4719 1555 4759 armato

263 4774 341 4824 milite
365 4775 483 4838 conplent
502 4787 623 4825 canemus
642 4775 667 4822 P
690 4774 825 4840 complent*
840 4775 866 4823 id
890 4783 929 4824 est
947 4776 1025 4825 molta
1045 4777 1144 4841 legione
1163 4787 1259 4826 armato
1277 4778 1356 4826 milite
1377 4779 1504 4844 complent
1527 4781 1556 4829 id

263 4855 301 4894 est
324 4844 401 4894 multa
419 4845 522 4910 legione
539 4852 635 4894 armate
653 4841 870 4911 (armatoruij)
889 4843 968 4895 milite
985 4846 1154 4913 impleuerant
1172 4861 1295 4895 cauernae
1313 4847 1365 4898 BC
