3346 5498
759 405 831 467 aus
1402 401 1445 468 35

1251 523 1273 566 p.
1288 512 1345 553 moo
1358 513 1383 553 91
1397 511 1421 552 Ρ.

159 593 283 673 quidem,
295 601 329 653 ut
343 592 410 653 dico
423 593 516 653 Roma
527 591 669 672 Tiberis}
686 591 764 671 apud
780 599 897 652 veteres
912 589 984 652 baec
1000 600 1064 652 erat
1078 590 1218 653 discretio
1232 593 1311 652 inter
1326 593 1445 652 nomina

157 703 184 755 et
205 695 363 764 vocabula;
387 693 557 755 nominibus
577 712 626 754 res
647 692 792 755 animales
812 691 1051 772 appellabantur,
1074 692 1224 754 vocabulis
1239 710 1288 753 res
1302 694 1446 754 inanima·

156 795 204 857 les.
235 796 289 857 sed
311 796 368 857 hoc
390 815 464 858 usus
486 795 620 857 contudit
642 801 671 854 et
692 795 851 874 usurparit.
875 827 917 837 -
942 794 1092 855 Tarnis:
1114 796 1182 874 quia
1205 800 1345 874 quattuor
1366 794 1560 866 litte-tta,11

155 901 193 960 ris
222 902 318 961 notari
346 916 528 979 praenomen
557 896 664 966 noluit,
700 915 738 957 no
766 897 884 957 nomina
913 897 1064 957 faciamus.
1087 931 1128 941 -
1151 896 1267 957 Primae
1289 898 1447 975 positionis
1460 906 1492 956 1³

131 1004 271 1062 snomina
293 1008 364 1062 sunt
385 1018 462 1078 quae
485 997 567 1060 dedit
588 1005 702 1076 natura.
725 1032 768 1042 -
790 996 1042 1078 Appellativomm
1066 1000 1219 1059 nominum
1241 1000 1356 1079 species
1376 1006 1448 1060 suut
1460 1008 1490 1056 11

152 1105 252 1182 viginti
276 1109 399 1182 septem.
447 1099 533 1181 [item
555 1101 633 1162 aliud
656 1101 732 1161 ‘cui
754 1098 909 1161 Remulo
931 1117 1137 1178 cognomen
1160 1099 1278 1181 erat’]
1304 1135 1342 1145 —
1358 1100 1475 1161 Prae-9

152 1207 269 1265 uomina
298 1212 368 1264 sunt
394 1222 471 1284 quae
498 1211 568 1264 ante
596 1204 719 1264 nomina
745 1210 911 1280 ponuntur,
940 1203 1061 1263 nomina
1084 1209 1152 1263 sunt
1173 1204 1307 1282 propria,
1335 1219 1446 1281 cogno·

151 1315 248 1367 menta
273 1291 448 1387 l'lamiliae,
483 1313 660 1384 agnomenta
687 1304 812 1364 mrtutis.
859 1303 1013 1365 sciendum
1040 1321 1112 1364 roro
1136 1303 1214 1381 quod
1237 1302 1311 1365 baec
1332 1311 1447 1365 veteres

151 1409 272 1469 contuse
302 1408 465 1487 proferant.
518 1425 586 1468 nam
616 1414 646 1467 et
673 1407 791 1467 nomina
821 1408 997 1485 cognomina
1025 1404 1183 1479 vocabant,
1214 1411 1244 1466 et
1271 1407 1447 1484 cognomina

120 1511 271 1572 ltnonn'na
298 1508 451 1579 dicebant,
486 1508 543 1569 hoc
566 1507 716 1588 exemplo,
753 1516 785 1568 ut
815 1509 892 1568 ‘cui
923 1526 1019 1569 nunc
1049 1524 1254 1585 cognomen
1288 1506 1385 1567 lulo'
1419 1515 1449 1569 et

154 1617 303 1691 ‘magno
332 1610 534 1671 demissum
563 1629 694 1671 nomeu
717 1607 824 1669 lulo'.
870 1627 939 1684 ecce
960 1609 1050 1670 modo
1073 1628 1198 1678 nomeu,
1226 1608 1315 1670 modo
1338 1626 1448 1687 cogno·

150 1695 326 1775 mu‘diiii
350 1747 394 1758 -
416 1713 512 1774 Sunt
528 1714 669 1773 etiam:
707 1711 783 1772 sicut
809 1709 857 1771 illa
887 1713 1042 1791 superiora
1064 1710 1102 1771 ab
1124 1713 1239 1790 origine
1263 1710 1448 1772 descendunt
1461 1713 1493 1762 16

150 1811 374 1896 principalium,
398 1811 530 1875 amunte
546 1821 706 1875 montanus
721 1812 915 1882 monticulus,
939 1815 978 1873 ita
1001 1813 1076 1874 haec
1092 1814 1237 1891 originem
1252 1831 1312 1873 uon
1328 1812 1447 1884 babent,

113 1915 121 1936 ⁴
151 1917 228 1979 unde
249 1916 442 1978 descendant.
490 1934 525 1975 ex
547 1934 580 1976 se
601 1913 740 1976 ridentur
762 1934 829 1976 esse
851 1913 1038 1995 principalia,
1074 1934 1109 1975 ex
1136 1934 1169 1976 se
1191 1915 1373 1976 diminutiva.
1405 1951 1448 1962 -

121 2021 191 2079 th
212 2020 424 2080 Themisto:
464 2018 537 2078 baec
559 2017 728 2087 Themisto,
758 2018 846 2078 buius
868 2017 1053 2086 Themistus,
1082 2016 1152 2077 huic
1175 2016 1341 2087 Themisto,
1371 2018 1493 2080 hanc18

150 2121 317 2191 Themisto,
341 2118 548 2182 o'Tbemisto:
576 2121 706 2200 quinque
734 2138 819 2181 casus
846 2118 958 2180 habent
984 2118 1100 2180 Graeci.
1143 2117 1235 2180 latine
1257 2121 1296 2180 ita
1318 2119 1447 2181 declina·

150 2230 211 2292 tur,
244 2223 319 2284 baec
341 2222 510 2292 Themisto,
544 2222 631 2282 buius
654 2219 870 2290 Themistonis,
906 2228 939 2281 ut
960 2220 1062 2281 Cicero
1085 2219 1252 2292 Ciceronis,
1280 2221 1350 2283 buic
1370 2221 1447 2283 'lbe-

152 2318 285 2394 mistoai,
314 2323 391 2384 hanc
413 2324 650 2392 Themistonem,
679 2341 697 2384 o
719 2322 886 2391 Themisto,
910 2321 948 2383 ab
969 2317 984 2405 ΙΙ
1003 2321 1059 2383 hac
1080 2322 1281 2385 Themistone.
1328 2325 1370 2384 sic
1393 2324 1448 2386 Ca·

139 2411 259 2508 ly'ps‘o's
282 2427 326 2487 sie
347 2425 462 2495 llauto,
488 2423 492 2505 Ι
517 2427 560 2486 sic
582 2424 656 2486 Dido
690 2423 766 2484 hanc
794 2424 883 2485 Dido:
906 2423 1069 2503 Vergilius,
1099 2429 1153 2486 ‘ot
1183 2426 1333 2487 nomine
1357 2425 1446 2488 llido

120 2545 141 2584 ιι
152 2548 261 2610 saepe
284 2531 529 2589 vocaturum'.
545 2562 589 2572 -
599 2526 709 2615 ¹Omnia
724 2527 844 2587 nomina
859 2527 981 2606 quaein
997 2545 1036 2588 on
1051 2528 1249 2589 terminantur
1264 2528 1342 2609 apud
1355 2529 1445 2590 Grae·
1458 2540 1492 2589 eo

152 2650 200 2692 cos
234 2629 366 2710 perdunt
397 2647 416 2688 n
453 2627 587 2690 ultimam
618 2636 647 2690 et
669 2627 758 2689 latina
780 2630 869 2704 liunt,
901 2636 935 2688 ut
964 2636 1034 2708 puta
1056 2627 1181 2709 apollon
1208 2628 1279 2691 dicit
1306 2629 1446 2703 Graecus,

153 2732 273 2794 Latinus
292 2729 398 2812 Apollo
421 2730 502 2791 dicit.
523 2766 565 2775 -
588 2729 743 2810 Calypso
766 2731 859 2790 Pon:
881 2728 930 2790 hic
945 2730 1006 2791 Pan
1028 2731 1124 2792 Panos
1146 2731 1218 2793 Pani
1240 2732 1319 2794 Pana
1341 2732 1491 2802 oPau,18

151 2834 308 2896 ablativum
332 2852 392 2895 non
413 2832 504 2895 babet
525 2834 594 2911 quia
616 2850 721 2912 graeca
745 2839 790 2893 est
811 2830 978 2893 declinatio.
1023 2832 1113 2894 latine
1135 2833 1225 2895 luuus
1247 2834 1313 2897 luni
1328 2834 1445 2906 dicitur,

151 2938 180 2998 id
201 2945 246 2998 est
264 2936 379 2998 Panos:
409 2934 557 3014 Vergilius
570 2933 785 2995 *Pometios
807 2941 1046 3015 castrumque
1068 2934 1177 2996 luui'.
1223 2935 1273 2997 alii
1294 2935 1376 2998 illum
1399 2936 1446 2998 ln·

121 3038 298 3100 scubonem
322 3036 439 3107 dicunt,
463 3036 511 3097 bic
533 3035 644 3098 Incubo
667 3036 755 3099 huius
776 3035 949 3107 Incubonis,
973 3036 1043 3098 huic
1066 3036 1178 3099 lucubo
1200 3038 1280 3101 branc
1300 3037 1445 3099 lucabum

152 3139 299 3202 olneubo
322 3138 360 3199 ab
382 3139 440 3201 boc
461 3138 627 3209 Incubone,
662 3140 739 3200 sicut
759 3138 809 3199 hic
831 3137 938 3200 botruo
960 3137 1049 3200 buius
1071 3138 1225 3201 botruonis
1247 3139 1315 3200 huic
1338 3140 1445 3202 botruo

151 3242 266 3303 abhoc
290 3240 448 3302 botruone.
472 3274 513 3286 -
536 3240 579 3300 Vt
600 3238 847 3321 Polydeuces:
871 3259 993 3320 graece,
1028 3239 1118 3302 latine
1146 3240 1263 3312 Pollux,
1298 3241 1446 3323 Odysseus
1458 3254 1491 3305 19

152 3362 272 3422 graece,
300 3341 393 3403 latine
415 3341 522 3403 Vlixes.
554 3377 595 3388 -
622 3340 718 3412 Quae
746 3343 856 3404 notha
885 3340 1140 3423 appellantur:
1168 3351 1323 3423 corrupta,
1347 3343 1490 3408 mediaso

152 3448 227 3507 inter
248 3463 355 3525 graeca
379 3452 409 3505 et
430 3442 534 3514 latina,
558 3452 592 3504 ut
606 3443 723 3523 Apollo,
747 3456 780 3505 ut
791 3444 920 3506 Achilles
934 3461 998 3521 pro
1012 3443 1170 3515 Achilleus,
1193 3448 1374 3523 Agamemno
1388 3464 1444 3525 pro

122 3542 390 3628 »Agamemnoni
423 3578 466 3590 -
482 3539 585 3630 [unum
606 3544 697 3606 multa
717 3535 885 3623 significant
906 3545 980 3626 uon]
1004 3543 1097 3608 Sunt
1119 3547 1191 3609 alia
1213 3546 1488 3628 homonymam

153 3648 363 3728 homonymum
398 3656 443 3709 est
476 3648 553 3726 quod
588 3666 647 3709 una
680 3649 894 3725 significatione
917 3647 1027 3710 multos
1048 3648 1218 3711 intellectus
1239 3649 1342 3721 habet,
1377 3651 1445 3730 qma

221 3833 551 3888 conuersum-vl
570 3836 595 3889 2,
651 3835 742 3899 loput
809 3834 986 3887 sternisom.
1042 3837 1161 3887 domnio
1180 3838 1445 3889 sontem-nomine

155 3914 210 3955 mot
261 3901 406 3969 nominum]
423 3906 570 3955 nominatim
640 3902 745 3971 dsunt]
764 3920 820 3954 sum
874 3907 937 3954 aliut
1006 3907 1224 3973 icoguominata
1241 3909 1360 3961 comat.
1378 3924 1443 3958 mun.

154 3987 321 4042 cognomenta
408 3971 516 4040 8l1aec]
537 3990 583 4024 nec
668 3973 831 4025 lloomluoae
850 3975 1011 4042 praelereant
1097 3977 1130 4028 lo
1147 3976 1195 4027 hoc
1213 3978 1340 4042 exemplu'
1358 3988 1383 4027 ιιι
1402 3979 1444 4040 qui

222 4046 254 4096 12
276 4044 403 4095 decedunt
475 4046 508 4096 14
533 4044 711 4095 descendentia
735 4061 804 4097 corr.
829 4045 984 4095 descendant
1054 4044 1142 4112 exse]
1170 4063 1217 4097 exe
1235 4062 1303 4097 corr.
1322 4048 1358 4097 ul.
1378 4063 1444 4101 man.
1497 4067 1503 4076 ·

154 4128 226 4165 exse
284 4130 318 4164 ex
332 4112 372 4180 se]
389 4129 437 4164 exe
508 4114 647 4166 lblotiuus
718 4114 749 4165 17
768 4114 845 4164 huius
862 4114 1052 4167 themiatudiuis
1111 4115 1169 4166 huic
1186 4115 1359 4166 themistudlul
1378 4117 1445 4169 bunc

154 4184 361 4235 lhemiotudinem
433 4184 466 4235 18
486 4184 533 4234 hac
551 4184 734 4235 themistudine
805 4184 839 4234 20
857 4200 974 4249 quaenou
1044 4196 1106 4252 aput
1175 4187 1207 4237 21
1224 4184 1297 4253 liunt]
1318 4196 1375 4236 sunt

153 4255 187 4304 22
202 4254 310 4321 calypso
327 4254 370 4304 hic
386 4255 449 4319 petit
466 4269 547 4322 panos
565 4252 600 4317 (i)
652 4269 718 4320 pano
735 4270 749 4304 o
768 4270 836 4322 pana
889 4253 922 4305 23
939 4254 1031 4305 latinus
1049 4257 1114 4306 iulos
1129 4256 1211 4322 ipsius
1233 4258 1276 4307 det
1291 4258 1318 4307 id
1337 4267 1376 4307 est

153 4322 338 4391 ttt’omeuos]
354 4327 472 4391 panellos
523 4325 594 4375 illum
613 4325 735 4375 cabonem
792 4327 826 4376 26
843 4324 921 4374 huius
937 4341 983 4378 om.
1038 4325 1073 4377 28
1090 4335 1207 4391 correpta
1275 4327 1310 4378 29
1326 4342 1372 4394 pro
1387 4334 1447 4390 post

154 4394 265 4446 Achilles
283 4410 330 4445 on.
414 4393 449 4445 30
468 4409 514 4460 pro
532 4409 693 4460 agumuenon
769 4409 903 4457 omonyma
923 4409 1085 4460 omonymum
1171 4395 1203 4448 31
1222 4397 1375 4463 significatio

217 4551 235 4602 o
254 4548 308 4617 cni]
333 4553 412 4615 Vero.
433 4553 500 4603 Aen,
518 4549 588 4599 Vllll
607 4548 666 4601 593.
686 4553 824 4614 exemplum
837 4551 946 4615 Verpilii
959 4550 1037 4600 adea
1049 4567 1114 4616 quae
1127 4551 1197 4610 infra
1215 4568 1238 4602 o.
1253 4551 1295 4603 10.
1314 4551 1445 4612 adscripta

151 4629 208 4671 sut
219 4622 333 4684 pertinet
405 4618 437 4671 10
455 4620 495 4669 cui
513 4613 590 4684 nunc]
616 4621 695 4685 Verp.
713 4621 778 4670 Aen.
800 4623 805 4668 Ι
826 4620 876 4670 267
950 4620 979 4671 ll
999 4619 1105 4687 magno]
1130 4623 1208 4687 Verp.
1226 4623 1290 4672 Aen.
1314 4619 1393 4670 1288

153 4692 183 4743 12
194 4690 358 4741 descendunt
378 4690 512 4740 Putecdim
569 4689 602 4741 19
620 4688 760 4764 Yergilius]
786 4692 865 4753 Verp.
884 4690 950 4739 Aen.
972 4690 1016 4739 llll
1034 4689 1085 4741 383
1146 4692 1180 4743 23
1199 4693 1276 4742 latine
1296 4691 1372 4738 luurm
1390 4690 1444 4739 luni

150 4761 283 4811 Pmoda'n
371 4760 406 4810 24
422 4759 563 4825 Vergilius]
588 4761 667 4824 Verp.
685 4764 749 4810 Aeo.
771 4761 802 4809 Vl
818 4759 869 4810 776
958 4759 991 4809 25
1006 4759 1065 4811 huic
1086 4762 1178 4812 lucubo
1195 4761 1261 4811 harno
1278 4759 1400 4809 lncobum
1419 4767 1446 4811 et

151 4829 208 4881 boio
224 4831 320 4881 botruo
333 4832 372 4880 aio
386 4835 414 4878 ut
428 4831 454 4879 in
471 4829 556 4880 codice
572 4832 671 4894 scripta
690 4839 747 4880 sunt
765 4832 863 4896 reliprd.
886 4845 941 4880 nam
957 4829 1005 4880 boo
1018 4832 1134 4884 doceam
1150 4834 1249 4883 uidetur
1259 4831 1444 4896 promendam,

151 4899 189 4954 laic
201 4900 300 4954 incubo
320 4905 347 4953 et
362 4898 405 4951 bio
423 4899 530 4951 incubus
547 4899 607 4964 diei,
624 4902 688 4953 aiom
704 4899 745 4952 hio
764 4901 853 4952 botruo
871 4907 896 4952 et
913 4900 954 4952 hio
971 4901 1076 4956 holmus

1196 4982 1243 5054 31
