3346 5498
228 423 291 486 620
778 424 958 487 oaeneon

254 531 421 592 permeare.

228 616 289 673 siva
317 612 353 672 de
381 614 485 671 activis
512 615 552 672 ita
580 614 760 681 formantur,
789 621 830 681 ut,
854 613 967 690 primae
996 628 1138 688 personae
1162 611 1273 669 activae
1296 611 1321 669 si
1344 608 1433 669 addas
1457 627 1521 687 μαι

227 713 377 793 syllabam,
400 716 548 792 passivum
571 716 703 777 eiusdem
726 715 869 793 temporis
891 713 991 782 iacias,
1016 706 1076 773 ἐὰν
1089 710 1174 772 ποιῶ
1189 706 1250 772 ἐὰν
1271 709 1415 789 ποιῶμαι
1439 701 1522 788 [ἐὰν

227 812 398 895 πεποιήκω
422 809 481 876 ἐὰν
501 813 760 897 πεποιήκωμαι],
785 807 845 875 ἐὰν
867 810 996 894 ποιήσω
1020 807 1080 875 ἐὰν
1102 807 1301 893 ποιήσωμαι.
1339 814 1410 872 item
1426 813 1520 872 activi

227 921 313 979 tertia
336 918 464 978 secunda
487 919 593 997 passivi
617 926 670 988 est,
695 910 756 979 ἐὰν
778 915 864 976 ποιῶ
887 909 947 977 ἐὰν
969 913 1066 996 ποιῇς
1089 908 1150 977 ἐὰν
1172 913 1263 995 ποιῇ,
1287 907 1348 975 ἐὰν
1369 912 1521 992 ποιῶμαι

227 1013 287 1080 ἐὰν
309 1018 397 1100 ποιῇ.
443 1019 515 1080 haec
538 1020 641 1080 eadem
664 1022 752 1080 activi
775 1020 864 1079 tertia
887 1018 985 1078 addita
1008 1016 1068 1078 sibi
1091 1037 1144 1077 we
1167 1015 1276 1096 syllaba
1292 1018 1437 1095 passivam
1453 1023 1550 1085 ter-5

226 1124 295 1182 tiam
319 1124 399 1190 lacit,
425 1114 485 1181 ἐὰν
507 1120 587 1203 ποιῇ
610 1113 672 1182 ἐὰν
693 1120 837 1199 ποιῆται.
882 1120 987 1181 Graeci
1010 1121 1040 1179 in
1063 1121 1252 1179 coniunctivo
1273 1119 1360 1179 ruodo
1381 1128 1521 1195 tempora

227 1221 296 1284 bina
323 1225 515 1300 coniungunt.
560 1225 715 1302 proprium
743 1222 915 1282 Latinorum
943 1228 989 1280 est
1015 1229 1048 1280 ut
1073 1221 1160 1281 modo
1183 1221 1340 1281 indicativa
1368 1238 1421 1298 pro
1444 1237 1521 1279 eon·

225 1327 378 1394 iunctivis,
418 1324 505 1384 modo
538 1325 723 1385 coniunctim
756 1342 811 1402 pro
838 1322 1008 1383 indicatiris
1034 1331 1160 1402 ponant:
1190 1322 1295 1384 Cicero
1329 1322 1363 1381 de
1396 1319 1521 1398 legibus

226 1429 312 1488 tertio
336 1429 415 1505 ‘qui
438 1427 579 1505 peterit
603 1428 726 1485 socios
747 1427 864 1485 tueri'
888 1447 907 1482 e
937 1424 1014 1484 idern
1038 1423 1143 1485 Cicero
1170 1426 1202 1484 in
1225 1424 1380 1502 primodo
1403 1443 1436 1484 re
1460 1443 1520 1502 pu-

227 1529 301 1589 bliea
330 1526 516 1587 ‘libenter
544 1526 630 1596 tibi,
665 1526 784 1595 Laeli,
820 1528 875 1587 uti
904 1543 982 1586 eum
1012 1525 1208 1586 desideras
1236 1525 1403 1606 equidem
1432 1543 1565 1599 eon-10

226 1631 405 1689 cessero'.

121 1741 167 1786 aar
181 1739 212 1785 v.
312 1732 352 1790 lle
376 1733 505 1808 optativo
527 1732 624 1791 modo.
656 1730 691 1790 de
716 1731 769 1789 lioe
792 1728 878 1789 inodo
900 1733 1034 1809 quaestio
1056 1749 1161 1807 graeca
1185 1732 1355 1809 praecessit,
1379 1733 1403 1788 si
1429 1745 1520 1808 prae·

227 1836 348 1893 teritum
372 1841 488 1911 temrpus
517 1834 609 1910 possit
633 1831 637 1911 l
661 1832 833 1897 admittere,
858 1850 925 1890 cum
947 1840 1013 1891 vota
1040 1850 1096 1910 pro
1118 1832 1207 1891 resbais
1236 1840 1286 1891 aiut
1307 1831 1522 1909 praesentibus

226 1944 275 1995 aut
301 1936 412 1993 l'uturis
440 1934 553 1993 soleant
581 1935 699 2011 agitari,
730 1952 785 1993 nec
813 1935 842 1991 in
871 1935 1001 2011 speciem
1023 1918 1138 2011 possint
1165 1940 1342 2023 transactam
1366 1936 1521 2001 revocari:

226 2039 505 2115 pronuntiatumque
529 2044 575 2095 est
597 2036 791 2113 praeteritum
813 2053 929 2115 quoque
953 2042 1068 2114 tempus
1083 2038 1195 2114 optanti
1211 2037 1421 2104 necessarium,
1445 2039 1521 2114 quia
1540 2069 1567 2106 ra

226 2158 313 2217 saepe
336 2141 366 2197 in
388 2137 558 2216 longinquis
581 2138 653 2216 quid
674 2139 806 2196 evenerit
829 2139 994 2197 nescientes
1017 2146 1153 2215 epotantes
1174 2138 1306 2197 evenisse
1329 2136 1405 2215 quod
1429 2137 1524 2198 nobis

226 2240 401 2300 eorrnnodet.
431 2242 482 2317 qui
506 2241 586 2298 enim
602 2238 787 2318 Olympiacae
812 2240 924 2317 palmae
947 2239 1128 2299 desiderium
1155 2238 1258 2297 lrabuit
1286 2239 1362 2297 donni
1381 2240 1525 2299 residens

227 2344 304 2419 ipse,
340 2349 483 2400 certatum
512 2358 603 2418 equos
629 2358 793 2401 suescunt
821 2343 975 2418 aurigante.
1006 2341 1066 2401 lilio
1088 2342 1184 2402 misit.
1216 2348 1363 2399 transacto
1386 2343 1445 2400 iam
1469 2342 1523 2401 die

225 2445 275 2521 qui
299 2445 453 2502 certamini
483 2451 576 2509 status
599 2450 657 2512 est,
682 2445 793 2503 exitum
822 2443 917 2502 adlruc
941 2444 1076 2502 nesciens
1103 2449 1133 2501 et
1161 2442 1342 2502 desiderium
1364 2445 1442 2502 retis
1466 2445 1522 2503 ad·

226 2548 337 2610 iurans,
361 2545 431 2622 quid
456 2544 534 2603 aliud
557 2544 656 2603 dicere
680 2545 895 2604 existimandus
917 2554 961 2605 est
984 2564 1071 2624 quam
1101 2537 1213 2604 eliisei
1242 2538 1313 2615 υἱός
1334 2562 1400 2623 μου
1423 2563 1565 2615 esve-20

226 2643 339 2725 squeri
385 2647 457 2706 llaec
480 2657 510 2706 et
531 2647 664 2724 quaestio
686 2655 716 2705 et
737 2647 845 2706 solutio
867 2665 935 2707 eum
958 2647 1102 2706 latinitate
1125 2648 1291 2705 communis
1313 2653 1367 2709 est.
1391 2649 1460 2724 quia
1487 2651 1521 2707 in

225 2767 311 2808 causa
342 2751 405 2826 pari
434 2749 506 2807 haee
530 2767 584 2808 seer
613 2767 676 2808 esse
701 2747 825 2809 deberet
853 2750 993 2828 optantis,
1018 2749 1146 2808 ‘utinam
1171 2747 1248 2808 lilius
1276 2765 1358 2806 rneus
1381 2748 1521 2808 vicerit'.

225 2850 275 2909 sed
305 2853 364 2909 rari
389 2850 545 2909 latinarum
575 2852 683 2910 artium
714 2859 848 2909 numeres
872 2850 1055 2910 admiserunt
1084 2853 1114 2909 in
1137 2852 1265 2928 optative
1287 2848 1522 2912 declinationem

225 2942 378 3029 praeteriti
407 2953 548 3028 perlecti,
573 2951 683 3010 utinam
712 2954 845 3011 vicerim.
891 2946 923 3011 in'
950 2952 1006 3012 hoe
1034 2954 1113 3012 onim
1143 2953 1229 3011 niodo
1251 2951 1347 3011 Latini
1381 2958 1521 3029 tempora

224 3053 405 3117 Graecorum
421 3071 501 3111 neore
516 3054 708 3128 coniungunt,
724 3055 922 3132 inperfectum
935 3072 1002 3113 cum
1016 3055 1174 3132 praesenti,
1191 3053 1520 3131 plusquamperfectum
1536 3092 1566 3129 Ἠ,

224 3173 290 3213 cum
313 3155 457 3233 perlecto,
483 3164 512 3212 et
535 3154 590 3213 hoc
607 3154 761 3230 adsignant
777 3154 891 3215 «luobus
908 3153 1162 3223 antecedentibus,
1187 3154 1264 3234 quod
1280 3156 1310 3213 in
1326 3155 1521 3215 coniunctim
1571 3214 1574 3220 ,

225 3257 377 3335 praeteriti
401 3257 559 3335 inperfecti
583 3258 654 3324 latit,
684 3258 794 3315 retinam
818 3256 963 3333 legerem.
988 3258 1043 3316 hoc
1065 3254 1180 3316 duobus
1202 3254 1404 3336 sequentibus,
1436 3258 1521 3333 (quod

224 3361 253 3418 in
277 3358 463 3418 coniunctim
492 3358 773 3436 pileisquamperleeti
802 3358 870 3426 luit,
907 3360 1020 3417 utinam
1049 3359 1202 3434 legissem,
1237 3367 1266 3418 et
1293 3358 1347 3418 lieo
1376 3357 1445 3416 ‹laut
1470 3361 1521 3418 lu-

224 3470 303 3524 turo,
327 3460 406 3538 quod
428 3459 532 3520 lraltuit
555 3461 762 3542 ceirriunctirus
784 3462 960 3537 praesentis,
984 3462 1098 3520 utinam
1121 3462 1225 3538 legam.
1255 3468 1322 3520 sunt
1340 3468 1437 3519 tamen
1464 3466 1519 3540 qui

225 3565 254 3620 in
284 3564 446 3639 praeterito
482 3563 614 3641 perlecto
642 3561 848 3639 athariescant,
878 3564 989 3621 trtinam
1022 3562 1159 3638 legerim,
1195 3580 1320 3641 (pirorum
1351 3565 1522 3621 sententiae
1539 3602 1569 3637 ,ω

224 3682 330 3740 graeca
354 3665 439 3731 ratio,
463 3682 550 3742 quam
573 3681 662 3741 supra
686 3663 822 3731 diximus,
848 3663 1020 3740 opitulatur,
1049 3666 1079 3724 in
1103 3681 1211 3741 graeco
1234 3665 1362 3741 optativo
1384 3680 1461 3739 quae
1488 3669 1523 3726 in

224 3784 260 3842 μι
283 3775 392 3825 texttttttl
414 3767 507 3823 activa
532 3773 642 3824 tantum
665 3776 748 3833 sunt,
777 3782 852 3842 equae
882 3766 912 3823 in
939 3785 1005 3844 μην
1033 3767 1147 3844 passiva
1176 3773 1288 3825 tautum
1317 3763 1361 3822 vel
1389 3768 1526 3840 passivis

225 3867 350 3933 similia,
381 3861 508 3944 λέγοιμι
538 3864 707 3944 λεγοίμην,
753 3865 804 3923 sed
833 3884 907 3944 quae
930 3869 962 3926 iu
985 3886 1028 3944 ην
1061 3875 1170 3926 exeunt
1204 3865 1398 3945 praecedente
1422 3870 1524 3931 recall

225 3968 310 4027 teredo
333 3970 438 4036 activa,
463 3967 548 4026 rireide
572 3969 684 4045 passiva
708 3977 791 4035 sunt;
816 3975 844 4026 ct
867 3970 966 4028 active
988 3986 1047 4027 nora
1071 3971 1128 4028 nisi
1151 3987 1187 4027 ex
1204 3968 1264 4027 illis
1280 3967 1379 4026 vertis
1395 3971 1525 4032 verrium

224 4088 298 4148 quae
322 4072 351 4128 in
375 4090 411 4146 μι
433 4079 550 4139 exenni,
575 4068 679 4147 φαίην
694 4066 802 4148 doe'qv,
826 4071 939 4147 passiva
962 4078 1060 4128 autem
1083 4070 1171 4129 etde
1194 4070 1299 4129 iisdem
1315 4068 1413 4127 veritis
1430 4073 1523 4139 fierint,
1542 4114 1569 4152 Ἢ,

225 4180 257 4230 ut
280 4169 419 4249 decetne
442 4171 588 4249 τεθείην,
612 4179 642 4230 et
664 4170 699 4228 de
721 4157 901 4230 >exeuntibus
924 4174 953 4230 in
971 4191 1009 4249 m,
1033 4179 1065 4229 ut
1080 4170 1220 4249 νυγείην
1235 4168 1383 4249 ὃαρείην.
1420 4177 1524 4237 activa

291 4429 307 4474 9
326 4429 439 4474 lacunam
457 4427 615 4489 neplepentr'e
626 4426 800 4488 excerptoris,
818 4431 843 4471 ut
856 4424 963 4486 uidetur,
977 4428 1129 4474 cometissam
1141 4427 1257 4475 indicaui.
1271 4429 1313 4488 qni
1327 4425 1416 4489 poterit
1430 4431 1526 4482 socius

225 4496 297 4551 tritici,
316 4495 336 4542 si
355 4495 471 4542 dilectum
487 4508 568 4542 rerum
582 4493 680 4541 utilium
694 4507 718 4539 ec
730 4492 856 4540 inutilium
870 4507 919 4540 non
933 4491 1044 4544 habebit.
1057 4510 1115 4543 eece.
1127 4493 1190 4546 noe,
1202 4495 1386 4557 infrequentis
1395 4494 1527 4551 librorum

225 4565 256 4609 de
268 4563 364 4623 lepidus
373 4564 461 4625 posrrit
472 4562 588 4609 Halmius
599 4577 626 4624 p.
640 4563 689 4609 923
741 4562 765 4608 iu
781 4561 860 4624 primo
878 4561 910 4608 de
927 4575 954 4608 re
972 4560 1083 4625 prtblieal
1102 4564 1142 4623 13,
1155 4564 1188 4611 ‘20
1206 4562 1311 4610 libenter
1322 4562 1375 4612 titi.
1390 4560 1473 4626 Laeli,
1498 4585 1527 4619 ut

224 4631 255 4677 de
275 4647 303 4676 eo
322 4629 434 4677 disseras
454 4630 569 4691 equidem
588 4643 736 4676 eorrecssero
807 4630 838 4676 14
855 4630 945 4691 agitari
963 4629 1042 4677 Iunias
1060 4631 1160 4676 actitari
1178 4630 1203 4676 P
1270 4631 1294 4676 iu
1314 4630 1398 4692 specie
1417 4637 1526 4693 possint

225 4708 349 4746 transacta
363 4699 387 4745 P
448 4700 478 4746 18
494 4698 574 4744 rarissit
590 4697 624 4742 P:
642 4697 755 4755 fortassee
773 4697 877 4746 miserit,
896 4699 1040 4746 ‘dicendum
1056 4704 1113 4745 eret
1130 4705 1173 4745 aret
1191 4708 1225 4744 et·
1244 4698 1311 4744 misit
1327 4703 1371 4743 eret
1383 4697 1416 4742 εἰ·
1434 4702 1527 4753 misit*

227 4766 305 4814 Ionam
373 4768 404 4813 21
424 4764 591 4813 etalisnlutie
610 4764 634 4811 I'
688 4765 892 4828 29praescus1’
946 4767 979 4813 30
996 4762 1033 4830 in]
1053 4768 1114 4814 etP
1163 4764 1526 4822 :decucurrerit-nesea

223 4835 323 4883 addidit
338 4833 424 4884 lernae.
439 4833 553 4894 sortasse
571 4838 652 4880 tamen
671 4835 746 4896 platee
765 4833 796 4880 de
815 4833 905 4880 eetieis
923 4835 1042 4896 optatiuis
1060 4836 1098 4882 oei
1115 4836 1278 4898 eaererptoris
1298 4835 1336 4880 uel
1352 4831 1528 4893 librariorum

225 4904 300 4966 culpe
318 4909 377 4951 orate
395 4911 421 4949 et
437 4904 568 4966 perierunt
