3346 5498
250 347 326 412 198.
704 336 709 351 ¹
816 345 969 409 Puant

272 470 294 512 p.
308 458 396 499 atto-sa
409 456 432 496 x.

248 537 407 615 analogiae.
453 537 495 596 ait
523 537 602 596 enim
624 534 733 597 Caesar
760 535 834 595 ‘nisi
850 536 956 595 omnia
979 538 1167 597 consentiant
1187 539 1265 598 inter
1288 557 1334 615 se,
1359 557 1419 600 non
1442 545 1542 619 potest
1610 577 1619 591 ·

248 642 312 701 lieri
333 648 366 700 nt
388 639 517 699 nominis
539 637 700 699 similitudo
722 639 788 698 sit’.
834 644 904 717 puta
927 637 1031 698 doctus
1054 646 1082 698 ct
1106 647 1205 718 aptus:
1231 624 1301 700 ecce
1326 637 1330 722 l
1354 640 1410 700 hoc
1433 659 1541 702 nomen

248 744 330 803 omni
351 748 436 820 parte
459 741 623 810 consentit,
646 739 758 800 idcirco
781 747 811 800 ct
832 738 969 799 similiter
992 739 1166 801 declinatur.
1213 741 1318 803 doctus
1340 744 1425 802 cuius
1447 742 1540 823 quali-

248 845 317 904 tatis
340 843 401 902 est?
424 841 624 922 appellativae,
649 849 679 902 et
701 851 787 921 aptus
809 840 957 920 qualitatis
980 849 1025 902 est
1046 842 1252 922 appellativae;
1276 863 1346 905 ecce
1369 845 1539 906 similitudo.

248 944 353 1006 doctus
375 933 617 1024 conparationem
639 945 759 1022 recipit,
783 942 899 1004 doctior
915 943 1114 1014 doctissimus,
1140 953 1169 1004 et
1191 953 1277 1025 aptus
1299 949 1568 1025 conparationem

248 1049 369 1128 recipit,
393 1048 490 1127 aptior
512 1049 698 1126 aptissimum
723 1063 792 1105 ecce
808 1046 946 1123 congruit
961 1047 1142 1126 conparatio.
1174 1064 1282 1124 genus:
1306 1048 1410 1109 doctus
1424 1051 1557 1126 generis

248 1150 404 1212 masculini
428 1155 487 1217 cst,
511 1157 597 1228 aptus
619 1149 738 1226 generis
760 1146 914 1207 masculini
937 1154 998 1217 est,
1023 1156 1051 1208 et
1074 1153 1232 1227 utrumque
1249 1149 1371 1211 mobile:
1395 1170 1462 1213 nam
1485 1152 1544 1211 hoc

248 1255 279 1314 in
302 1238 413 1331 ponere
436 1251 604 1329 sequimur,
629 1256 656 1308 et
679 1267 773 1327 genus
795 1255 824 1309 et
846 1247 1056 1319 mobilitatem,
1080 1250 1184 1334 doetus
1199 1251 1283 1313 docta
1301 1252 1436 1322 doctum,
1454 1262 1544 1333 ‘aptus

249 1361 316 1434 apta
344 1360 454 1434 aptum.
496 1351 614 1411 numeri
641 1349 815 1428 singularis,
845 1348 892 1410 hic
920 1350 1038 1420 doctus,
1067 1352 1117 1412 hic
1148 1362 1242 1433 aptus.
1287 1356 1379 1432 figura
1409 1354 1542 1435 simplex,

250 1456 355 1518 doctus
382 1453 521 1534 simplex,
552 1460 637 1532 aptus
665 1451 800 1532 simplex.
844 1470 929 1512 casus
957 1460 1002 1512 est
1030 1456 1241 1524 nominativus,
1271 1455 1320 1518 hic
1349 1455 1474 1525 doctus,
1494 1456 1582 1515 hicn

251 1566 344 1638 aptus.
376 1559 471 1617 exitus
486 1554 681 1637 syllabarum:
707 1562 736 1614 et
757 1552 876 1614 illudio
900 1573 935 1615 ns
959 1555 1018 1614 exit
1043 1564 1071 1615 et
1093 1554 1164 1616 illud
1187 1559 1218 1616 in
1242 1576 1286 1623 us,
1310 1565 1404 1637 aptus,
1428 1557 1542 1618 doctus.

249 1659 495 1740 paenultimarum
513 1659 738 1718 consonantium
754 1657 843 1716 ratio:
868 1656 939 1716 duas
962 1655 1052 1717 habet
1073 1655 1145 1717 illud
1169 1668 1367 1720 consonantes
1390 1659 1504 1727 doctus,
1528 1678 1544 1719 c

250 1771 280 1824 et
300 1770 326 1836 t,
351 1771 380 1821 et
403 1768 488 1840 aptus
511 1760 582 1820 duas
605 1746 695 1821 habet
717 1747 924 1827 consonantes,
949 1777 968 1837 p
991 1766 1020 1819 et
1043 1768 1068 1827 t;
1093 1777 1164 1838 ergo
1187 1759 1262 1820 duae
1283 1769 1352 1821 sunt
1374 1780 1542 1822 consonan-
1570 1752 1574 1765 ¹

251 1871 295 1924 tes
317 1865 347 1922 in
369 1861 420 1922 illo
443 1863 573 1934 nomine,
597 1869 626 1922 et
647 1863 677 1922 in
700 1860 750 1937 illp
774 1862 894 1920 nomine
918 1860 993 1921 duae
1015 1869 1085 1921 sunt
1107 1871 1313 1922 consonantes.
1344 1861 1452 1924 deinde
1469 1863 1544 1923 ratio

249 1974 432 2044 temporum:
462 1963 559 2024 brevis
581 1972 626 2024 est
648 1962 765 2032 doctus,
791 1968 820 2021 et
842 1969 928 2041 aptus
949 1962 1048 2023 brevis
1071 1968 1124 2022 est.
1170 1963 1236 2023 ideo
1258 1962 1394 2024 similiter
1416 1963 1584 2024 declina-15

250 2076 314 2134 tur,
345 2066 392 2126 ltic
421 2066 525 2126 doctus
548 2066 597 2125 tic
620 2073 721 2145 aptus,
750 2064 838 2124 buius
867 2063 946 2124 docti
969 2064 1055 2124 huius
1077 2066 1151 2144 apti,
1176 2064 1245 2126 huic
1267 2065 1353 2125 docto
1377 2065 1446 2126 huic
1467 2075 1544 2145 apto,

251 2167 330 2228 hunc
361 2167 478 2228 doctum
508 2167 586 2228 bunc
615 2176 730 2247 aptum,
761 2174 791 2226 et
818 2184 854 2225 ex
882 2166 986 2226 ordine
1015 2185 1117 2226 ornnes
1145 2185 1230 2228 casus
1252 2167 1363 2227 similes
1386 2176 1464 2228 sunt.
1509 2167 1544 2226 da

251 2288 342 2330 unum
365 2268 483 2347 aliquod
507 2287 631 2339 nomen,
664 2268 667 2349 l
698 2268 748 2329 nbi
776 2266 820 2328 rel
849 2286 907 2327 una
936 2286 985 2328 res
1014 2268 1175 2348 discrepet,
1201 2276 1230 2328 et
1251 2271 1308 2329 iarn
1332 2288 1392 2329 non
1414 2272 1547 2349 sequitur

250 2373 327 2433 ratio
356 2371 572 2432 declinationis
617 2379 649 2431 ut
676 2379 746 2450 puta
773 2369 858 2448 lepus
887 2378 916 2431 et
944 2368 1044 2450 lupuS,
1079 2372 1109 2429 in
1137 2372 1192 2430 ista
1221 2372 1319 2431 ornnia
1348 2373 1545 2441 consentiunt,

252 2493 310 2535 una
337 2492 371 2534 re
400 2483 512 2535 tantuna
541 2474 614 2533 liunt
642 2472 860 2532 dissentientes.
905 2481 1036 2531 ceterum
1064 2470 1150 2550 lupus
1172 2470 1321 2551 qualitatis
1344 2473 1544 2553 appellativae,
1559 2489 1585 2529 20

252 2584 281 2637 et
303 2574 376 2636 illud
398 2574 533 2635 similiter
556 2592 575 2626 a
599 2573 768 2653 corporale:
794 2575 1037 2653 conparationem
1061 2592 1121 2633 non
1143 2575 1250 2652 recipit
1272 2573 1370 2654 lepus,
1395 2594 1451 2636 nec
1474 2574 1545 2636 illud

251 2679 495 2756 conparationem
523 2677 629 2754 recipit
651 2674 750 2755 lupus:
782 2694 865 2735 casus
888 2676 1102 2745 nominativus,
1126 2677 1218 2754 ligura
1242 2675 1382 2756 simplex,
1407 2696 1547 2738 numerus

252 2778 426 2855 singularis,
455 2776 535 2838 idem
563 2779 673 2846 exitus,
703 2775 788 2856 lepus
817 2775 918 2855 lupus:
954 2777 1074 2838 eaedem
1097 2786 1308 2848 consonantes;
1338 2799 1395 2840 una
1419 2779 1547 2841 estillic

252 2898 434 2949 consonans,
460 2886 489 2939 et
509 2878 570 2939 illic
592 2897 649 2939 una
673 2873 718 2938 est
739 2897 918 2939 consonans:
948 2878 1052 2939 eadem
1074 2881 1148 2941 ratio
1172 2888 1355 2960 temporum;
1384 2881 1480 2942 brevis
1504 2889 1548 2942 est

252 2983 316 3055 illa,
340 2991 369 3042 et
390 2980 439 3041 illa
462 2981 562 3042 brevis
590 2988 643 3040 est.
690 2988 719 3040 et
746 2980 832 3060 lepus
854 2980 1035 3041 declinamus
1057 2981 1105 3041 hic
1129 2981 1211 3062 lepus
1226 2973 1322 3043 'liuius
1343 2982 1455 3062 leporis
1477 2982 1545 3045 huic
1560 3000 1585 3040 aa

252 3085 363 3165 lepori,
388 3083 436 3143 hic
458 3082 546 3163 lupus
569 3081 657 3143 huius
680 3082 742 3163 lupi
767 3083 834 3144 ltnic
858 3082 936 3163 lupo.
982 3102 1092 3161 genus:
1116 3083 1164 3144 hic
1187 3082 1274 3163 lupus
1297 3083 1423 3146 dicimus
1447 3092 1477 3145 et
1498 3086 1547 3146 hic

253 3187 353 3267 lepus;
377 3185 429 3246 sed
445 3203 538 3246 unum
554 3185 717 3264 discrepat,
734 3185 899 3256 mobilitas,
924 3196 1010 3266 quam
1027 3186 1152 3246 diximus
1169 3203 1233 3244 esse
1252 3187 1436 3256 servandam,
1460 3185 1547 3267 lupus

252 3290 323 3351 lacit
344 3288 428 3368 lupa,
452 3286 537 3366 lepus
560 3306 618 3348 non
642 3289 712 3347 lacit
734 3286 808 3366 lepa.
845 3288 1021 3368 discrepavit
1042 3290 1072 3348 in
1096 3306 1216 3366 genere,
1241 3295 1269 3348 et
1292 3295 1414 3367 propter
1437 3288 1547 3349 discre-

253 3394 384 3472 pantiam
409 3392 529 3468 generis
557 3397 670 3451 mutata
699 3399 744 3451 est
770 3389 938 3452 declinatio.
983 3408 1053 3468 ergo
1083 3397 1128 3450 est.
1155 3389 1233 3467 quod
1258 3389 1344 3459 dixit,
1369 3392 1487 3451 rrotnina
1511 3390 1547 3451 ad

254 3511 373 3554 ontttem
395 3490 618 3552 similitudinem
640 3510 704 3552 esse
727 3490 909 3552 declinanda.
955 3500 1088 3552 ceterum
1111 3493 1135 3550 si
1158 3510 1216 3552 tina
1239 3511 1288 3551 res
1311 3491 1448 3562 deluerit,
1471 3494 1548 3552 scire
1562 3512 1586 3551 aa

254 3595 397 3657 debemus
420 3596 560 3674 quoniam
583 3613 641 3655 non
665 3601 723 3654 stat
744 3595 819 3653 ratio
842 3593 1056 3655 declinationis.

339 3696 415 3768 Quid
439 3695 476 3755 de
498 3697 573 3774 ipsis
594 3694 772 3774 generibus?
803 3696 883 3756 unde
911 3715 1069 3776 possumus
1096 3715 1206 3773 genera
1229 3696 1381 3756 inveniret
1403 3714 1439 3756 ex
1463 3694 1548 3755 dinti-

244 3800 392 3866 ‚nutione;
417 3798 558 3863 diminne
583 3805 612 3856 et
634 3798 749 3857 invenis
771 3816 874 3874 genus.
908 3806 979 3877 puta
1002 3797 1115 3868 tabula,
1140 3785 1240 3864 nescio
1264 3800 1349 3859 cnins
1371 3800 1489 3875 generis
1512 3800 1549 3858 sit

256 3969 522 3977 μ*-
528 3969 557 3973 *-

324 4073 341 4122 2
359 4070 408 4120 hoo
426 4084 517 4119 nomen
536 4071 631 4120 nomini
647 4077 718 4134 parte
732 4068 752 4117 C
769 4067 817 4116 ltoc
836 4071 860 4132 (i
872 4085 940 4118 corr.
953 4070 1016 4119 lraec
1031 4070 1059 4132 a)
1079 4085 1168 4120 nomen
1184 4071 1279 4119 nomini
1294 4113 1318 4123 ..
1337 4080 1390 4120 arte
1405 4070 1490 4136 (parte
1501 4067 1549 4131 α*)

256 4142 281 4193 Α
350 4138 536 4207 dsitnilitudo]
561 4141 638 4189 simili
658 4139 734 4188 modo
752 4138 778 4186 B
849 4140 880 4188 13
907 4156 922 4205 p
947 4151 972 4189 et
994 4150 1083 4205 tergo
1104 4141 1169 4189 dnae
1189 4150 1247 4189 sutrt
1269 4153 1438 4189 consonantes
1460 4142 1486 4188 in
1507 4141 1549 4189 illo

256 4211 358 4262 nomine
378 4220 402 4259 et
414 4213 439 4259 in
451 4210 494 4258 illo
506 4211 606 4260 tremine
623 4210 688 4258 dttae
702 4216 760 4256 stant
776 4223 945 4258 consonantes
965 4211 1036 4261 BCa
1052 4226 1068 4275 p
1087 4219 1112 4258 et
1131 4221 1140 4258 t
1157 4223 1275 4276 rnntpuut
1295 4210 1397 4275 regulus
1415 4210 1472 4259 illue
1486 4225 1549 4276 ergo

257 4284 324 4334 duae
343 4288 401 4331 suut
419 4290 589 4330 consonantes
604 4281 627 4328 Α
700 4278 732 4329 19
746 4281 771 4327 in
789 4295 835 4332 ont.
856 4281 889 4341 A,
910 4281 971 4331 add.
992 4296 1008 4328 a
1078 4279 1111 4329 '20
1133 4281 1178 4330 sed
1196 4295 1246 4328 unu
1265 4297 1292 4329 ro
1310 4282 1337 4330 C.
1356 4289 1463 4328 ceteram
1479 4281 1550 4330 iniis

257 4369 322 4420 qnae
339 4359 477 4416 aequantur
490 4352 554 4400 ordo
573 4352 702 4401 uerborum
719 4351 745 4398 in
762 4350 888 4400 codicibus
903 4350 1067 4413 pet-turbatas
1080 4366 1135 4402 esse
1151 4351 1257 4402 uidetur.
1280 4367 1335 4399 anta
1353 4366 1417 4413 puae
1434 4351 1504 4412 infra
1518 4352 1550 4400 de

257 4424 424 4474 declinatione
442 4430 467 4472 et
486 4422 518 4470 de
533 4437 628 4485 petiere
646 4423 774 4487 utriusque
792 4424 895 4470 nuntiatis
914 4423 1010 4482 scripta
1028 4429 1098 4482 sunt,
1118 4423 1165 4471 ltuc
1182 4422 1326 4471 reuocando
1345 4429 1432 4477 erant,
1455 4435 1505 4469 nna
1520 4436 1550 4471 re

257 4503 355 4544 tantum
374 4491 437 4541 dunt
457 4492 647 4552 dissentientes,
666 4507 773 4558 genere:
798 4490 839 4541 lric
859 4493 933 4556 lnpns
952 4492 1060 4540 dicimus
1075 4519 1107 4526 —
1124 4505 1174 4539 uon
1193 4490 1253 4539 lacit
1272 4491 1337 4555 lepa.
1371 4502 1394 4538 ct
1412 4490 1485 4554 lepus
1505 4491 1549 4539 de-

257 4564 381 4614 clinamns
406 4561 447 4610 hio
472 4561 545 4625 lepus
569 4561 644 4610 latins
669 4563 764 4626 leporis
782 4561 842 4611 huic
868 4562 960 4627 lepori.
985 4561 1059 4627 lupus
1084 4561 1124 4611 hic
1143 4561 1218 4625 lupus
1238 4560 1312 4610 lauins
1332 4560 1384 4624 lupi
1404 4559 1548 4624 lrnielnpo.

259 4643 370 4684 ceterum
391 4633 466 4697 lupus
484 4640 530 4681 etc.
601 4632 728 4694 qualitatis
751 4631 919 4698 appellativae
939 4640 963 4681 et
983 4632 1046 4681 illnd
1064 4632 1195 4696 similiter,
1216 4631 1275 4679 item
1294 4629 1426 4694 corporale
1445 4640 1469 4679 et
1487 4631 1549 4679 illud

258 4704 376 4753 similiter
389 4703 494 4756 coniecit
508 4701 692 4751 Lindemcnnua
778 4703 813 4753 23
832 4704 920 4752 eadem
938 4714 1106 4752 consonantes
1124 4701 1149 4751 Α
1238 4702 1289 4750 illic
1310 4715 1453 4749 consonans
1473 4716 1490 4749 α
1515 4701 1550 4749 illi

259 4788 403 4825 consonans
422 4772 504 4823 Atto
572 4773 606 4820 24
629 4772 714 4820 breuis
739 4780 763 4821 et
783 4776 864 4835 (corr.
883 4782 922 4825 eat
939 4775 968 4837 a)
990 4773 1032 4823 illa
1058 4784 1083 4822 et
1101 4773 1145 4824 illa
1166 4772 1250 4822 breuis
1269 4781 1307 4823 est
1323 4770 1405 4821 ABG
1473 4768 1507 4820 26
1525 4779 1550 4818 et

260 4859 307 4898 ont.
326 4844 380 4894 Ad
446 4843 477 4895 31
497 4843 709 4893 declinationibus
727 4841 751 4890 Α
