3346 5498
255 366 318 433 330
797 365 1000 455 consenui

256 577 287 640 p.
312 552 438 635 XLV),
462 553 485 615 f.
509 551 683 615 tor-56*
712 551 818 635 Sergii
846 547 1098 615 commentarius
1126 544 1166 608 de
1193 542 1303 608 littera
1331 551 1393 607 etc.
1418 538 1476 624 (ci.
1500 539 1547 603 ib.

254 677 287 739 p.
310 653 490 739 XLVIII):
521 663 702 739 sequuntur
728 652 826 738 pauci
852 674 968 717 versus
996 672 1038 714 ex
1065 645 1296 712 commentario
1323 643 1357 706 in
1378 643 1548 707 Donatum

255 753 377 834 relicti,
411 759 571 818 Sciendum
602 766 645 818 est
672 761 774 833 primo
807 761 879 832 quia
912 758 1079 817 auctoritas
1107 756 1331 829 scripturorum
1358 751 1408 810 uel
1433 749 1549 809 artium

253 865 428 936 pierumque
465 862 560 920 tribus
598 861 822 920 commendatur
851 861 956 919 modis.
1001 851 1114 917 codice
1148 848 1303 914 Leidensi
1339 847 1550 912 continentur

255 960 349 1038 haec,
373 959 395 1020 f.
415 959 431 1020 1
453 964 540 1035 piosa
555 978 595 1021 ar
611 965 714 1036 primo
736 963 814 1021 libro
831 960 985 1037 prisciani
1003 957 1260 1030 constantinopoli
1272 955 1380 1028 serips.
1400 949 1406 1033 Ι
1429 953 1547 1013 camai.

257 1065 403 1122 Caesario
425 1066 536 1122 cirritos
557 1065 587 1121 in
607 1066 737 1135 praecio
758 1096 800 1105 —
822 1058 845 1121 f.
869 1058 911 1121 30
933 1062 971 1119 de
992 1062 1076 1119 tiara
1098 1053 1216 1140 (Prisc.
1238 1051 1260 1115 l.
1283 1050 1404 1115 XVIII
1425 1073 1457 1136 p.
1474 1049 1548 1124 375,

258 1160 310 1245 15)
330 1166 423 1238 pilleo
444 1166 580 1238 explicit.
604 1160 804 1244 interpositis
820 1159 933 1245 paucis
949 1156 1099 1222 versibus
1115 1164 1148 1219 ct
1169 1152 1301 1218 scholiis
1323 1151 1548 1236 grammaticis

255 1261 279 1323 f.
303 1262 338 1324 31
367 1267 474 1340 incipit
495 1281 548 1323 ors
569 1267 717 1324 consentit
737 1268 766 1323 ir.
789 1266 816 1323 e.
841 1266 879 1323 de
902 1265 1044 1338 partitas
1065 1263 1212 1322 orationis
1236 1254 1242 1341 Ι
1266 1242 1374 1318 Partes
1401 1258 1550 1316 orationis

255 1399 297 1410 -
320 1361 343 1422 f.
367 1361 433 1423 60*
459 1365 568 1437 sontes.
597 1369 699 1441 captio
729 1367 766 1424 de
799 1366 889 1426 uerbo
913 1361 919 1444 l
945 1366 990 1424 Dc
1011 1364 1201 1440 pronomine.
1238 1361 1426 1421 Pronomina
1451 1360 1550 1432 pentis

258 1469 344 1527 cuias
365 1474 484 1526 nostras
508 1470 623 1527 ordinis
645 1474 751 1541 quoties
772 1473 850 1526 totus
873 1498 909 1507 -
934 1461 959 1525 f.
974 1462 1035 1524 61*
1057 1466 1102 1523 De
1122 1465 1326 1522 interiectione
1346 1462 1468 1520 letaniis
1489 1459 1549 1519 hen

257 1569 487 1626 admirationem
510 1570 719 1642 respondentis
735 1586 780 1644 pp
803 1570 902 1627 animo
924 1569 1081 1626 ructuantis
1096 1573 1162 1625 atat
1182 1567 1307 1625 nitentes
1328 1563 1411 1622 hoho
1432 1568 1462 1620 et
1483 1563 1549 1620 cla·

257 1673 367 1728 rnorrtis
395 1677 423 1727 ct
450 1673 615 1728 coercentis
640 1671 706 1727 item
736 1670 902 1743 aliquando
929 1670 1110 1726 admirantis
1131 1667 1197 1726 aem
1222 1668 1333 1737 (iniunt
1354 1666 1412 1723 trae
1429 1669 1548 1738 partes.

256 1788 332 1829 nam
355 1768 585 1830 commentario
602 1765 642 1829 de
659 1767 759 1830 verbo
776 1766 914 1829 subiecti
938 1773 1014 1828 sunt
1029 1765 1146 1829 breves
1169 1772 1328 1828 tractatus
1352 1760 1392 1826 dc
1414 1760 1549 1846 reliquis

256 1868 407 1953 partibus
436 1868 589 1930 orationis
613 1868 683 1930 sine
712 1877 799 1932 certo
822 1889 931 1930 rerum
953 1865 1067 1929 ordine
1090 1887 1130 1930 ex
1154 1864 1289 1929 aliorum
1311 1864 1550 1949 grammatico-

258 1991 329 2031 rum
353 1968 445 2032 libris
474 1966 602 2031 collecti
631 1979 664 2033 ot
691 1968 902 2033 vitiosissime
930 1968 1053 2052 scripti.
1097 1967 1225 2053 inipso
1248 1963 1550 2031 autemConsentii

257 2068 341 2132 libro
365 2068 488 2153 aliquot
510 2069 708 2133 membranis
732 2070 860 2133 amissis
883 2071 1051 2155 perierunt
1071 2069 1167 2149 haec,
1189 2091 1222 2153 p.
1245 2068 1328 2132 2027
1350 2079 1383 2132 nt
1399 2073 1551 2146 pleraque

257 2176 368 2233 incerti
386 2178 505 2247 pencris
528 2207 569 2217 —
591 2192 623 2254 p.
639 2170 723 2233 2030
745 2179 881 2234 consistit
902 2184 992 2248 arqoe
1008 2177 1204 2250 perspicitur.
1235 2179 1414 2254 sequuntur
1430 2166 1550 2232 deinde

257 2270 281 2333 1.
305 2271 441 2333 (ti-tt
466 2271 571 2354 Sergii
593 2272 845 2335 commentarius
869 2273 909 2335 de
932 2273 1042 2336 littora
1064 2282 1124 2336 etc.
1151 2272 1208 2356 (cf.
1230 2272 1295 2335 vol.
1318 2270 1367 2333 IV
1388 2270 1492 2354 praei.
1516 2293 1549 2355 p.

258 2369 439 2456 XLVIII),
470 2372 492 2434 f.
516 2373 671 2435 tin-71
702 2383 857 2458 excerpta
884 2373 925 2456 de
954 2373 1159 2454 soloecismo,
1187 2372 1228 2437 tle
1255 2372 1358 2457 tropis
1387 2379 1420 2435 et
1441 2379 1550 2434 meta-

257 2472 391 2558 plasmis
420 2473 477 2557 (cl'.
501 2471 566 2538 vol.
591 2474 608 2536 I
635 2473 739 2558 praef.
768 2497 800 2560 p.
824 2474 947 2538 XXIII
970 2486 1002 2539 ot
1023 2477 1088 2539 vol.
1112 2473 1142 2536 V
1172 2496 1204 2559 p.
1227 2473 1321 2557 327),
1344 2472 1369 2536 f.
1392 2472 1550 2536 71-75*

256 2574 477 2657 fragmentum
494 2577 714 2639 commentarii
731 2576 763 2637 in
780 2576 953 2649 Donatum,
980 2580 1096 2640 Titulus
1116 2581 1264 2654 sequentis
1281 2581 1441 2639 uoluminis
1461 2581 1552 2638 uarie

259 2681 289 2738 in
314 2680 441 2739 atriensis
462 2682 613 2740 codicibus
636 2684 786 2741 invertitur
806 2716 847 2727 —-
870 2690 902 2741 nt
923 2685 1074 2741 martialis
1096 2683 1227 2741 dicemus
1245 2683 1322 2752 ficus
1344 2697 1419 2755 qaas
1439 2683 1551 2741 scimus

258 2783 291 2839 in
313 2783 422 2840 arbore
445 2785 546 2855 nasei,
572 2778 596 2841 f.
620 2778 776 2841 76-142
799 2779 892 2842 Pauli
921 2790 1077 2865 excerpta
1099 2802 1140 2842 ex
1162 2777 1255 2842 libris
1279 2779 1426 2863 Pompeii
1447 2779 1549 2860 Festi,

257 2877 280 2941 s.
306 2878 384 2940 142*
407 2902 476 2964 sqq.
502 2880 632 2944 Servati
654 2880 739 2965 Lupi
762 2880 802 2945 de
825 2880 929 2945 tribus
953 2880 1198 2967 quaestiouibus
1220 2878 1314 2944 liber.

342 2980 477 3044 Praeter
509 2981 569 3046 hos
603 2980 704 3046 libros
738 3005 837 3045 unum
872 2981 1039 3046 Consentii
1075 2981 1222 3046 codicem
1257 3002 1427 3067 superesse
1457 2982 1549 3063 novi,

257 3080 509 3166 Neapolitanum
524 3082 743 3146 bibliothecae
758 3083 866 3166 regiae
888 3082 935 3145 IV
952 3083 983 3146 A
1005 3084 1057 3163 34,
1080 3105 1175 3169 quern
1197 3083 1371 3169 descripsit
1390 3081 1548 3148 lunellius

256 3182 352 3246 catal.
380 3181 529 3246 biblioth.
559 3205 641 3244 mus.
670 3183 810 3247 Ilorbon.
840 3207 871 3268 p.
895 3184 937 3248 25
965 3183 1086 3247 ‘codex
1111 3184 1378 3249 membranaceus
1406 3185 1440 3247 in
1467 3183 1549 3249 folio

257 3283 386 3348 saeculo
416 3283 467 3346 XI
491 3282 543 3346 vel
566 3282 635 3345 XII
664 3283 766 3347 nititle
794 3294 826 3347 et
854 3284 1007 3349 distincte
1030 3286 1202 3371 scriptus’‚
1225 3287 1270 3350 ib.
1294 3308 1325 3372 p.
1348 3286 1388 3350 27
1412 3292 1486 3349 ‘ars
1509 3286 1547 3350 P.

256 3383 441 3465 ConsentiI,
476 3407 573 3471 quam
605 3384 706 3448 habes
739 3384 773 3446 in
802 3383 933 3469 Sylloge
960 3385 1163 3450 Putscbiana
1189 3410 1221 3473 p.
1249 3387 1342 3451 2018.
1371 3388 1406 3450 iu
1432 3398 1548 3454 nostro

256 3484 370 3550 codice
393 3486 507 3551 titulus
530 3485 717 3550 huiusmodi
739 3491 854 3564 Incipit
875 3508 928 3550 ars
950 3491 1104 3551 Consentii
1131 3494 1164 3551 t'.
1189 3493 1220 3551 C:
1244 3495 1282 3552 rie
1302 3495 1421 3553 duabus
1436 3497 1548 3568 parti-

256 3591 308 3650 bus
337 3594 509 3651 orationis’.
547 3586 624 3650 olim
652 3596 761 3651 autem
788 3587 916 3651 codices
945 3587 1115 3652 Consentii
1141 3588 1243 3653 fuisse
1271 3591 1304 3653 in
1332 3590 1491 3655 Bobiensi
1514 3601 1548 3656 et

257 3687 292 3747 in
314 3687 587 3751 Laureshamensi
608 3687 804 3752 monasterio
827 3697 988 3753 testantur
1009 3699 1138 3754 veteres
1160 3690 1283 3754 indices
1305 3690 1453 3755 coelicum
1475 3692 1560 3769 Bo<

256 3785 416 3849 hiensium
439 3789 525 3872 apud
548 3788 761 3852 Muratorium
784 3789 886 3875 antiq.
910 3790 983 3854 Ital.
1007 3791 1072 3857 vol.
1088 3791 1141 3856 Ill
1163 3814 1195 3876 p.
1211 3792 1273 3855 820
1294 3792 1432 3857 ‘librum
1454 3793 1548 3859 Cont-

257 3886 354 3949 sentii
377 3887 409 3949 I'
434 3910 464 3972 p.
482 3889 542 3950 821
567 3889 663 3953 ‘item
686 3889 726 3953 de
748 3888 841 3954 libris
858 3913 938 3977 quos
954 3893 1128 3977 Dungalus
1150 3894 1343 3978 praecipuus
1359 3893 1547 3960 Scottorum

256 3985 376 4049 obtulit
389 3988 579 4053 beatissimo
597 3988 799 4055 Columbano
816 4028 856 4037 —
874 4042 880 4055 .
895 4042 921 4055 ..
945 4017 1009 4079 quo
1026 3995 1210 4058 continetur
1224 3994 1393 4059 Consentii
1413 3994 1462 4061 lib
1479 4046 1485 4060 .
1501 4046 1508 4060 .
1525 4005 1545 4060 .’

256 4108 288 4171 p.
313 4086 374 4149 822
398 4087 516 4152 ‘breve
539 4089 578 4152 de
602 4089 693 4155 libris
710 4091 873 4156 Theodori
895 4094 1080 4180 presbyteri
1103 4133 1143 4144 -
1164 4094 1248 4160 liber
1262 4095 1387 4161 Donati
1408 4097 1449 4162 de
1470 4120 1548 4162 ma-

255 4185 377 4250 ioribus
400 4196 432 4249 et
455 4189 633 4253 minorihus
656 4192 806 4274 partibus
829 4193 924 4257 etde
946 4194 1049 4278 glosis
1072 4218 1168 4281 super
1190 4197 1298 4282 ipsum
1320 4208 1353 4262 et
1375 4195 1547 4266 Consentii
1608 4208 1612 4212 ’

255 4295 370 4367 unus’,
400 4297 433 4350 et
454 4289 602 4353 codicum
629 4290 959 4357 laureshamensium
981 4297 1069 4382 apud
1090 4297 1212 4362 Maium
1235 4298 1338 4383 spicil.
1362 4300 1454 4364 Rom.
1477 4301 1545 4368 vol.

255 4388 285 4451 V
307 4410 338 4474 p.
364 4387 425 4451 190
447 4388 547 4453 ‘liber
569 4391 736 4456 Consentii
758 4393 799 4457 de
827 4396 958 4460 nomine
981 4407 1014 4461 et
1034 4399 1164 4464 verbo’.
1209 4400 1359 4466 diversus
1382 4403 1481 4466 etiam
1502 4404 1547 4470 ab

254 4488 294 4552 iis
324 4488 418 4553 libris
448 4512 584 4576 quorum
612 4492 690 4557 mihi
718 4493 813 4580 copia
840 4495 929 4560 facta
956 4506 1006 4560 est
1033 4498 1164 4564 videtur
1191 4500 1294 4566 fuisse
1321 4504 1349 4566 is
1377 4524 1442 4590 quo
1463 4526 1546 4570 usus

254 4588 392 4653 loannes
421 4590 598 4655 Sicbardus
627 4595 660 4657 in
688 4595 937 4681 disciplinarum
964 4597 1149 4665 liberalium
1177 4603 1256 4668 orbe
1285 4626 1314 4667 a.
1346 4604 1427 4669 1528
1454 4606 1545 4674 edito

253 4689 410 4754 maiorem
431 4701 558 4777 partem
580 4692 655 4757 libri
678 4694 720 4759 de
741 4700 870 4762 nomine
892 4707 924 4761 et
946 4701 1047 4766 verbo
1070 4702 1233 4783 exhibuit,
1257 4705 1317 4768 f.3
1339 4709 1373 4767 P.
1391 4710 1549 4771 Consentii

254 4792 386 4855 Romani
409 4799 469 4857 oiri
494 4800 656 4859 clarissimi
681 4803 719 4859 rie
745 4820 780 4860 re
808 4806 1012 4866 Grammatico
1039 4809 1214 4868 breuissima
1242 4812 1398 4870 institutio.
1436 4811 1547 4874 Partes
