3346 5498
133 401 197 467 604
689 402 870 469 uacuum!

160 526 181 567 p.
193 515 252 554 ilbi.
265 512 291 555 ³5
304 513 326 554 l’.

134 594 311 674 aliquotiens
332 612 387 654 noe
410 600 521 655 mutata
536 611 592 654 nec
607 593 699 656 altera
713 604 833 674 recepta
848 611 924 674 quae
947 594 1004 656 luit
1025 593 1089 673 ipsa
1111 591 1298 672 producitur,
1315 582 1439 674 δδρύω

132 692 267 776 ἵδρυον,
289 687 425 775 ύδρεύω
447 689 604 774 ύδρευον.
633 695 682 756 hie
704 699 784 757 enim
807 717 819 756 ι
841 705 871 756 et
892 716 915 757 υ
936 698 968 757 in
990 697 1141 775 praesenti
1164 704 1314 775 correpta,
1331 696 1368 756 in
1386 697 1438 757 in·

132 799 265 878 perlecto
288 816 358 858 vero
379 797 465 876 longa
481 801 721 877 pronuntiantur.
752 794 899 860 υίοθετω
920 806 1019 859 autem
1040 807 1139 859 manet
1161 807 1194 858 ut
1214 797 1287 868 luit,
1311 792 1436 859 νίοθέ-

132 918 225 971 τουν,
248 902 318 980 quia
341 919 400 961 nou
422 903 519 982 potuit
540 899 651 961 habere
667 919 726 980 quo
740 908 909 961 cresceret:
933 901 965 961 in
987 902 1137 980 praesenti
1154 902 1233 961 enim
1256 899 1347 977 longa
1371 900 1437 960 luit

133 1002 309 1083 diphthongi
331 1003 504 1082 privilegio:
528 1001 598 1062 licet
620 1004 652 1063 in
674 1001 867 1082 diphthongis
889 1003 1016 1064 maxime
1039 1000 1248 1063 communibus
1269 1007 1465 1081 permuta-s

132 1106 175 1165 tio
196 1107 236 1165 sit
258 1113 377 1184 recepta
400 1105 431 1164 iu
454 1104 653 1186 diphthongos
669 1103 840 1182 longiores,
863 1111 895 1166 ut
917 1124 952 1165 αι
974 1113 1004 1164 et
1018 1123 1059 1174 oc,
1082 1104 1150 1183 quia
1166 1120 1341 1165 communes
1356 1111 1437 1165 sunt

132 1215 163 1266 et
184 1225 243 1267 non
265 1224 426 1286 numquam
447 1224 503 1287 pro
525 1205 667 1266 brevibus
688 1205 851 1276 hahentur,
875 1208 904 1267 in
927 1225 949 1287 ῃ
972 1207 1074 1268 autin
1097 1225 1123 1287 ῳ
1145 1213 1312 1276 mutantur,
1337 1201 1435 1266 alvei

132 1301 264 1389 ᾔνουν,
288 1303 370 1368 οἰκῶ
399 1301 522 1389 ᾤκουν.
567 1326 623 1368 nec
650 1325 697 1368 me
725 1309 870 1386 praeterit
896 1310 986 1368 etiam
1016 1327 1061 1367 αυ
1091 1307 1322 1387 diphthongum,
1348 1325 1434 1387 quac

133 1427 293 1489 numquam
314 1428 369 1490 pro
391 1411 540 1470 communi
562 1408 663 1470 habita
685 1417 746 1479 est,
774 1409 870 1471 solere
893 1411 1018 1479 mutari,
1041 1403 1136 1471 αύλύ
1156 1401 1305 1490 ηὔλουν,
1330 1401 1436 1488 αύχσῖ

131 1504 273 1592 ηύχονν,
295 1511 366 1572 licet
387 1529 428 1572 ου
449 1521 479 1572 οι
501 1531 531 1572 ει
552 1510 743 1573 inmutabiles
757 1519 908 1582 maneant,
933 1504 1025 1590 odpoi
1041 1505 1183 1591 ούρονν,
1206 1504 1336 1586 ούτύζω
1360 1503 1430 1571 οὔ·
1448 1536 1477 1576 ιο

131 1612 245 1692 ταζον,
269 1609 417 1689 εἰκονιζω
440 1607 622 1691 εἰκόνιζον,
652 1608 768 1689 εἰκάζω
791 1611 936 1688 εἴκαζον·
965 1601 1003 1672 τὸ
1028 1602 1094 1692 γὰρ
1121 1603 1245 1694 ᾔκαζον
1270 1605 1431 1673 ύττικόν.

132 1733 158 1775 ω
181 1723 211 1775 ct
233 1735 253 1794 η
276 1715 367 1776 multo
389 1716 572 1776 constantius
593 1723 728 1785 manent,
752 1714 829 1795 quotl
852 1716 1068 1775 incrementum
1090 1716 1235 1795 perfectio
1258 1721 1340 1774 tanta
1365 1732 1432 1775 non

131 1818 249 1896 recipit,
273 1810 423 1897 ω’νούμαι
445 1809 616 1897 ὠνούμην,
639 1810 709 1897 η’χῶ
729 1810 846 1897 ἤχουν.
892 1817 1080 1894 excipiuntur
1103 1810 1244 1895 ἑορτύζω
1259 1823 1290 1875 et
1304 1807 1431 1890 ὀψείω.

132 1938 200 1979 cum
223 1921 304 1979 enim
326 1919 404 1999 apud
427 1918 555 1980 Graecos
577 1921 675 1979 omnia
703 1919 868 1998 inperfecta
891 1936 1050 1998 numquam
1073 1917 1201 1987 medias,
1230 1916 1282 1977 sod
1305 1923 1433 1979 tantum

131 2021 264 2081 ultimam
298 2021 342 2080 vel
373 2022 499 2100 primam
533 2028 682 2090 moveant,
722 2021 840 2082 illorum
873 2019 998 2082 alterum
1031 2019 1123 2080 solam
1157 2019 1285 2081 mediam
1318 2020 1430 2089 movit,
1448 2048 1474 2088 rs

131 2115 307 2202 ἑώρταζον,
330 2141 397 2182 cum
418 2115 581 2241 ἡόρταζον
596 2125 694 2183 lacere
710 2122 876 2192 debuisset,
900 2121 1025 2182 alterum
1041 2132 1071 2181 ot
1085 2123 1212 2201 primam
1227 2129 1257 2180 et
1280 2119 1430 2193 mediam,

131 2217 234 2298 ὀψείω
257 2217 380 2299 ύψεον.
412 2216 481 2303 ὁρῶ
504 2227 583 2285 onim
605 2233 635 2284 ct
659 2218 773 2304 ἑώρων
795 2242 854 2285 ιιοιι
876 2232 946 2285 sunt
967 2232 1070 2285 eontra
1093 2223 1234 2301 regulam,
1258 2223 1330 2302 quia
1354 2216 1433 2301 ὁρῶ

124 2344 199 2412 ,οιιιιι
219 2345 326 2442 ωρων
348 2328 448 2414 lacero
471 2325 589 2397 debuit,
619 2345 654 2387 ex
684 2326 846 2387 abundanti
873 2327 1023 2407 principio
1051 2324 1188 2386 eaddita
1211 2334 1271 2393 est,
1295 2332 1328 2383 ct
1349 2326 1431 2386 iecit

130 2447 185 2507 pro
207 2421 306 2507 ὥρων
328 2422 460 2507 ἑώρων,
483 2435 516 2487 ut
535 2424 676 2506 οἰνοχοῶ
700 2420 884 2509 ᾠνοχόουν,
908 2436 938 2495 et
962 2437 1060 2489 tamen
1083 2423 1232 2488 dicitur
1215 2421 1430 2508 εῳνοχόουν,

131 2539 160 2590 οι
185 2549 240 2610 pro
267 2549 312 2610 ην
340 2527 399 2609 ἔην
426 2529 538 2590 dicunt.
584 2547 643 2589 non
669 2529 802 2590 solum
793 2547 825 2590 m
853 2529 953 2591 verbis
980 2531 1053 2590 haec
1075 2546 1257 2608 supervacua
1280 2528 1427 2600 adiectio,
1441 2561 1470 2599 20

131 2632 184 2693 sed
208 2633 299 2692 etiam
321 2633 351 2691 in
376 2630 547 2693 nominibus
569 2639 710 2710 usurpata
733 2638 790 2700 est,
813 2627 895 2691 ἕδνα
917 2627 1015 2691 ἔεδνα
1038 2638 1067 2690 et
1089 2630 1207 2691 similia.
1245 2623 1428 2709 ἀναβαίνω

130 2742 161 2794 et
189 2729 296 2813 ἐπέχω
324 2724 383 2793 ιιοιι
411 2735 552 2812 primam,
582 2733 635 2794 scd
663 2734 822 2793 secundam
845 2732 986 2810 syllabam
1008 2741 1205 2802 mutaverunt,
1229 2733 1298 2812 quia
1322 2734 1428 2811 prima

131 2856 189 2896 non
212 2835 312 2904 verbi,
337 2834 389 2895 sed
411 2836 641 2914 praepositionis
663 2842 723 2896 ost:
746 2833 836 2895 verba
851 2836 932 2894 onim
947 2841 1016 2896 sunt
1037 2833 1144 2914 βαίνω
1166 2831 1230 2912 ἔχω
1253 2840 1283 2892 ct
1305 2833 1428 2896 iaciunt

130 2936 268 3018 ἔβαινον
290 2929 393 3016 εἶχον,
416 2937 484 2996 intle
507 2930 687 3016 α’νέβαινον
711 2932 853 3015 ἐπεῖχον.
898 2928 1113 3015 α’ναισχυντοῖ
1134 2936 1259 2996 mutavit
1280 2937 1424 3016 primam,

128 3031 392 3120 ἠναισχύντουν,
414 3040 483 3117 quia
507 3057 542 3099 er
565 3041 684 3099 nomine
707 3039 893 3118 conpositum
915 3046 975 3108 ost,
1005 3038 1036 3098 id
1058 3046 1104 3098 est
1125 3032 1213 3118 ῥῆμα
1236 3035 1240 3118 1
1265 3029 1425 3118 ὀνοματι-
1440 3072 1469 3111 25

129 3136 207 3220 κόν,
235 3134 458 3220 ἀναίσχυντος
486 3135 709 3219 ύναισχυντύ.
754 3138 845 3201 verba
873 3149 972 3201 autem
994 3159 1030 3199 οι
1058 3141 1222 3219 conpositis
1244 3139 1425 3202 nominibus

128 3243 338 3323 parasyntheta
353 3250 496 3304 vocantur
517 3250 547 3303 et
569 3260 585 3302 a
607 3244 704 3323 prima
726 3240 837 3321 syllaba
860 3241 1055 3311 declinantur,
1079 3252 1111 3301 ut
1126 3240 1288 3321 miliduoc
1303 3240 1423 3320 φιλιπ-

128 3345 209 3422 nego
233 3340 461 3426 ε’φιλίκπιζονε
484 3343 555 3405 licet
572 3363 631 3405 non
648 3347 782 3422 ignorem
798 3343 876 3423 quod
892 3339 1064 3424 σύμμαχος
1085 3351 1116 3403 et
1137 3338 1326 3423 συνήγορος
1348 3362 1423 3405 oon·

129 3449 223 3527 posita
245 3450 306 3508 sint
327 3448 445 3508 nomina
468 3443 501 3507 et
521 3464 557 3506 ex
580 3463 611 3506 se
635 3446 745 3507 iaciant
768 3444 856 3506 verba
879 3444 1104 3525 parasyntheta,
1134 3442 1294 3525 συμμαχεῖ
1316 3458 1424 3526 συνη-

127 3548 231 3629 γοριδ,
255 3568 330 3629 quae
353 3556 451 3611 tamen
479 3567 537 3610 non
561 3548 647 3617 loris,
676 3547 728 3608 sed
751 3550 833 3609 intus
855 3542 1059 3617 declinantur,
1083 3544 1245 3627 συμμαχῶ
1266 3544 1424 3627 συνεμύ-
1438 3580 1467 3621 ³0

127 3670 222 3731 χουν,
245 3648 424 3731 συνηγορῶ
446 3645 677 3730 συνηγόρουνι
701 3648 753 3710 sed
777 3649 832 3709 hoe
854 3648 936 3717 ideo,
960 3651 1030 3729 quia
1052 3650 1234 3729 praepositio
1255 3648 1305 3709 hie
1327 3647 1424 3733 habet

127 3754 372 3831 significationem
389 3771 482 3814 suam.
514 3761 648 3813 cetorum
670 3750 723 3811 ubi
745 3751 843 3812 nullus
862 3769 898 3812 ex
920 3753 1140 3832 praepositione
1163 3767 1269 3811 sensus
1291 3751 1422 3820 accedit,

127 3855 200 3915 loris
226 3855 392 3915 declinatur
419 3854 636 3934 inperfectum,
669 3853 698 3913 id
721 3860 767 3914 est
788 3852 917 3913 adicitur
938 3854 981 3914 illi
1005 3853 1128 3924 vocalis,
1160 3862 1306 3933 tamquam
1328 3871 1423 3932 prae·
1465 3895 1468 3899 -

127 3976 195 4017 sens
222 3964 338 4036 tempus
366 3958 491 4036 incipiat
519 3974 534 4015 a
558 3956 746 4025 consonanti,
771 3953 895 4030 καθιζω
919 3951 1094 4034 ἐκάθιζον,
1124 3951 1280 4016 καθεύδω
1310 3949 1425 4017 ἐκύδ-

127 4055 244 4119 ευδον;
269 4059 324 4118 hoc
347 4066 392 4119 est
413 4054 469 4134 ἵζω
491 4057 569 4138 quod
592 4052 734 4145 καθίζωί
752 4055 809 4115 hoc
832 4051 921 4117 εὕδω
944 4057 1022 4137 quod
1045 4052 1215 4134 καθεύδω,
1238 4058 1307 4136 quia
1329 4076 1421 4137 prae·
1438 4091 1467 4131 as

124 4164 235 4241 positio
258 4160 332 4221 nihil
354 4161 511 4238 significat.
543 4158 594 4220 ubi
618 4177 687 4219 vero
711 4140 830 4219 additur
846 4177 882 4219 cx
904 4161 1124 4239 praepositione
1148 4176 1267 4227 sensus,
1291 4163 1396 4220 tunc
1387 4179 1423 4222 ιιι

125 4263 324 4325 declinatione
347 4262 505 4343 inperfecti
521 4263 705 4340 quaerimus,
730 4260 807 4320 undo
830 4261 955 4340 incipiat
976 4261 1129 4322 terbum
1121 4279 1218 4341 ipsum
1240 4261 1305 4320 sine
1329 4279 1422 4340 prae-

124 4366 288 4443 positione;
312 4373 342 4425 et
365 4367 389 4424 si
414 4364 537 4425 verbum
561 4382 578 4424 a
601 4363 693 4423 vocali
715 4364 833 4442 incipit,
857 4365 989 4442 quamvis
1011 4364 1195 4442 praepositio
1217 4360 1324 4422 lrabeat
1347 4382 1423 4426 con-

124 4477 292 4537 sonantem,
317 4467 400 4527 verhi
426 4474 522 4526 tamon
546 4465 674 4525 vocalem
690 4482 727 4525 ex
742 4463 826 4525 brevi
842 4473 988 4525 mutamus
1012 4467 1043 4525 in
1066 4464 1196 4543 longam,
1221 4472 1252 4523 ut
1276 4461 1422 4545 συνάγω

123 4564 285 4650 συνῆγον,
308 4571 378 4649 quia
401 4568 481 4629 aliud
504 4576 549 4629 est
570 4561 660 4646 ἄγω,
683 4566 764 4628 aliud
787 4562 937 4645 συνάγω.
983 4568 1055 4627 item
1077 4569 1102 4628 si
1131 4568 1314 4646 prraepositio
1337 4587 1420 4647 quae
1436 4604 1465 4644 40

125 4739 152 4747 u—

192 4827 208 4876 7
227 4826 391 4876 habeantur
385 4841 410 4875 ιιι
430 4841 448 4890 η
467 4832 510 4874 out
527 4825 553 4874 iu
567 4840 588 4874 ω
607 4822 632 4872 Ρ
689 4824 704 4871 9
723 4818 802 4871 avon
805 4819 929 4900 ηυδονν
941 4822 967 4870 Ρ
1036 4822 1066 4873 ll
1086 4813 1202 4872 ύττικόν
1219 4839 1241 4871 ω
1253 4829 1278 4869 et
1296 4837 1315 4887 η
1334 4824 1421 4874 inulto

122 4896 226 4946 conaeoit
242 4894 389 4960 Opoopoens
408 4905 564 4953 αττικανως
575 4892 654 4942 multo
674 4892 697 4940 1²
713 4903 830 4939 αττικον
848 4881 906 4940 ἐστι
925 4891 1001 4939 minito
1017 4906 1035 4953 p
1092 4893 1126 4941 24
1146 4902 1242 4939 ιιιιιιιιιιι
1260 4893 1284 4940 P
1301 4902 1384 4943 mantnt
1398 4913 1421 4960 p
