3346 5498
315 404 377 468 598
872 399 1053 463 lrlcaossn

315 587 557 655 emendationes
574 584 627 652 vel
641 586 675 651 in
691 584 868 651 editionem
889 594 1036 672 receptas
1059 584 1112 650 vel
1134 586 1168 649 in
1190 584 1409 651 adnotatione
1434 585 1636 673 propositas

315 715 334 757 e
355 693 462 780 priore
485 688 627 756 editione
649 687 789 754 Pontani
811 711 841 752 a.
866 686 946 753 1597
969 687 1081 774 petivi.
1126 709 1202 751 nam
1229 688 1333 773 ipsam
1358 686 1550 776 Opsopoei
1572 686 1635 773 edi3

315 796 436 860 tionem
458 815 524 859 non
546 791 626 857 vidi.
784 857 788 864 ,

399 895 543 960 Diversa
565 904 794 981 excerptorum
815 913 935 976 genera
957 913 999 955 ex
1014 912 1078 955 uno
1094 890 1253 956 Macrobii
1268 890 1384 956 codiee
1400 890 1465 957 vel
1490 915 1539 958 ex
1561 915 1636 982 apo

315 997 448 1084 graphis
476 996 572 1061 unius
600 995 720 1060 codicis
749 992 887 1059 collecta
913 1014 985 1057 esse
1013 1015 1055 1057 ex
1082 992 1173 1057 vitiis
1203 992 1408 1079 quibusdam
1439 995 1636 1082 scripturae

317 1100 459 1163 maxime
486 1099 520 1161 in
542 1097 741 1184 ¹fragmentis
764 1105 913 1161 veterum
941 1096 1134 1181 scriptorum
1157 1095 1319 1160 communi
1342 1116 1525 1161 consensu
1549 1098 1635 1162 etin

316 1200 474 1265 Parisinis
496 1200 660 1286 excerptis
682 1208 716 1262 et
736 1198 771 1261 in
792 1206 935 1262 tractatu
958 1195 1001 1260 ad
1016 1197 1172 1261 Severum
1194 1195 1337 1260 inventis
1362 1196 1464 1281 (narn
1487 1198 1655 1294 reliquo·

317 1326 388 1366 rum
411 1303 668 1387 fragmentorum
690 1300 796 1364 minor
819 1300 851 1362 in
873 1297 934 1362 bae
955 1321 990 1361 re
1013 1298 1063 1362 vis
1085 1299 1149 1385 est)
1173 1297 1321 1384 adparet
1366 1302 1544 1387 temporis
1571 1324 1633 1368 an-

315 1414 380 1469 tem
404 1427 469 1490 quo
492 1405 582 1468 faeta
603 1411 680 1467 sunt
700 1400 824 1466 nullum
847 1411 971 1465 eertum
992 1400 1148 1465 indicium
1170 1410 1230 1464 est.
1265 1398 1518 1488 sedquoniam
1544 1404 1631 1469 Pari·

317 1507 386 1572 sino
413 1505 518 1570 codici
545 1526 663 1569 nomen
691 1505 890 1590 excerptoris
913 1503 1134 1588 subscriptum
1158 1511 1208 1566 est
1229 1501 1415 1586 Iohannes,
1440 1505 1541 1571 bunc
1563 1528 1630 1571 ease

316 1609 470 1673 Ioannem
503 1608 650 1688 Scotum,
686 1628 760 1671 enm
788 1606 843 1692 qui
872 1604 1016 1688 Erigena
1043 1603 1143 1689 vulgo
1172 1603 1309 1686 dieitur,
1338 1605 1629 1672 existimaverimt

315 1710 470 1774 Pithoeus
497 1710 531 1774 in
559 1708 701 1773 editione
728 1707 868 1774 Pontani
895 1716 928 1770 et
955 1706 1059 1771 editor
1080 1705 1313 1791 glossariorum
1336 1707 1499 1774 Labbaei
1525 1711 1627 1796 prael.

317 1836 348 1898 p.
372 1814 401 1876 7.
439 1834 522 1898 quae
550 1812 751 1890 coniectura,
779 1808 954 1874 multorum
983 1806 1041 1873 illa
1062 1808 1193 1895 quidem
1216 1831 1375 1873 consensu
1401 1811 1628 1899 conprobata,

317 1936 512 2000 quamquam
540 1911 628 1976 aliud
656 1911 905 1976 fundamentum
927 1911 1126 1991 nonhabet,
1149 1932 1246 1997 quam
1270 1911 1358 1997 qnod
1382 1912 1516 1977 studiis
1540 1912 1626 1978 illius

316 2017 458 2079 maxime
480 2023 715 2079 consentaneus
744 2036 815 2077 esse
839 2011 1012 2078 videbatur
1034 2011 1178 2093 libellus,
1202 2021 1310 2077 tamen
1333 2011 1392 2077 illa
1415 2014 1495 2078 fere
1519 2026 1627 2080 aetate

316 2117 396 2181 baec
424 2127 580 2203 excerpta
607 2119 776 2202 conposita
803 2138 874 2178 osse
896 2114 966 2179 veri
994 2113 1099 2178 simile
1121 2123 1181 2178 est.
1224 2136 1300 2178 nam
1322 2125 1393 2178 tum
1417 2114 1572 2202 primum
1595 2118 1627 2180 in

315 2241 415 2304 regno
446 2220 645 2283 Francorum
674 2217 784 2282 studia
810 2239 947 2300 graecae
975 2217 1106 2300 linguae
1133 2217 1278 2280 exerceri
1300 2227 1419 2303 coepta
1443 2231 1540 2286 sunt.
1586 2219 1624 2285 ad

316 2344 399 2407 quae
426 2343 499 2385 curn
527 2321 581 2406 qui
612 2329 765 2405 excerpta
792 2320 870 2382 fecit
891 2340 1022 2404 operam
1046 2340 1138 2382 suam
1160 2318 1468 2385 accommodavisse
1493 2332 1529 2386 et
1552 2323 1624 2387 sub

316 2422 449 2508 scriptio
476 2422 597 2486 codicis
626 2421 720 2486 docet
747 2429 779 2483 et
806 2432 926 2485 natura
953 2420 1027 2484 libri
1057 2420 1211 2485 declarat.
1255 2422 1320 2484 iam
1351 2442 1434 2486 vero
1472 2422 1518 2487 de
1553 2424 1623 2509 ipso

316 2524 475 2589 Macrobii
504 2522 588 2588 libro
615 2544 812 2610 quamquam
840 2531 915 2608 post
941 2521 1075 2586 inventa
1102 2521 1279 2586 Bobiensia
1308 2533 1469 2609 excerpta
1498 2527 1622 2589 rectius

315 2648 414 2711 qnam
442 2636 539 2690 antea
565 2624 703 2688 iudicari
736 2632 859 2709 potest,
888 2633 996 2687 tanton
1026 2645 1067 2686 ne
1095 2646 1182 2688 nune
1209 2623 1340 2710 quidem
1368 2624 1453 2688 satis
1479 2638 1622 2706 constat,

315 2738 489 2814 propterea
520 2726 609 2813 quod
641 2727 845 2810 grammatici
879 2748 944 2791 non
977 2724 1046 2790 solo
1080 2736 1306 2811 excerptorum
1340 2749 1482 2792 munere
1517 2729 1621 2796 functi

316 2840 409 2911 sunt,
439 2828 497 2893 sed
525 2829 627 2892 multa
657 2828 754 2893 etiam
784 2828 846 2914 ipsi
874 2836 1088 2891 novavernnt.
1133 2849 1208 2891 narn
1237 2827 1265 2890 is
1292 2828 1348 2914 qui
1375 2827 1542 2896 Parisina
1570 2854 1621 2896 ex·

315 2942 426 3019 cerpta
452 2930 625 3017 conposuit
652 2939 688 2994 ut
717 2939 944 3014 argumentum
971 2939 1005 2993 et
1031 2930 1177 2993 ordinem
1207 2927 1283 2994 libri
1305 2930 1497 2996 accuratius
1523 2956 1620 3021 quarn

316 3033 431 3121 reliqui
454 3032 617 3112 servavit,
646 3033 693 3095 ita
714 3033 755 3096 ad
779 3030 908 3116 regulas
931 3030 1040 3115 graeci
1063 3031 1157 3096 verbi
1184 3042 1218 3096 et
1238 3053 1334 3094 usum
1356 3029 1556 3100 scholarum
1578 3037 1622 3102 in·

316 3146 423 3199 tentus
446 3158 511 3199 non
535 3131 641 3197 solum
663 3133 766 3198 multa
788 3155 829 3196 ex
852 3133 891 3196 iis
915 3155 998 3218 quae
1011 3131 1199 3196 Macrobius
1222 3133 1400 3217 scripserat
1420 3138 1620 3219 praetermi-

261 3260 265 3265 ·
316 3237 359 3300 sit
366 3285 375 3316 ,
397 3247 434 3300 ut
456 3236 527 3321 ipse
549 3236 610 3312 ait,
636 3234 691 3298 sed
715 3235 813 3299 etiam
834 3257 893 3321 pro
922 3245 1020 3320 captu
1043 3256 1122 3298 suae
1144 3233 1261 3298 aetatis
1284 3256 1348 3297 non
1369 3232 1465 3300 nulla
1487 3237 1620 3305 addidit

316 3337 369 3402 vel
391 3339 544 3401 mutavit.
574 3360 615 3400 ex
631 3337 848 3402 Bobiensibus
871 3346 978 3401 autern
1000 3335 1222 3420 grammaticis
1246 3333 1329 3398 alter
1351 3356 1462 3421 prauea
1484 3341 1620 3407 omnino

317 3438 466 3504 exhibuit
496 3438 538 3502 ad
559 3437 663 3502 latina
684 3439 825 3502 maxime
848 3438 950 3503 verba
972 3437 1182 3523 pertinentia,
1205 3441 1239 3502 in
1261 3436 1380 3522 quibus
1402 3459 1489 3503 sane
1514 3442 1620 3509 solum

316 3540 519 3606 Macrobium
546 3550 677 3606 secutus
707 3549 770 3623 est3
801 3539 899 3621 alter,
922 3540 978 3626 qui
1000 3549 1175 3604 tractatum
1198 3538 1239 3603 de
1261 3538 1362 3603 verbo
1385 3539 1430 3603 ad
1455 3543 1621 3611 Severum

316 3643 456 3729 scripsit,
479 3641 627 3727 quamvis
655 3640 794 3728 plurima
815 3640 974 3706 lllacrobii
997 3639 1080 3705 libro
1102 3642 1235 3723 debeat,
1259 3664 1277 3705 e
1301 3663 1364 3727 quo
1387 3641 1464 3727 ipse
1487 3668 1623 3737 quoque

316 3767 355 3808 ea
377 3745 518 3807 maxime
541 3765 624 3829 quae
647 3744 689 3807 ad
711 3742 849 3807 latinum
871 3764 1053 3807 sermonem
1076 3753 1226 3830 spectant
1248 3743 1383 3829 recepit,
1405 3752 1527 3813 tamen
1550 3774 1622 3818 con·

316 3844 409 3931 plura
432 3867 514 3931 quae
531 3843 582 3909 vel
605 3845 647 3910 ab
670 3844 742 3908 aliis
766 3846 928 3931 petiverat
949 3844 1001 3910 vel
1024 3846 1093 3932 ipse
1116 3847 1294 3924 invenerat,
1317 3853 1354 3908 ut
1375 3844 1624 3920 declinationes

318 3948 500 4028 verborum,
523 3970 603 4033 quas
627 3946 816 4010 Macrobius
839 3957 926 4011 certe
949 3969 1012 4011 non
1036 3957 1200 4031 posuerat,
1224 3946 1353 4010 adiecit.
