3346 5498
265 367 327 430 144
620 422 621 425 ,
828 368 979 437 eonion

288 474 447 529 pros-oei.

264 557 344 615 circo
372 564 401 615 et
425 556 490 632 ipse
519 554 687 636 moderatus
716 563 760 615 est
788 562 816 616 et
838 557 878 616 ait
901 559 958 626 sic,
982 556 1117 636 ‘quando
1139 575 1243 618 sensus
1265 559 1423 628 minuitur,
1446 562 1554 621 urescit

263 676 351 737 saepe
380 674 520 716 numerus
548 655 754 736 syllabarum’.
798 677 856 718 non
886 659 959 718 dixit
985 645 1146 738 ‘semper'.
1191 661 1358 720 invenimus
1390 661 1551 721 secundam

263 767 292 820 et
313 761 430 819 tertiam
454 757 694 826 diminutionem;
717 778 836 820 sensum
859 761 978 839 quidem
1001 763 1121 831 minuit,
1145 763 1176 821 in
1197 763 1290 822 isdem
1312 770 1410 822 tamen
1433 762 1553 843 syllabis

263 868 432 940 permanet:
467 868 537 938 quot
558 860 662 921 babuit
684 863 778 939 prima
802 865 908 940 positio
931 882 946 922 a
970 872 1088 931 natura,
1114 872 1156 923 tot
1176 863 1286 924 habeut
1308 863 1435 944 syllabas
1457 874 1487 926 et
1508 866 1552 926 di·

263 964 459 1032 minutiones,
488 961 556 1022 licet
583 980 686 1023 sensus
717 965 874 1025 minuatur.
920 984 991 1044 ergo
1019 963 1191 1046 principalia
1220 973 1288 1025 suut
1310 984 1385 1044 quae
1408 986 1425 1027 a
1447 973 1579 1027 naturae

262 1065 348 1132 llunt,
372 1064 530 1124 derivativa
553 1082 627 1143 quae
649 1065 718 1125 inde
740 1073 911 1135 nascuntur,
935 1066 1106 1128 diminutiva
1129 1064 1227 1148 quael
1248 1068 1334 1127 etiarn
1357 1087 1474 1129 sensum
1498 1071 1553 1129 mi·

262 1174 366 1228 33331.
398 1174 428 1226 et
450 1165 487 1226 de
509 1166 721 1246 principalibus
744 1176 773 1226 et
795 1167 831 1227 de
855 1168 1034 1229 diminutivis
1057 1177 1101 1229 est
1124 1171 1213 1238 ratio;
1236 1169 1273 1231 de
1288 1171 1456 1231 derivativis
1474 1172 1552 1234 nulla

261 1271 337 1329 ratio
360 1276 414 1330 est.
458 1269 570 1329 idcirco
599 1270 675 1328 cauti
704 1288 768 1329 esse
797 1269 954 1339 debemus,
979 1290 1016 1330 33
1039 1269 1115 1330 male
1137 1273 1312 1350 interrogati
1335 1279 1384 1332 aut
1406 1273 1482 1334 male
1505 1293 1552 1335 re·

262 1372 442 1451 spondentes
471 1370 662 1431 soloecismos
689 1372 840 1432 iaciamus.
883 1375 992 1432 scimus
1022 1374 1100 1432 euim
1123 1382 1173 1433 aut
1194 1375 1309 1433 intentu
1331 1373 1480 1452 loquentis
1502 1384 1553 1436 aut

262 1493 316 1552 per
342 1475 562 1551 usurpationem
593 1473 657 1533 lieri
684 1473 851 1533 derivativa.
897 1492 955 1534 nou
985 1493 1104 1552 possum
1132 1475 1186 1535 tibi
1215 1474 1331 1544 dicere,
1362 1476 1551 1538 derivativum
1568 1497 1593 1534 ιο

261 1578 302 1635 ita
331 1578 404 1644 exit,
434 1594 521 1636 mons
549 1582 719 1644 montanus,
749 1577 817 1636 lons
844 1576 999 1645 fontanus,
1029 1585 1061 1636 ut
1083 1578 1112 1635 in
1136 1595 1192 1637 uus
1222 1585 1320 1647 exeat;
1350 1597 1409 1638 nou
1432 1598 1553 1658 possum

262 1677 315 1738 tibi
344 1680 415 1738 istas
440 1677 559 1754 regulas
586 1676 695 1737 dicere.
741 1679 906 1738 invenimus
929 1680 1006 1738 enim
1031 1681 1124 1739 varias
1147 1678 1374 1748 declinationes,
1398 1681 1553 1741 1333133-

262 1781 320 1840 tius
342 1781 494 1849 lontanuS,
518 1783 603 1838 mons
625 1781 755 1849 montius
777 1789 942 1840 montanus.
980 1798 1052 1858 ergo
1074 1780 1154 1839 vides
1177 1782 1314 1859 quoniam
1339 1783 1416 1842 varie
1439 1783 1553 1842 iuveni-

263 1900 341 1951 mus,
373 1888 403 1941 et
424 1881 534 1941 lontius
563 1890 591 1941 et
614 1883 764 1952 fontanus,
795 1891 823 1941 et
845 1884 975 1942 montius
997 1889 1211 1943 etmontanus.
1250 1883 1362 1943 ideirco
1384 1885 1414 1943 in
1438 1882 1553 1944 deriva-

261 1982 392 2043 tionibus
420 2002 545 2062 sequere
575 1993 732 2063 praecepta
762 1983 849 2044 Plinii
877 1983 1016 2044 Secundi.
1060 1984 1101 2042 ait
1129 1986 1205 2043 enirn
1229 1983 1337 2043 ‘debes
1360 1984 1477 2063 quidem
1501 1986 1549 2046 ad·
1567 2006 1592 2047 15

261 2089 414 2164 quiescere
436 2084 561 2164 regulis,
585 2085 636 2145 sed
659 2087 689 2145 in
714 2084 879 2145 derivativis
901 2104 1027 2164 sequere
1055 2087 1286 2146 auctoritatem'.
1331 2086 1397 2148 vide
1420 2105 1458 2148 ne
1481 2086 1554 2147 velis

261 2188 340 2249 aliud
364 2186 489 2267 dileere,
513 2205 601 2266 quam
625 2186 729 2264 legisti.
774 2186 847 2248 niba
871 2189 985 2247 civitas:
1009 2187 1058 2247 alii
1081 2188 1183 2248 dicunt
1205 2187 1350 2257 Albanus,
1374 2187 1423 2249 alii
1443 2188 1552 2250 Alben-

261 2292 310 2349 sis.
356 2307 430 2368 quae
453 2291 528 2351 ratio
551 2291 611 2350 est?
635 2289 777 2368 numquid
801 2306 956 2369 possumus
978 2291 1063 2358 scire,
1089 2308 1180 2367 quare
1203 2291 1244 2348 sic
1269 2287 1368 2369 [quid]
1393 2293 1549 2353 invenitur.

261 2393 368 2454 Caesar
391 2391 510 2471 quidem
533 2393 563 2451 in
586 2390 671 2451 libris
693 2390 853 2468 analogicis
875 2390 965 2450 voluit
988 2391 1087 2451 disere
1110 2390 1328 2452 discretionem.
1360 2393 1399 2451 ait
1420 2394 1462 2452 sic
1479 2394 1551 2454 Cae·

260 2511 310 2554 sar
331 2496 362 2554 in
384 2493 468 2554 libris
491 2493 657 2571 analogiae,
682 2492 776 2552 ‘duae
798 2500 865 2554 sunt
887 2491 992 2563 Albae,
1017 2493 1071 2552 alia
1095 2495 1149 2552 ista
1172 2512 1261 2571 quarn
1284 2494 1417 2554 novimus
1439 2496 1469 2553 in
1485 2497 1550 2556 Ari·
1565 2514 1591 2553 ro

261 2597 319 2665 cla,
355 2603 383 2655 et
411 2595 465 2655 alia
494 2595 599 2655 lvicin
629 2594 721 2656 ltalia.
767 2594 898 2655 volentes
926 2595 1050 2655 Romani
1085 2595 1293 2655 discretionem
1329 2594 1442 2665 lacere,
1480 2599 1553 2658 istos

176 2715 179 2719 ·
259 2697 389 2759 Albanos
412 2697 564 2765 dixerunt,
589 2695 653 2757 illos
675 2695 846 2757 Albenses'.
892 2715 950 2756 non
974 2699 1112 2776 quoniam
1135 2699 1302 2756 nescientes
1324 2716 1414 2757 unam
1437 2698 1552 2759 deriva-

260 2803 370 2863 tionem
394 2818 459 2860 esse
482 2800 538 2859 boc
561 2800 710 2866 lecerunt,
736 2799 843 2860 Caesar
865 2799 922 2858 boc
946 2799 1032 2867 dixit,
1057 2797 1108 2858 sed
1133 2809 1164 2859 ut
1187 2797 1318 2859 lacerent
1341 2798 1551 2862 discretionem

213 2929 215 2933 ⁷
259 2904 337 2963 iuter
360 2902 495 2970 colonos,
519 2903 597 2960 iuier
620 2899 685 2959 illos
707 2909 737 2960 et
758 2904 840 2961 istos,
875 2900 988 2962 Plinius
1011 2900 1167 2961 Secundus
1190 2909 1278 2979 negat
1300 2910 1329 2961 et
1351 2902 1464 2970 aiteio,
1488 2905 1551 2962 ‘in-

259 3006 430 3066 differenter
452 3005 525 3071 baec
547 3004 765 3063 inveniuntur'.
799 3022 865 3063 nam
888 3011 959 3081 puta
983 3003 1039 3062 boo
1062 3002 1138 3062 bene
1162 3002 1287 3062 dicimus
1309 3002 1345 3061 de
1367 3002 1450 3063 niba.
1480 2997 1551 3084 quid
1565 3025 1591 3067 rs

259 3109 383 3168 iacimus
405 3107 441 3167 de
464 3107 567 3167 ,131131
593 3115 662 3185 pula
686 3107 710 3164 si
734 3105 813 3165 dicas
835 3107 934 3172 dotia,
959 3103 1033 3165 alter
1055 3105 1187 3165 Antiates
1209 3104 1331 3172 dicitur,
1355 3104 1428 3164 alter
1451 3108 1551 3167 Antia·

260 3231 324 3272 uus.
369 3229 428 3290 quo
454 3207 542 3269 modo
570 3225 728 3287 possumus
754 3209 888 3267 invenire
915 3207 986 3266 istas
1014 3206 1241 3267 derivalionesi'
1257 3226 1333 3286 quae
1355 3209 1430 3266 vatio
1453 3215 1496 3267 est
1519 3219 1553 3270 ut

259 3316 297 3373 ita
320 3314 396 3374 sint?
427 3311 544 3372 Siculus
567 3319 596 3370 et
618 3307 781 3371 Siciliensis
803 3311 977 3369 invenimus.
1017 3327 1090 3387 quae
1113 3311 1188 3369 ratio
1211 3311 1273 3369 esti
1295 3307 1407 3369 Sardus
1430 3318 1459 3369 et
1482 3311 1551 3372 Sar·

258 3415 410 3475 diniensis.
444 3432 621 3492 quamquam
645 3415 674 3472 in
699 3411 841 3472 Cicerone
863 3413 894 3471 13
918 3410 1076 3471 Scauriana
1099 3412 1266 3471 invenimus
1288 3411 1373 3470 istam
1397 3409 1551 3472 discretio·

258 3535 325 3577 uem
355 3515 391 3576 de
419 3516 520 3576 Sardis
548 3525 576 3576 et
604 3513 859 3583 Sarrliuiensibus,
890 3519 922 3572 ut
949 3512 1015 3573 illos
1043 3511 1169 3580 incolas,
1200 3511 1266 3571 illos
1288 3511 1415 3572 advenas
1436 3513 1614 3576 doceatao
1658 3539 1661 3545 ·

257 3618 309 3678 sed
338 3628 436 3678 tamen
464 3616 571 3678 melius
599 3625 643 3675 est
670 3624 703 3675 ut
729 3616 871 3695 sequalris
893 3622 1082 3693 praeceptum
1106 3616 1179 3674 lanii
1202 3615 1270 3682 viri,
1299 3612 1386 3673 Plinii
1408 3614 1549 3676 Secundi.

259 3738 325 3779 nam
349 3738 418 3778 ecce
440 3727 510 3798 puta
535 3717 615 3778 verbi
639 3736 726 3777 causa
749 3718 778 3776 13
804 3734 863 3776 333
885 3717 1037 3784 invenisti;
1060 3718 1092 3775 iu
1114 3716 1165 3776 illo
1187 3715 1244 3775 alio
1266 3714 1334 3794 quid
1359 3717 1458 3783 133133,
1482 3734 1550 3778 cum

328 3977 339 4025 1
361 3977 462 4039 quando
482 3975 506 4023 A
526 3982 618 4037 quanto
637 3974 709 4022 uua
780 3972 796 4021 3
814 3986 916 4020 sensum
935 3974 1015 4035 (corr.
1032 3986 1108 4020 sensu
1129 3971 1166 4033 B)
1180 3970 1280 4033 quidem
1301 3972 1378 4022 minui
1399 3972 1483 4022 ABG

257 4045 416 4098 lllaciamus
434 4043 488 4093 alb
508 4044 632 4092 sociemus
651 4041 748 4103 BAli)
767 4041 887 4091 lerientes
908 4042 928 4092 C
997 4042 1123 4104 loquentis
1140 4043 1163 4088 A
1182 4043 1313 4102 loquentes
1331 4040 1370 4101 B,
1387 4057 1455 4093 corr.
1477 4043 1513 4091 -is
1531 4043 1552 4092 0

328 4116 357 4166 ll
379 4130 452 4163 mons
471 4123 605 4163 montanus
624 4121 650 4160 nt
666 4114 689 4160 in
712 4127 757 4159 uus
774 4111 818 4174 (us
837 4111 901 4173 Bc)
919 4121 992 4160 exeat
1008 4111 1064 4160 lons
1083 4110 1202 4160 loutnuus
1221 4125 1269 4159 non
1287 4111 1369 4161 ABG
1439 4112 1470 4161 12
1493 4111 1550 4162 lons

258 4187 353 4236 loutiue
368 4186 438 4235 BCa
462 4183 585 4234 foul..us
609 4180 764 4244 1133113331)
783 4182 807 4229 Α
879 4180 911 4230 13
935 4197 1007 4231 mous
1028 4182 1136 4230 montius
1155 4181 1242 4231 BOn:
1260 4182 1371 4230 montius
1391 4198 1436 4234 om.
1456 4182 1480 4230 A

259 4258 291 4308 15
308 4256 379 4320 plinii
401 4256 422 4303 C
439 4254 517 4318 plenii
535 4254 590 4302 AB
662 4253 692 4302 17
708 4252 815 4300 albanus
834 4251 877 4299 3111
896 4252 921 4299 A
939 4252 1045 4300 albanus
1058 4260 1095 4300 est
1109 4250 1150 4299 3111
1166 4251 1239 4301 ΒΟα
1295 4251 1326 4301 18
1341 4265 1445 4317 possum
1465 4252 1550 4302 dicere

257 4343 325 4376 corr.
345 4340 449 4390 possum
464 4323 565 4374 scireB
636 4323 696 4386 qnid
715 4321 841 4370 inuenitur
859 4335 947 4369 caesar
966 4322 1067 4384 quidem
1088 4323 1112 4370 in
1133 4322 1205 4370 libris
1224 4324 1248 4368 13
1267 4325 1343 4371 litura
1361 4337 1378 4370 o
1397 4321 1458 4385 quid
1479 4325 1550 4370 inue-

257 4399 324 4447 nitur
344 4396 445 4459 qnidem
464 4395 579 4458 (quidem
598 4409 668 4443 corr.
686 4393 790 4467 quidam
812 4393 835 4439 13
857 4392 934 4440 litura
952 4392 980 4454 b)
1000 4393 1131 4443 caesario
1152 4392 1223 4441 libris
1242 4391 1293 4441 Bu
1361 4391 1396 4440 20
1413 4392 1485 4440 albae
1500 4392 1552 4442 BC

686 4472 691 4498 v

256 4520 331 4569 31333
348 4520 372 4567 A
442 4518 467 4564 in
489 4515 565 4563 aricio
582 4516 607 4563 A
626 4516 651 4563 in
671 4515 738 4562 arcia
756 4513 781 4562 B
789 4513 815 4561 0.
839 4512 1260 4576 Α3131333111333133333ριω3,
1280 4512 1351 4562 ltalia
1371 4521 1449 4562 autern
1467 4514 1550 4576 inepte

255 4605 305 4652 pro
318 4581 390 4638 Latio
402 4587 557 4636 sodalitatem
570 4603 587 4633 3
601 4587 719 4646 Pompeio
737 4584 841 4631 coniecit
849 4583 1018 4645 Nipperder'ur
1035 4585 1060 4631 in
1075 4584 1146 4631 Caes.
1164 4584 1258 4647 fragm.
1275 4601 1302 4646 p.
1319 4584 1382 4631 tot:
1400 4584 1434 4644 cs.
1449 4583 1547 4634 ctare.

255 4676 282 4723 p.
301 4658 344 4721 81,
366 4659 447 4709 Vara.
470 4656 502 4705 de
519 4659 536 4708 l.
557 4657 574 4708 1,
598 4654 653 4704 11111
675 4655 708 4703 35
725 4670 752 4717 p.
770 4651 822 4701 418
839 4655 885 4715 Sp.
957 4654 990 4700 22
1011 4653 1067 4703 illos
1085 4652 1203 4701 albenses
1221 4652 1292 4701 BCu
1310 4653 1367 4700 illos
1392 4653 1505 4703 31333313
1524 4656 1548 4701 A

328 4730 504 4778 diriuatiouem
529 4741 585 4773 esse
610 4725 633 4773 A
659 4739 715 4772 esse
739 4724 917 4771 dirinntiouem
945 4723 1017 4773 BCa
1105 4723 1137 4771 '24
1163 4723 1259 4786 plinius
1276 4723 1297 4771 C
1314 4723 1415 4785 plenius
1434 4722 1459 4770 A
1478 4738 1547 4772 corr.

258 4799 394 4864 pliniusB
446 4795 745 4848 ‘25albaBGnnliaA
810 4793 843 4842 30
857 4802 881 4842 et
899 4792 1218 4842 sardiniensibusABet
1236 4792 1268 4841 de
1287 4792 1489 4841 sardiniensibus
1508 4789 1573 4843 ca*

327 4867 358 4918 ³1
378 4869 448 4933 plinii
466 4866 570 4930 Cpleni
588 4866 612 4914 A
629 4879 697 4917 corr.
719 4864 788 4928 plinii
810 4864 835 4912 B
