3346 5498
730 348 802 409 ΑΒΕ
1349 342 1413 408 495

152 470 175 512 ρ.
190 458 227 498 ιιι
240 456 270 497 ιι.
1277 466 1299 506 p.
1311 455 1337 494 aa
1350 453 1386 492 w.

76 606 80 614 ¹
127 537 212 598 sendi
235 544 266 596 ot
287 538 411 598 essendo
434 545 464 596 et
486 537 643 598 essenduur
666 544 696 596 et
717 553 817 598 essens
840 535 997 604 dixerunt,
1027 535 1174 615 quemad
1197 534 1315 594 modum
1337 535 1410 595 scri·

128 622 217 684 bendi
240 621 397 684 scribendo
420 621 609 741 scribendum
632 621 779 740 scribensqi
985 700 1002 738 *

626 892 675 954 DE
698 892 910 956 Panniculo

152 976 266 1032 pmm
1229 977 1385 1029 pamm

211 1049 287 1109 Sunt
308 1049 451 1128 quaedam
473 1049 632 1127 participia
655 1048 758 1107 eadem
781 1057 810 1108 et
832 1050 965 1117 nomina,
989 1055 1022 1107 ut
1044 1048 1139 1109 cultus
1161 1055 1191 1108 et
1213 1049 1338 1127 sapiens,
1363 1068 1410 1110 ra·

100 1136 205 1200 stione
235 1134 359 1193 diversa.
404 1152 472 1193 narn
504 1133 600 1193 cultus
628 1149 699 1193 casu
727 1135 863 1210 genetivo
892 1133 1090 1193 discernitur:
1114 1135 1308 1213 aparticipio
1330 1136 1410 1195 enim

126 1221 215 1280 huius
242 1218 312 1279 culti
340 1220 425 1286 iacit,
456 1220 535 1278 venit
562 1224 661 1277 autern
689 1235 705 1276 a
734 1216 824 1277 verbo
851 1218 932 1278 color
960 1218 1068 1278 coleris
1095 1218 1217 1288 colitur;
1246 1239 1262 1278 a
1291 1221 1409 1279 nomine

126 1312 223 1366 autem
246 1305 334 1364 huius
364 1304 459 1364 cultus
486 1304 566 1363 iacit.
611 1303 728 1381 sapiens
755 1321 825 1362 vero
854 1303 919 1363 ideo
942 1305 1030 1363 etiam
1052 1321 1159 1363 nomen
1181 1303 1308 1380 dicitur,
1330 1303 1409 1383 quod

125 1390 235 1468 recipit
257 1391 514 1468 conparationem:
537 1389 610 1448 iacit
632 1389 711 1447 enirn
733 1388 852 1466 sapiens
874 1389 1037 1467 sapientior
1059 1388 1303 1467 sapientissimus.
1334 1407 1409 1468 quae

126 1476 202 1535 ratio
224 1474 295 1534 mihi
319 1492 377 1534 non
400 1473 557 1533 admodum
586 1473 691 1552 placet.
735 1490 802 1532 nam
831 1479 861 1532 et
887 1474 1043 1553 participia
1065 1473 1202 1533 videntur
1224 1475 1408 1553 conparatio·

88 1586 112 1624 tn
126 1578 195 1619 nem
222 1560 372 1638 recipere,
401 1561 426 1618 si
455 1557 596 1638 loquendi
626 1557 807 1617 consuetudo
834 1561 986 1637 permittat
1014 1558 1058 1618 vel
1080 1557 1216 1618 hortetur
1239 1560 1408 1628 auctoritas,

125 1644 177 1705 sed
205 1651 319 1704 tantum
348 1646 501 1722 praeteriti
531 1644 686 1722 temporis:
728 1661 796 1702 nam
824 1642 882 1702 dno
909 1644 1008 1703 lutura
1037 1662 1095 1703 non
1130 1643 1298 1703 admittunt.
1343 1644 1410 1723 quis

126 1731 205 1790 enirn
227 1748 284 1788 non
309 1728 396 1789 audet
418 1728 516 1788 dicere
540 1729 771 1796 armatissimus,
800 1727 879 1807 quod
900 1726 1016 1788 'l’ullius
1038 1727 1096 1787 ait?
1118 1746 1173 1787 nec
1195 1735 1293 1788 tamen
1315 1746 1410 1789 arma·

127 1816 222 1874 turinr
245 1821 296 1872 aut
318 1814 487 1873 armandior
510 1812 546 1873 ab
570 1811 704 1891 eoquod
728 1819 774 1871 est
796 1819 963 1873 armaturus
986 1820 1016 1873 et
1038 1812 1196 1872 armandus
1218 1813 1276 1872 dici
1300 1820 1409 1893 potest.

125 1898 203 1978 quod
228 1898 378 1958 latendum
402 1906 462 1966 est,
486 1900 511 1956 si
527 1916 596 1957 cum
612 1904 746 1975 temporo
770 1899 953 1977 accipiantur
975 1899 1147 1977 participia,
1171 1897 1293 1958 difficile
1308 1898 1409 1958 viden-

88 2008 112 2046 15
127 1991 175 2043 tur
196 2002 283 2062 posse
306 1985 546 2062 conparationem
568 1984 714 2061 recipere.
759 2000 831 2041 nam*
850 1988 880 2041 et
902 1982 974 2042 illud
997 1982 1073 2061 quod
1097 1982 1208 2043 cultum
1231 1983 1341 2044 dictum
1365 1990 1411 2043 est

124 2070 196 2129 iacit
218 2068 325 2128 cultior
347 2075 377 2127 et
398 2068 588 2127 cultissimus.
633 2067 686 2126 sed
713 2068 738 2126 si
768 2066 803 2126 ad
832 2073 949 2146 tempus
975 2068 1169 2145 praeteritum
1197 2069 1326 2137 reseras,
1350 2086 1410 2127 uon

124 2156 207 2213 lacit.
251 2153 348 2213 cultus
370 2155 449 2212 enim
473 2170 543 2229 ager
565 2170 602 2211 ex
624 2153 689 2231 ipso
711 2149 816 2212 habitu
838 2170 891 2211 suo
914 2152 1010 2212 cultus
1033 2158 1094 2221 est;
1125 2154 1149 2211 si
1172 2159 1270 2213 autern
1293 2159 1410 2231 tempus

124 2237 259 2298 attendas
286 2240 494 2317 praeteritum,
523 2238 626 2315 utique
649 2237 764 2295 actione
787 2236 918 2296 cultoris.
960 2236 1098 2296 accidunt
1124 2239 1293 2316 participiis
1320 2240 1409 2298 etiarn

124 2325 250 2400 figurae,
274 2325 352 2382 sicut
374 2320 485 2382 ceteris
506 2320 642 2400 partibus
664 2322 823 2391 orationis,
853 2321 993 2400 simplex,
1017 2328 1050 2382 ut
1072 2321 1220 2392 scribens,
1244 2324 1408 2402 conposita,

84 2430 111 2470 oo
124 2416 157 2467 ut
179 2406 361 2468 describens.

590 2556 639 2618 DE
662 2556 941 2621 coniunctione

208 2678 382 2738 Conitmctio
405 2686 449 2738 est
471 2695 540 2757 pars
562 2679 706 2738 orationis
728 2677 887 2739 adnectens
910 2678 1108 2758 ordinansque
1131 2681 1317 2739 sententiam.
1340 2698 1409 2738 con·

19 2772 27 2782 '
89 2811 97 2824 ,
122 2766 267 2823 iunctioni
291 2763 400 2823 accidit
421 2770 562 2842 potestas.
592 2769 722 2841 potestas
744 2770 790 2823 est
811 2763 856 2823 vel
878 2782 954 2843 quae
977 2763 1095 2842 copulat
1118 2762 1222 2831 verba,
1245 2769 1278 2823 ut
1300 2770 1409 2842 etque

123 2867 172 2918 ac;
196 2849 239 2908 vel
263 2849 422 2925 disiungit,
446 2855 478 2907 ut
500 2853 550 2907 aut
572 2847 617 2908 vel
640 2866 695 2908 nec
717 2865 831 2927 neqne;
861 2856 911 2909 aut
938 2848 1049 2927 explet,
1074 2855 1106 2907 ut
1127 2866 1250 2927 prorsus
1272 2847 1410 2908 videlicet

84 2957 109 2996 ιι
123 2933 235 2993 scilicet
256 2935 330 3012 quin
352 2935 441 2993 etiam
463 2940 493 2991 ot
515 2933 639 3002 similia;
663 2934 819 3012 autquasi
842 2951 961 2993 causam
982 2932 1095 3000 reddit,
1126 2940 1159 2992 ut
1185 2950 1254 2992 nam
1281 2951 1408 3012 namque

123 3021 203 3078 enirn
225 3016 418 3097 quamobrem
441 3019 556 3096 itaquc;
580 3019 736 3096 autquasi
759 3018 964 3085 ratiocinatur,
987 3025 1020 3077 ut
1042 3033 1113 3094 ergo
1136 3019 1227 3094 igitur
1249 3024 1407 3096 propterea

123 3109 153 3163 ot
175 3102 292 3164 similia.
323 3110 352 3162 et
374 3102 441 3162 ideo
462 3103 573 3181 partim
595 3102 777 3180 copulativae
800 3101 955 3171 dicuntur,
978 3103 1087 3181 partim
1110 3101 1316 3171 disiunctivae,
1340 3120 1407 3182 par·

123 3190 174 3248 tim
202 3188 380 3267 expletivae,
410 3188 519 3265 partim
547 3186 695 3254 causales,
723 3187 832 3264 partim
860 3186 1030 3247 rationales.
1074 3185 1125 3245 sed
1149 3185 1258 3246 multae
1287 3189 1407 3247 omniuo

122 3275 346 3333 coniunctiones
368 3280 450 3340 sunt,
474 3271 510 3330 de
533 3270 642 3350 quibus
658 3269 817 3347 diligenter
839 3272 1026 3348 grammatici
1049 3270 1232 3340 deliberant,
1255 3289 1314 3351 quo
1336 3273 1407 3333 isto·

83 3380 109 3420 ao
123 3377 188 3418 rum
211 3360 341 3437 quinque
365 3357 516 3416 nominum
539 3374 589 3415 eas
610 3362 731 3424 vocent,
760 3354 805 3414 rel
833 3362 933 3416 utrum
955 3354 1030 3416 aliae
1053 3354 1239 3416 differentiae
1261 3357 1322 3416 sint
1344 3357 1407 3417 adi-

121 3443 253 3503 ciendae.
298 3459 385 3521 quam
413 3441 496 3500 litem
521 3442 591 3519 quia
619 3446 649 3499 et
674 3439 794 3517 longum
824 3447 854 3500 et
881 3439 1001 3501 difficile
1031 3447 1076 3500 est
1107 3440 1236 3509 solvere,
1270 3439 1343 3501 illud
1370 3440 1407 3502 de

123 3525 381 3586 coniunctionibus
404 3522 407 3601 1
432 3523 522 3584 breve
545 3531 736 3604 praeceptum
758 3525 810 3594 sit,
835 3531 883 3593 ut,
906 3543 973 3584 cum
997 3525 1123 3602 legimus
1145 3527 1226 3585 viros
1248 3524 1406 3588 locutionis

122 3614 296 3672 auctoritate
319 3609 523 3685 dignissimos,
548 3609 749 3678 advertamus,
778 3627 837 3689 quo
859 3627 993 3689 quaeque
1016 3609 1079 3669 loco
1101 3612 1184 3670 etin
1206 3627 1264 3689 qua
1286 3617 1405 3671 senten·

122 3700 161 3755 tia
190 3697 259 3774 poni
288 3694 393 3763 soleat,
422 3700 455 3753 ut
488 3694 701 3755 consuetudine
734 3694 927 3773 intellegendi
960 3693 1037 3754 bene
1072 3694 1333 3755 coniunctionibus
1362 3698 1406 3755 uti

82 3805 108 3843 aa
122 3783 278 3860 possimus,
323 3797 390 3838 nam
418 3780 512 3858 siquis
540 3786 677 3860 quaerat,
705 3780 777 3859 quid
800 3781 839 3840 sit
861 3782 965 3849 immo,
989 3798 1048 3840 non
1070 3780 1156 3840 facile
1181 3779 1324 3850 dixerim,
1347 3799 1407 3860 quo

122 3864 207 3925 niodo
230 3867 257 3924 ei
280 3863 325 3922 vel
348 3860 471 3924 definire
494 3863 539 3924 rel
557 3867 753 3950 interpretari
776 3865 853 3925 hanc
874 3866 1114 3925 coniunctionem
1136 3867 1295 3944 possimus.
1337 3884 1405 3945 pro·

121 3949 244 4010 serendo
267 3966 338 4025 ergo
360 3950 466 4009 multas
489 3951 664 4018 sententias,
688 3952 720 4009 in
741 3949 851 4029 quibus
872 3949 966 4029 posita
988 3957 1047 4019 est,
1071 3951 1148 4010 miro
1169 3950 1296 4029 quodam
1318 3950 1406 4012 modo

121 4036 191 4115 qiud
216 4034 311 4093 valeat
333 4035 517 4095 insinuamus
539 4053 606 4095 curn
628 4034 754 4114 quodam
777 4037 866 4095 etiarn
888 4041 973 4112 gestu
996 4035 1226 4114 pronuntiandi,
1249 4041 1283 4095 ut
1304 4043 1350 4095 est

272 4122 393 4188 immo,
416 4121 483 4187 ait,
507 4138 524 4178 o
547 4121 661 4189 cirea,
685 4126 837 4199 arrepto
859 4126 1025 4199 ternpore
1048 4119 1212 4190 Turnus,

82 4231 108 4268 ao
272 4206 395 4280 cogite
419 4204 619 4264 concilium

121 4299 151 4350 et

190 4480 233 4525 {aa
253 4473 397 4541 participio]
419 4481 444 4521 ut
460 4475 592 4540 participio
607 4476 633 4525 B
649 4484 675 4523 ut
688 4475 850 4539 participium
872 4477 901 4524 V
964 4473 982 4525 d
998 4489 1013 4523 a
1031 4475 1109 4525 uerbo
1125 4490 1233 4525 ueneror
1255 4475 1403 4537 (uenerandi

127 4546 325 4600 VicolorBV
392 4547 484 4595 unam
503 4545 638 4609 participia
657 4543 719 4594 BV
788 4541 1116 4609 intereluderentur?
1187 4544 1217 4593 Γ)
1235 4541 1341 4609 Tullius]
1355 4559 1404 4606 pro
1491 4540 1497 4548 ’

123 4616 195 4664 Coeo.
216 4616 259 4669 21,
278 4616 309 4665 nt
383 4615 414 4664 15
432 4614 499 4675 quod
518 4613 601 4663 cultus
621 4614 745 4663 u'eoerua
815 4614 846 4664 li
865 4629 911 4663 auo
928 4613 980 4678 (est
993 4614 1054 4663 add.
1076 4614 1114 4668 Vl
1130 4613 1211 4663 cultus
1226 4621 1264 4661 est
1279 4622 1362 4662 autem
1380 4613 1402 4663 si

122 4685 152 4732 ad
171 4685 213 4737 tad
232 4700 278 4734 om.
303 4687 340 4747 V)
356 4693 454 4749 ternpus
473 4683 530 4732 BV
597 4683 630 4734 18
647 4684 783 4748 praeterita
800 4685 828 4731 V
840 4692 970 4749 praeterea
988 4682 1013 4732 B
1081 4683 1115 4734 23
1132 4682 1223 4731 accidit
1239 4690 1351 4746 potestas
1366 4691 1403 4733 est

122 4755 178 4802 BV
244 4753 279 4802 29
298 4750 512 4812 ἀειῑδειιιιιειιιῐό
564 4752 598 4803 32
616 4761 776 4818 praeceptum
796 4754 828 4802 eit
842 4763 873 4803 ot
894 4752 1018 4804 Weberna
1036 4762 1196 4818 praeceptum
1215 4751 1280 4800 aient
1300 4751 1353 4808 BV

122 4823 155 4873 33
168 4824 329 4873 aduertamus
345 4839 445 4887 quoque
463 4839 528 4886 quae
546 4821 601 4873 loca
618 4822 674 4872 BV
735 4822 770 4877 39
785 4823 861 4879 immo
879 4820 924 4890 ait]
950 4823 1028 4889 Verg.
1049 4823 1113 4876 Aen.
1134 4820 1169 4870 Xl
1187 4819 1239 4873 459
1362 4844 1364 4848 ·
