3346 5498
282 365 343 430 174
853 366 1004 429 rouruu

306 488 327 530 p.
342 474 464 516 tto-781„

280 557 330 616 ‘in
357 554 465 634 quibus
492 572 601 632 genera
630 554 823 615 discernenda
852 562 934 624 sunt,
964 554 1049 616 aliter
1077 554 1285 634 proferenda’.
1330 564 1359 616 et
1387 555 1457 635 quid
1481 554 1570 633 crgo?

279 657 447 718 laciendum
472 664 516 716 est
538 663 570 717 ut
591 658 666 717 scias
694 674 787 736 pauca
816 674 880 717 esse
909 674 984 734 quae
1007 655 1170 717 dillerenda
1191 666 1275 725 sunt,
1300 664 1330 717 ct
1352 657 1422 717 dicit
1445 655 1570 737 ‘alasque

279 760 343 820 istis
365 759 464 818 omnia
485 759 517 818 in
540 760 564 817 is
586 758 765 837 proferenda
788 762 884 818 sunt'.
932 760 976 817 vix
1000 750 1130 838 quinipue
1158 767 1207 818 aut
1229 778 1279 819 sex
1296 761 1494 845 inveniuntur
1516 776 1569 818 uo-

280 863 358 922 mina
382 877 457 937 quae
479 861 519 919 ita
542 861 748 939 proterantur,
773 859 850 920 mula
875 859 1018 920 mularum
1043 859 1194 929 mulabus,
1219 879 1292 940 equa
1316 877 1457 938 equarum
1481 877 1570 938 equa·

277 963 349 1033 hus,
374 962 431 1023 filia
453 961 578 1023 tiliarum
602 962 730 1031 filiabus,
754 961 809 1023 dea
832 961 953 1023 dearum
977 960 1103 1031 deabus
1128 961 1290 1041 etreliqua
1314 981 1405 1024 uuum
1428 968 1478 1022 aut
1500 961 1598 1022 duos

278 1066 336 1126 iam
364 1066 429 1142 ipse
457 1056 649 1143 dixit,⁴'quae
672 1070 745 1123 'suut
773 1073 895 1142 excepta
925 1063 1112 1124 discretionis
1140 1082 1235 1124 causa.
1280 1066 1352 1124 item
1385 1082 1401 1123 e
1434 1072 1572 1143 correpta

278 1167 376 1227 littera
405 1167 579 1226 terminatus
607 1163 751 1226 ablativus
778 1166 945 1244 genetivum
968 1164 1113 1244 pluralem
1136 1166 1168 1226 in
1191 1185 1240 1226 um
1262 1168 1365 1236 mittit,
1390 1165 1517 1226 dativum
1541 1174 1572 1226 ει

278 1267 436 1329 ablativum
458 1269 488 1328 iu
513 1266 576 1340 bus,
601 1275 633 1326 ut
655 1265 692 1327 alr
715 1266 772 1327 lroc
795 1269 906 1346 pariete
930 1266 1035 1328 horum
1059 1269 1205 1346 parietum
1228 1267 1273 1327 bis
1296 1274 1326 1328 et
1347 1267 1383 1327 ab
1406 1267 1453 1328 his
1475 1269 1571 1348 parie-

278 1369 368 1436 tibus.
400 1370 403 1450 l
432 1369 483 1430 sed
511 1371 566 1430 ista
594 1388 609 1429 e
638 1368 796 1446 aliquando
825 1371 855 1430 in
884 1371 893 1428 i
922 1369 1046 1429 vertitur
1074 1377 1102 1428 et
1130 1370 1173 1428 sic
1195 1371 1302 1449 accipit
1325 1388 1389 1438 um,
1413 1368 1571 1446 aliquando

279 1475 357 1551 perit
380 1479 409 1532 et
430 1473 473 1531 sic
494 1472 602 1549 accipit
624 1489 689 1531 nm:
713 1472 791 1550 perit
813 1490 844 1540 e,
867 1470 897 1530 id
921 1478 966 1530 εει
987 1469 1024 1530 ab
1047 1469 1103 1530 lroc
1125 1480 1248 1551 parente
1270 1471 1377 1532 lmrum
1398 1480 1569 1551 pareutum;
1585 1486 1611 1524 1⁰

220 1630 225 1639 .
278 1582 411 1635 mutate
433 1575 463 1634 in
486 1575 510 1641 i,
535 1580 567 1633 ut
589 1571 626 1632 ab
649 1571 705 1632 hac
728 1572 811 1633 clade
833 1571 970 1633 cladium.

607 1757 654 1805 Du
677 1756 829 1804 NVMERlS
853 1756 956 1817 Qvasl
978 1755 1235 1804 RETRACTANDO

363 1863 476 1925 Accidit
504 1863 592 1923 etiam
624 1865 737 1923 nomini
765 1882 914 1926 uumerus.
960 1862 1012 1923 sed
1040 1863 1116 1941 apud
1140 1863 1259 1923 Latinos
1282 1862 1341 1924 duo
1364 1872 1434 1924 sunt
1456 1871 1570 1954 tantum

279 1965 366 2026 modo
390 1967 521 2034 numeri,
545 1964 702 2043 singularis
726 1972 755 2026 ει
776 1965 915 2044 pluralis;
937 1965 1016 2045 apud
1039 1965 1168 2027 Graecos
1192 1973 1236 2025 est
1259 1967 1344 2025 etiam
1369 1964 1472 2026 dualis.
1510 1967 1570 2027 sin·
1666 2022 1668 2026 a

278 2067 388 2145 gularis
413 2077 458 2128 est
485 2086 642 2138 numerus,
673 2069 722 2146 qui
750 2086 839 2128 unum
868 2069 1028 2145 siguificat,
1057 2078 1088 2129 ut
1116 2077 1185 2147 puta
1214 2066 1261 2127 hic
1289 2066 1394 2135 homo;
1422 2086 1498 2128 unus
1527 2076 1609 2128 estro

278 2179 390 2231 tantum
420 2169 518 2230 modo.
562 2169 685 2248 pluralis
713 2176 758 2230 est
786 2189 941 2240 numeruS,
971 2171 1021 2250 qui
1051 2169 1159 2231 multos
1181 2170 1340 2248 significat,
1365 2167 1395 2228 lri
1419 2168 1568 2235 homines;

277 2280 347 2351 puta
369 2278 503 2339 centum,
532 2270 651 2332 ducenti
678 2272 703 2331 si
731 2273 798 2331 sint.
844 2270 940 2332 dualis
964 2279 1022 2341 est,
1053 2275 1103 2351 qui
1125 2271 1198 2332 tluos
1222 2280 1333 2334 lautum
1356 2271 1515 2348 significat,
1540 2280 1571 2332 ut

277 2376 302 2435 si
325 2374 405 2435 dicas
427 2375 495 2434 duo.
522 2372 578 2432 lroc
601 2375 697 2451 ipsum
720 2373 837 2452 quando
861 2373 927 2434 dico
950 2373 1023 2441 duo,
1048 2392 1145 2454 neque
1171 2392 1262 2434 unum
1286 2381 1383 2452 potem
1403 2374 1570 2450 significare

279 2494 374 2556 neque
397 2474 519 2544 multos,
545 2484 573 2534 et
596 2475 705 2535 idcirco
729 2466 835 2536 dicitur
858 2473 960 2536 dualis.
993 2484 1022 2535 et
1043 2483 1112 2536 sunt
1134 2476 1193 2536 duo
1216 2477 1334 2535 nomina
1357 2473 1435 2553 apud
1451 2474 1570 2536 Latinos

277 2579 396 2638 numeri
419 2575 514 2637 dualis
537 2585 649 2637 tautum
672 2576 775 2645 modo,
799 2584 833 2638 ut
854 2576 911 2636 dno
935 2588 964 2638 et
986 2578 1087 2648 ambo,
1112 2596 1167 2638 nec
1189 2576 1315 2656 amplius
1338 2578 1480 2637 invenies,
1511 2577 1608 2640 dnoeo

278 2689 307 2741 ει
335 2679 421 2740 amlto
451 2697 509 2740 non
538 2679 702 2757 significant
730 2696 826 2757 neque
856 2697 947 2739 unum
975 2698 1072 2759 neque
1100 2678 1218 2740 multos.
1264 2686 1482 2757 temptaverunt
1510 2697 1568 2739 non

277 2779 350 2842 nulli
374 2782 447 2842 llaec
470 2783 533 2860 ipsa
557 2782 672 2841 numeri
695 2779 814 2859 pluralis
838 2780 936 2842 dicere
960 2781 1014 2843 hac
1037 2780 1226 2863 dedinitione.
1273 2782 1322 2859 qui
1345 2791 1390 2841 est
1412 2780 1569 2859 singularis

277 2885 437 2945 numerus?
461 2885 624 2962 quirinum
648 2882 801 2960 siguificat.
836 2883 974 2962 quicquid
999 2901 1057 2943 nou
1081 2890 1170 2944 rrnuin
1195 2884 1348 2960 siguificat,
1372 2885 1429 2943 iam
1452 2883 1569 2943 videtur

278 2987 393 3047 numeri
416 3003 480 3045 esse
502 2984 633 3064 pluralis.
679 2983 730 3045 sed
754 2984 809 3044 hoc
833 2984 936 3045 laisum
961 2992 1014 3045 est.
1057 2985 1126 3064 qnid
1150 2987 1227 3045 enim
1252 3004 1375 3046 necesse
1399 2994 1442 3046 est
1464 2987 1569 3064 utqui

278 3108 354 3149 unus
369 3107 429 3148 uon
445 3095 489 3149 εει
504 3087 607 3147 decem
623 3087 701 3147 sint?
724 3095 774 3147 aut
789 3088 840 3166 qui
855 3086 957 3147 decem
974 3104 1031 3147 non
1048 3094 1117 3148 sunl
1133 3097 1252 3149 centurn
1268 3090 1345 3148 sint?
1370 3106 1429 3147 nou
1451 3094 1496 3147 est
1511 3085 1568 3146 lroc
1582 3112 1608 3150 25

276 3209 394 3259 verum,
418 3188 494 3251 mala
518 3190 649 3250 definitio
673 3197 725 3249 est.
771 3189 858 3268 plane
882 3208 935 3249 nos
963 3191 1041 3249 scire
1063 3187 1207 3250 debemus
1230 3189 1308 3267 quod
1332 3189 1390 3250 duo
1413 3197 1482 3250 sunt
1504 3196 1569 3249 tau·

277 3302 338 3354 tum
363 3292 450 3353 modo
473 3311 627 3353 sermones
650 3291 726 3370 apud
750 3291 883 3361 Latinos,
914 3292 963 3367 qui
986 3293 1152 3369 significant
1175 3310 1331 3352 numerum
1355 3291 1485 3362 dualem,
1509 3290 1568 3351 duo

276 3404 305 3456 et
328 3396 423 3456 ambo.
456 3394 579 3455 ethaeo
602 3395 665 3473 ipsa
683 3395 801 3454 uomina
818 3392 951 3453 anomala
975 3402 1056 3454 sunt:
1081 3393 1209 3453 diximus
1232 3393 1288 3453 hoc
1311 3395 1420 3453 iamin
1445 3393 1568 3472 regulis.
1657 3463 1664 3480 θ

276 3515 347 3575 crgo
376 3496 533 3575 singularis
562 3503 632 3575 puta
661 3514 802 3556 numeros
830 3503 875 3556 εει
902 3495 951 3554 lric
973 3497 1126 3574 magister,
1155 3495 1278 3575 pluralis
1307 3504 1351 3556 est
1374 3494 1404 3554 lri
1426 3497 1568 3575 magistri.

276 3606 321 3659 est
350 3601 438 3659 ctiam
468 3616 609 3659 numerus
638 3598 811 3657 communis.
858 3599 1023 3658 communis
1052 3597 1162 3658 dicitur
1195 3616 1352 3666 uumerus,
1387 3597 1505 3677 quamdo
1539 3604 1608 3661 eleo

276 3700 432 3777 singularis
453 3718 596 3761 numerus
619 3698 697 3760 idem
721 3707 765 3759 est
788 3707 817 3759 et
838 3698 961 3777 pluralis
983 3699 1075 3775 idem,
1101 3699 1153 3759 sed
1177 3708 1291 3761 tantum
1314 3699 1403 3759 modo
1425 3701 1568 3779 tempori·

276 3799 330 3862 bus
352 3815 553 3880 segregamur,
579 3809 610 3861 ut
631 3801 680 3861 lric
702 3800 809 3861 fluctus
832 3808 862 3860 et
884 3800 914 3860 lri
935 3801 1053 3862 lluctus.
1085 3808 1201 3881 tempus
1224 3809 1336 3862 tantum
1360 3801 1447 3865 modo
1471 3802 1567 3870 distat,

276 3911 408 3963 ceterum
432 3905 527 3965 exitus
550 3902 725 3982 syllabarum
750 3903 855 3964 similis
878 3911 935 3972 est;
960 3903 1012 3963 sed
1035 3902 1142 3963 linctus
1164 3904 1194 3962 in
1219 3922 1345 3964 numero
1368 3902 1475 3982 plurali
1498 3922 1567 3983 pro-

276 4005 407 4073 ducitur,
438 4007 467 4065 in
496 4004 637 4083 singulari
665 4005 836 4083 corripitur.
881 4004 937 4064 lroc
960 4004 1079 4084 quidem
1103 4006 1133 4064 iu
1157 4015 1262 4083 quarta
1286 4005 1493 4066 declinatione.
1536 4008 1569 4067 in

276 4110 377 4186 quinta
402 4107 598 4169 declinatione
620 4125 726 4167 sensus
749 4113 860 4166 tantum
884 4106 971 4167 modo
995 4109 1064 4168 iacit
1087 4105 1298 4176 differentiam,
1328 4108 1377 4168 hic
1400 4108 1464 4168 dies
1487 4116 1516 4168 et
1537 4107 1568 4169 hi
1582 4133 1609 4172 aa

276 4211 354 4270 dies:
379 4217 408 4270 ot
429 4208 477 4270 illa
494 4208 579 4287 longa
597 4217 685 4270 estet
708 4207 758 4268 illa
781 4207 883 4286 longa;
908 4208 981 4269 nilril
997 4217 1148 4288 praestant
1169 4216 1316 4290 tempora,
1334 4209 1386 4271 sod
1402 4209 1568 4270 dillereutia

275 4314 418 4373 insensu
441 4319 494 4373 est.
530 4315 606 4373 scire
628 4319 726 4372 aulem
748 4319 780 4371 tu
803 4309 893 4370 debes
916 4314 1055 4389 quoniam
1078 4314 1194 4372 numeri
1216 4312 1373 4392 singularis
1396 4313 1516 4373 nourina
1540 4322 1569 4373 et

277 4416 394 4484 numeri
417 4413 540 4493 pluralis
563 4416 590 4474 in
614 4415 710 4493 prima
734 4412 931 4474 declinatione
947 4416 1040 4473 autin
1057 4413 1185 4488 secunda
1210 4422 1293 4483 sunt;
1317 4417 1346 4476 in
1370 4422 1474 4495 quarta
1498 4434 1568 4475 vero

345 4655 361 4705 2
385 4670 451 4719 quae
469 4653 609 4704 deferendo
630 4655 667 4706 A:
687 4657 801 4717 sortasse
818 4669 882 4718 quae
901 4653 1060 4703 discretionis
1084 4669 1160 4704 carran
1179 4653 1251 4703 aliter
1269 4653 1420 4718 proferendo
1438 4666 1498 4705 sunt

277 4727 308 4777 17
329 4735 430 4776 eentum
450 4725 550 4775 ducenti
575 4727 595 4773 ai
617 4726 667 4773 sint
683 4741 728 4778 om.
751 4725 908 4786 A‚odd,a
979 4725 1070 4774 aanor
1094 4725 1421 4789 quidecemsnntABC
1489 4725 1565 4775 asin

276 4794 384 4863 regulis]
405 4813 433 4860 p.
454 4794 503 4847 158
523 4797 562 4845 ed.
578 4796 653 4845 Liod.
725 4795 758 4846 37
778 4797 895 4859 quonium
918 4797 1013 4845 numeri
1031 4796 1170 4861 singularia
1185 4795 1286 4845 nomino
1302 4805 1326 4844 et
1344 4797 1440 4845 numeri
1461 4796 1568 4862 pluralis

276 4865 349 4919 Boo
372 4866 491 4932 quoniam
516 4866 618 4916 nomina
641 4866 736 4916 numeri
756 4866 893 4932 singularis
907 4874 932 4916 et
948 4866 1053 4932 pluralis
1072 4865 1097 4914 Α
