3346 5498
671 418 905 482 eonnanvvn
1112 495 1113 498 Ν
1378 415 1438 480 193

1254 540 1275 580 p.
1289 528 1376 568 rto-21
1392 528 1413 566 ι,

146 611 203 671 uisi
225 629 241 670 a
265 617 368 686 quarta
391 607 602 676 declinatione,
633 609 689 668 nisi
716 608 753 669 ab
781 610 837 669 isto
860 607 999 678 ablativo,
1024 605 1060 666 ab
1083 606 1139 666 bac
1161 605 1252 667 domu
1276 607 1438 668 domuum?

146 731 217 790 ergo
240 710 297 771 boc
312 728 435 779 nomen,
460 717 492 770 nt
513 708 586 777 disi,
612 710 688 789 apud
712 711 839 770 maiores
862 717 980 769 nostros
1002 716 1125 788 quartae
1147 709 1245 771 luerat
1267 708 1439 770 declinatio·

146 815 200 874 nis.
232 814 379 893 posterior
401 820 482 872 aetas
504 813 658 890 usurpavit
684 811 741 872 sibi
764 830 849 873 casus
872 820 948 881 tres,
978 810 1137 872 ablativum
1165 810 1360 890 singularem,
1389 828 1439 888 ge·

146 917 277 976 netivnm
304 913 450 994 pluralem
481 923 510 973 et
537 909 736 975 accusativum
764 912 922 993 pluralem;
957 912 1011 973 hos
1038 915 1189 993 usurpavit
1216 914 1252 974 ad
1279 912 1439 974 secundam

122 1017 385 1078 vdeetinationem.
431 1024 529 1076 tamen
562 1014 704 1076 ablativus
739 1035 757 1077 u
789 1014 1003 1077 terminabatur
1037 1015 1115 1095 apnd
1147 1017 1276 1076 maiores
1312 1022 1440 1084 nostros,

147 1138 217 1180 vasus
245 1137 388 1199 praesens
416 1137 433 1178 o
462 1117 641 1198 adsumpsit;
672 1137 732 1179 non
761 1118 833 1179 dixit
855 1117 892 1178 ab
920 1117 976 1178 bac
1005 1118 1107 1188 domu,
1131 1117 1183 1178 sed
1205 1117 1241 1178 ab
1264 1116 1319 1178 hac
1342 1116 1438 1177 domo.

147 1220 199 1281 sed
222 1228 251 1280 et
273 1222 440 1299 genetivum
462 1218 609 1298 pluralem
631 1221 729 1281 inum
744 1219 915 1289 mittebant,
938 1239 992 1280 vvos
1014 1223 1045 1279 in
1067 1238 1132 1280 rum
1156 1221 1316 1288 mittImus,
1343 1226 1373 1278 et
1394 1236 1441 1278 ac·

148 1325 310 1384 curativum
332 1321 478 1402 pluralem
501 1321 554 1382 bas
576 1321 682 1382 domos
703 1323 841 1392 dicimus,
864 1321 906 1382 illi
928 1321 1068 1382 dicebant
1090 1319 1142 1382 bas
1165 1321 1280 1386 domus.
1309 1321 1357 1380 isti
1374 1327 1442 1381 sunt

149 1435 209 1486 tres
231 1444 317 1486 casus
340 1425 391 1501 qui
412 1426 545 1504 usurpati
567 1431 649 1492 suut;
678 1423 791 1501 reliqua
816 1425 911 1484 omnis
939 1422 1097 1484 declinatio
1119 1422 1232 1501 resedit
1252 1424 1331 1484 circa
1355 1419 1463 1482 usum

111 1529 317 1606 ¹0antiquum;
346 1524 420 1585 nibil
448 1525 518 1586 iude
552 1527 807 1606 praesumpsimus
840 1526 899 1586 nisi
931 1524 986 1585 hos
1013 1524 1093 1587 solos
1121 1543 1215 1586 casus.
1261 1543 1353 1604 quare
1386 1523 1442 1584 boc

149 1629 258 1690 lactum
282 1636 338 1698 est,
364 1637 397 1688 ut
419 1636 448 1686 et
469 1629 621 1705 genetivus
643 1626 765 1707 pluralis
786 1629 818 1688 iu
841 1647 909 1688 rum
932 1625 1035 1709 exilret
1062 1635 1091 1688 et
1114 1627 1227 1689 dativus
1250 1635 1279 1688 et
1300 1625 1443 1689 ablativus

148 1733 179 1792 in
202 1730 258 1791 bus
281 1729 415 1790 exirem?
445 1728 510 1790 vide
538 1731 625 1790 etiam
652 1731 683 1789 in
710 1731 773 1810 ipsa
796 1727 941 1790 anomalia
964 1731 1092 1792 maiores
1114 1738 1233 1791 nostros
1255 1737 1374 1790 secutos
1396 1747 1442 1789 ra·

150 1835 269 1894 tionem.
303 1829 470 1892 anomalum
494 1840 539 1890 est
560 1831 617 1891 hoc
639 1830 762 1902 nomen,
785 1832 816 1892 id
839 1843 884 1892 est
905 1830 1077 1909 inaequale;
1102 1840 1131 1892 et
1154 1840 1253 1893 tamen
1276 1833 1340 1911 ipsa
1361 1832 1443 1891 inae-

149 1934 275 2014 qualitas
298 1952 334 1993 ex
357 1934 471 1993 ratione
488 1932 651 1993 descendit.
682 1933 802 2012 regulae
825 1933 914 1996 buius
936 1932 1017 1993 modi
1038 1941 1122 1994 sunt:
1146 1932 1284 2014 plerique
1306 1953 1322 1993 a
1346 1933 1443 1993 dativo

112 2047 138 2088 1⁵
149 2034 293 2114 singulari
322 2033 439 2113 regulas
469 2045 603 2103 sumunt,
639 2033 773 2115 plerique
801 2034 838 2095 ab
867 2035 994 2096 ablativo
1021 2035 1174 2114 singulari.
1219 2029 1270 2116 qui
1298 2054 1314 2096 a
1347 2034 1444 2096 dativo

149 2137 291 2217 singulari
321 2136 439 2214 regulas
466 2145 601 2207 sumunt,
630 2136 687 2195 boc
716 2137 831 2207 dicunt,
863 2138 977 2199 dativus
1003 2137 1161 2217 singularis
1182 2139 1193 2197 i
1216 2139 1391 2198 terminatus
1413 2137 1443 2196 in

150 2239 204 2301 bus
226 2240 316 2300 mittit
339 2238 467 2299 dativum
491 2248 520 2298 et
543 2237 701 2299 ablativum
724 2237 885 2319 pluralem;
909 2258 965 2300 nec
982 2238 1075 2301 'solvis
1097 2242 1182 2301 istam
1205 2239 1353 2318 regulam,
1376 2257 1444 2318 pev-

149 2349 237 2420 petua
261 2349 319 2408 est,
344 2340 411 2399 huic
434 2340 503 2418 agili
526 2339 571 2401 his
595 2349 625 2401 et
647 2340 684 2401 ab
706 2339 753 2400 his
775 2340 917 2420 agilibus,
940 2341 1010 2403 huic
1033 2341 1121 2403 docili
1143 2343 1189 2402 bis
1211 2348 1242 2402 et
1264 2341 1301 2401 ab
1323 2341 1370 2401 his
1392 2339 1443 2400 do-

151 2443 271 2512 cilibus,
301 2442 371 2502 huic
399 2444 509 2502 amanti
536 2440 582 2502 bis
611 2452 640 2503 et
661 2442 698 2503 ab
721 2442 767 2503 lais
789 2443 972 2513 amantibus,
996 2443 1066 2504 huic
1089 2442 1196 2504 calenti
1218 2442 1264 2504 bis
1287 2451 1317 2503 et
1338 2441 1376 2503 ab
1398 2441 1445 2502 lris

112 2544 326 2607 malentibus:
357 2544 471 2604 dativus
499 2543 657 2623 singularis
678 2546 689 2603 i
713 2546 886 2606 terminatus
909 2546 1039 2607 dativum
1067 2552 1097 2606 et
1118 2543 1276 2606 ablativum
1299 2542 1444 2624 pluralem

149 2650 181 2708 in
204 2647 259 2707 bus
281 2647 379 2706 mittit.
424 2648 496 2705 item
519 2645 662 2706 ablativus
684 2646 844 2726 singularis
867 2667 883 2708 o
906 2647 1004 2709 littera
1027 2649 1202 2709 terminatus
1224 2648 1392 2726 genetivum
1413 2648 1445 2706 in

151 2768 218 2811 rum
241 2749 344 2817 mittit,
369 2746 406 2806 ab
429 2748 485 2809 boc
509 2747 595 2808 docto
619 2747 726 2810 borum
748 2748 913 2826 doctorum,
938 2749 976 2811 ab
998 2750 1055 2810 hoc
1077 2748 1194 2811 excelso
1217 2748 1325 2810 borum
1348 2747 1445 2808 excel-

151 2869 263 2912 sorum.
307 2851 459 2911 inventum
483 2859 527 2911 est
550 2851 605 2912 boc
627 2869 737 2912 nomen
760 2853 791 2912 in
813 2851 955 2931 singulari
977 2870 1104 2914 numero
1126 2850 1241 2912 babens
1262 2851 1337 2911 duos
1360 2868 1446 2911 casus

152 2955 224 3014 istos
246 2952 395 3018 diversos,
420 2953 489 3013 huic
512 2952 614 3013 domni
636 2960 665 3014 et
688 2952 724 3014 ab
746 2953 803 3015 bac
825 2953 928 3023 domo;
959 2972 1028 3015 ecce
1050 2953 1165 3014 dativus
1188 2964 1217 3015 et
1238 2952 1380 3014 ablativus
1403 2951 1446 3012 di·

115 3068 140 3107 τᾶ
153 3056 230 3115 versi
253 3062 330 3114 suut.
375 3063 498 3134 propter
527 3055 656 3116 dativum
684 3055 865 3134 singularem
894 3058 903 3116 i
931 3058 1121 3117 terminatum
1144 3056 1267 3117 iacimus
1289 3056 1336 3115 bis
1359 3062 1388 3115 et
1409 3053 1446 3114 ab

153 3156 197 3218 bis
226 3155 375 3223 domibus;
405 3163 528 3234 propter
556 3155 924 3236 ablativuuL'qularem
951 3177 968 3217 o
996 3157 1094 3219 littera
1124 3160 1312 3219 terminatum
1335 3156 1448 3217 iaciunt

153 3258 258 3319 barum
286 3257 451 3318 domorum.
496 3260 535 3318 ita
564 3258 726 3328 iaciebant,
755 3242 787 3319 ut
815 3267 844 3320 et
871 3261 934 3339 ipsa
962 3253 1108 3320 anomalia
1137 3277 1173 3319 ex
1201 3261 1316 3320 ratione
1339 3259 1445 3319 veniat.

151 3379 220 3421 nam
244 3359 372 3421 dativum
395 3358 539 3439 pluralem
562 3366 592 3420 et
613 3359 772 3421 ablativum
793 3362 824 3420 iu
847 3360 903 3421 bus
925 3362 1007 3421 exire
1028 3361 1099 3421 lacit
1122 3360 1237 3423 dativus
1258 3360 1416 3439 singularis
1437 3361 1448 3419 i

153 3462 251 3523 littera
278 3463 468 3532 terminatus,
497 3463 568 3523 buic
597 3463 698 3524 domui
726 3458 870 3544 dolmibus
898 3462 978 3523 lacit.
1021 3465 1093 3525 item
1116 3461 1242 3524 ablativo
1265 3462 1447 3542 singularia

117 3578 141 3618 ³0
155 3563 251 3625 littera
274 3567 430 3625 terminato
453 3567 622 3643 genetivum
645 3566 675 3625 in
699 3584 764 3626 rum
788 3566 945 3634 mittimus,
968 3566 1007 3626 nb
1028 3566 1087 3626 boc
1108 3566 1195 3627 domo
1216 3565 1322 3627 harum
1345 3565 1448 3626 domo·

155 3686 231 3729 rum
277 3668 348 3726 item
376 3668 412 3727 de
440 3668 543 3744 iugero
567 3685 659 3727 unum
682 3685 783 3728 casum
805 3685 999 3747 usurpamus,
1027 3666 1185 3728 ablativum
1208 3668 1388 3747 singularem
1412 3667 1448 3728 ab

154 3769 211 3830 hoc
233 3770 348 3846 ingero.
393 3777 525 3828 ceterum
547 3771 675 3830 maiores
697 3771 791 3830 nostri
819 3768 876 3829 hoc
898 3786 1007 3830 nomeu
1030 3771 1134 3830 tertiae
1156 3770 1362 3832 declinationis
1384 3788 1449 3830 esse

154 3871 313 3931 voluerunt
334 3878 443 3940 totum,
473 3873 558 3949 inger
580 3873 690 3950 ingeris
711 3873 807 3950 iugeri
829 3873 915 3951 inger
938 3873 1022 3951 inger
1044 3875 1161 3952 ingere,
1190 3875 1292 3952 iugera
1313 3874 1449 3952 iugorum

154 3972 305 4052 iugeribus
333 3974 435 4050 iugera
463 3974 567 4050 iugera
594 3974 762 4052 iugeribus;
790 3975 896 4035 tertiae
918 3973 1123 4037 declinationis
1145 3974 1303 4036 voluerunt
1323 3977 1451 4035 maiores

119 4084 144 4124 ³⁵
157 4076 249 4136 nostri
275 4093 339 4135 esse
363 4074 419 4134 boc
442 4093 560 4135 nomeu.
590 4078 740 4155 posterior
762 4083 862 4136 tamen
879 4084 959 4138 aetas
973 4079 1126 4158 usurpavit
1148 4077 1205 4139 sibi
1223 4096 1314 4140 uuum
1338 4096 1448 4146 casum,

156 4178 243 4237 istum
266 4175 362 4236 solum
386 4175 545 4237 ablativum
568 4177 749 4256 singularem
771 4178 808 4240 ab
831 4179 888 4240 boc
910 4181 1023 4257 iugero.
1055 4180 1134 4240 unde
1156 4182 1186 4240 in
1201 4179 1297 4240 Plinio
1313 4179 1450 4240 Secundo

157 4276 281 4357 legimus
310 4281 447 4358 quoniam
478 4282 673 4341 nominativus
701 4280 858 4360 singularis
886 4300 946 4342 non
976 4280 1065 4343 debet
1093 4301 1155 4343 esse
1183 4284 1284 4360 inger,
1313 4281 1365 4343 sod
1393 4281 1450 4340 hoc

322 4432 462 4440 ——-

225 4502 283 4550 2ut
300 4516 347 4553 om.
364 4500 445 4550 ABG
513 4502 594 4551 anos
616 4502 685 4552 BCa
705 4503 753 4554 boc
770 4505 794 4551 Α
866 4503 882 4552 5
902 4502 1091 4552 terminatusG
1159 4501 1175 4552 6
1200 4517 1250 4552 uon
1268 4502 1376 4552 dicimus
1393 4516 1451 4551 con·

158 4570 214 4620 iecit
231 4571 418 4620 Lindemannus
490 4573 521 4621 12
544 4574 568 4620 in
589 4573 647 4636 ipsa
663 4574 779 4623 avromela
794 4572 819 4622 Α
892 4571 923 4622 13
938 4573 1054 4622 anomale
1070 4580 1108 4622 est
1128 4572 1192 4622 BC:
1212 4573 1312 4622 orromel
1333 4612 1382 4625 ...
1403 4571 1451 4620 hoc

160 4654 250 4690 nomen
272 4640 451 4703 inaequalitate
466 4642 489 4690 Α
508 4642 653 4691 arromalum
670 4653 707 4690 est
725 4641 774 4692 lroc
792 4656 884 4692 nomen
902 4642 1035 4704 inaequale
1051 4638 1084 4691 a*
1139 4643 1172 4690 24
1191 4642 1222 4691 ab
1241 4643 1289 4691 hac
1305 4641 1381 4690 domu
1401 4641 1453 4691 AO
1470 4671 1475 4678 ·

227 4726 286 4760 ecce
306 4711 407 4760 dutinus
426 4713 449 4759 B
467 4728 525 4760 ecce
544 4722 569 4761 et
594 4711 695 4761 datiuns
712 4713 785 4762 Ado
856 4711 889 4762 25
907 4722 1012 4777 propter
1030 4713 1144 4762 datiuum
1163 4712 1320 4776 singularem
1339 4713 1347 4759 i
1366 4712 1450 4759 termi-

160 4789 245 4829 natum
264 4780 338 4831 BCo
359 4791 461 4845 propter
479 4781 618 4830 ablatiuum
637 4783 792 4845 singularem
813 4797 828 4830 u
847 4782 1009 4831 terminatum
1029 4782 1054 4832 A
1107 4783 1140 4831 rt
1160 4793 1187 4831 ut
1205 4791 1229 4830 et
1247 4783 1305 4846 ipsa
1324 4775 1450 4830 anomalia

160 4850 289 4912 (anomala
309 4849 357 4911 aa)
383 4866 415 4898 ox
441 4854 537 4899 ratione
562 4853 648 4900 eveniat
667 4851 708 4899 Gn
731 4861 755 4901 et
779 4853 836 4915 ipsa
857 4852 974 4902 anomala
996 4868 1012 4902 a
1034 4853 1131 4902 ratione
1154 4851 1240 4900 ueniat
1259 4851 1284 4899 Α
1305 4861 1333 4900 ut
1352 4859 1376 4900 et
1395 4853 1452 4916 ipsa
1540 4899 1542 4902 .

160 4921 286 4968 anomalia
305 4937 336 4969 ox
356 4923 451 4968 ratione
473 4923 576 4970 ueniant
594 4921 619 4969 B
689 4921 723 4971 30
742 4923 773 4970 ab
794 4921 840 4971 bac
855 4923 930 4973 domo
948 4939 995 4974 om.
1015 4922 1098 4972 Anu
1156 4919 1190 4970 36
1210 4920 1294 4985 plenia
1312 4923 1337 4995 A

210 5010 385 5054 unanimanti
402 5010 491 5052 LATINI
506 5012 532 5052 V.
1210 5005 1249 5068 13
