3346 5498
641 409 712 471 dRS
741 405 768 469 ll
791 409 884 468 4-6
1346 401 1409 469 473

148 530 169 573 p.
183 520 239 560 xxxi.
253 519 278 560 es
291 517 314 558 r.
1230 525 1251 566 p.
1266 515 1310 556 ιιι.
1323 514 1348 555 se
1362 512 1384 553 x.

122 600 272 660 secundus
293 597 424 658 secundo
446 597 606 664 secundas,
630 594 709 655 idem
733 594 880 684 Aeneidos
902 594 980 655 libro
1002 594 1042 653 lll

275 703 351 760 rite
374 698 602 759 secundaret
625 699 728 758 visus
751 714 929 777 omenque
952 696 1109 756 levaret.

122 802 158 863 ab
182 821 217 862 eo
239 778 357 882 quoque
380 799 458 879 quod
481 785 532 860 est
542 799 648 860 menda
663 798 707 858 vel
723 794 862 859 mendum
885 794 1033 878 [nomine]
1060 794 1225 875 (utramque
1248 797 1328 855 enim
1350 803 1409 854 ter-

122 906 315 965 minationem
337 910 453 962 veteres
476 908 637 980 usurpant:
661 900 764 961 Cicero
787 903 818 960 in
840 909 979 980 praetura
1003 897 1152 959 Siciliensi
1176 896 1289 976 ‘quod
1313 915 1410 958 nten-

95 1006 207 1067 ⁵dum
229 1007 303 1065 ista
325 996 450 1063 litura¹
468 1005 666 1072 correxit'‚
691 1003 813 1064 Ovidius
835 1004 908 1063 artis
930 1002 1089 1062 amatoriae
1112 999 1189 1060 libro
1212 999 1223 1059 l

274 1113 382 1165 nocto
405 1085 525 1164 latent
547 1105 699 1165 mendae
722 1106 895 1182 vitioque
919 1089 1136 1180 ignoscitur
1158 1103 1276 1170 omni,

123 1210 201 1270 idem
224 1207 357 1267 eiusdem
379 1206 456 1268 libro
478 1206 505 1267 ll

274 1310 412 1369 eximet
434 1310 514 1387 ipsa
538 1308 619 1368 dies
640 1327 765 1367 omnes
787 1326 828 1367 ex
851 1325 1009 1386 corpore
1033 1293 1198 1386 mendas)

124 1410 245 1470 verbum
267 1412 300 1471 srt
322 1409 447 1470 emendo
470 1410 624 1477 emendas,
649 1417 680 1469 ut
701 1409 848 1469 luvenalis
870 1408 947 1469 libro
970 1409 992 1467 V
1141 1417 1145 1422 '

34 1589 39 1602 ι
83 1527 110 1566 ιο
535 1528 537 1532 ⁴
897 1518 1168 1571 ettamenuno

274 1614 439 1676 semodio
463 1612 590 1673 scobis
611 1613 702 1672 baec
724 1612 895 1673 emendat
917 1612 1093 1673 servulus
1115 1631 1222 1680 uuus,

123 1724 153 1776 et
175 1718 286 1777 Statius
308 1715 476 1776 Thebaidos
499 1713 577 1775 libro
600 1715 611 1773 l

307 1880 310 1886 ,
776 1834 847 1894 quo
869 1824 1035 1895 tompore
1059 1816 1208 1877 tandem

274 1929 461 1979 terrarum
484 1919 605 1978 turias
627 1916 778 1978 abolere
801 1926 837 1977 et
858 1918 1009 1978 saecula
1033 1925 1137 1977 retro

84 2035 110 2074 1⁵
275 2020 474 2082 emendare
497 2020 605 2079 lacta.
1040 2029 1042 2033 ’

124 2125 176 2184 sed
199 2125 288 2183 etiam
312 2122 497 2182 dillerentiae
520 2123 747 2198 significationis
769 2139 855 2181 causa
878 2128 937 2181 tam
959 2124 1073 2201 primae
1089 2141 1177 2201 quam
1201 2123 1307 2183 tertiae
1322 2142 1412 2202 quae·

124 2226 191 2286 dam
213 2243 248 2310 ex
271 2223 318 2283 his
341 2225 546 2290 inveniuntur,
577 2217 580 2303 l
606 2229 638 2281 ut
664 2222 771 2283 mando
792 2221 922 2291 mandis,
946 2222 977 2283 id
1000 2231 1044 2282 est
1067 2224 1229 2293 manduco,
1253 2232 1286 2283 ut
1307 2227 1412 2304 primi·

124 2330 231 2396 tivum,
255 2327 376 2394 tertiae;
400 2325 506 2385 mando
528 2323 663 2393 mandas,
688 2326 773 2404 quasi
790 2327 820 2384 in
836 2343 954 2386 manum
971 2325 1022 2396 do,
1046 2326 1076 2386 id
1092 2326 1138 2386 est
1152 2328 1303 2406 permitto,
1327 2329 1412 2407 quasi

124 2429 317 2489 derivativum
346 2427 390 2486 vel
418 2427 628 2506 compositum,
657 2429 770 2505 primae
800 2433 859 2494 est;
887 2425 965 2487 unde
994 2428 1084 2487 etiam
1114 2427 1239 2491 amende
1262 2430 1412 2497 ernendae,

85 2529 297 2590 recommendo
320 2528 508 2588 commendas
530 2528 606 2587 lacta
628 2535 707 2589 sunt.
742 2529 812 2588 item
836 2528 913 2607 quod
936 2528 972 2589 ad
995 2530 1141 2589 fusionem
1164 2529 1285 2610 quidem
1308 2532 1415 2591 attinet

124 2632 216 2693 fundo
231 2631 346 2699 lundis,
370 2639 402 2690 ut
418 2631 616 2708 primitivum,
639 2632 745 2690 tertiae
761 2636 821 2700 est,
845 2630 922 2690 unde
945 2631 1055 2691 lundus
1077 2650 1201 2700 nomon,
1226 2631 1256 2691 id
1272 2639 1317 2692 est
1332 2650 1413 2710 ager,

125 2735 290 2802 derivatur,
314 2731 391 2811 quod
414 2731 512 2792 tundit
534 2729 621 2791 nobis
642 2732 756 2792 tructus
780 2729 846 2811 [aut
868 2733 946 2793 aliud
970 2752 1077 2793 nomen
1099 2733 1223 2803 lundus,
1248 2734 1325 2814 quod
1348 2734 1414 2795 alti·

124 2835 259 2896 tudinem
282 2823 462 2914 siguificat];
486 2833 578 2894 londo
593 2841 691 2893 autem
707 2832 813 2894 lundas
828 2833 968 2902 verbum,
992 2832 1022 2893 id
1045 2841 1091 2893 est
1112 2834 1303 2896 fundamenta
1325 2854 1412 2915 pono,

126 2936 204 3016 quod
227 2955 243 2995 a
266 2937 385 2995 nomine
407 2934 485 3014 quod
508 2942 554 2994 ost
575 2934 696 3004 fundus,
720 2935 750 2994 id
767 2942 812 2994 est
827 2929 977 3014 πυθμήν,
1002 2935 1166 3005 derivatur,
1192 2936 1269 2997 undo
1292 2946 1323 2998 et
1344 2955 1413 3018 pro-

87 3052 113 3091 25
128 3038 236 3099 lundus
257 3039 463 3115 componitur,.
483 3055 499 3095 a
522 3055 580 3115 quo
603 3036 794 3097 fundamenta
817 3037 972 3106 dicuntur,
1005 3038 1071 3097 iure
1094 3038 1207 3116 primae
1230 3039 1413 3117 coniugatio·

126 3143 174 3200 nis
202 3146 256 3199 est.
300 3136 424 3197 verbum
453 3155 523 3197 vero
552 3136 783 3217 monosyllabum
812 3137 849 3196 do
877 3137 929 3197 das
957 3137 1082 3217 simplex
1111 3138 1231 3218 quidem
1257 3135 1270 3222 ΙΙ
1300 3142 1413 3219 primae

127 3248 187 3310 est,
211 3240 288 3299 etsi
311 3256 379 3298 cum
401 3238 551 3298 adverbiis
573 3238 618 3297 vel
634 3238 788 3318 disyllabis
802 3239 1075 3318 praepositionibus
1089 3248 1292 3319 componatur,
1315 3251 1414 3304 serrat

127 3343 379 3418 coniugationcm,
403 3349 436 3399 ut
459 3339 610 3399 circumdo
625 3340 805 3409 circumdas,
830 3340 989 3418 pessumdo
1010 3342 1199 3419 pessumdas;
1223 3361 1290 3402 cum
1312 3361 1413 3404 mono·

127 3442 246 3524 syllabis
267 3450 364 3502 autem
388 3440 660 3520 praepositionibus
687 3440 730 3500 vel
753 3460 819 3501 cum
843 3441 1014 3502 nominibus
1036 3446 1230 3522 compositum
1254 3447 1359 3505 tertiae
1382 3447 1414 3506 lit

89 3545 359 3621 aeconiugationis,
384 3551 416 3602 ut
438 3543 521 3602 trado
544 3544 651 3611 tradis,
676 3542 768 3601 reddo
789 3543 905 3612 reddis,
929 3544 1022 3622 perdo
1044 3545 1161 3624 perdis,
1184 3545 1278 3624 prodo
1301 3546 1414 3625 prodis.

217 3764 317 3813 ltten.
338 3764 401 3812 libro
420 3762 462 3830 ΙΙΙ]
483 3780 506 3813 o.
528 3761 563 3813 36
631 3763 1052 3821 2seoundareut-lorarent5
1125 3764 1284 3816 3nomeut
1352 3768 1413 3817 ‘tin

129 3842 246 3901 praetura
263 3829 401 3897 Siciliensi]
422 3836 446 3882 in
470 3836 548 3885 Verr.
569 3833 860 3892 act.ree.1142.104
929 3836 997 3896 quod
1012 3835 1084 3897 onas
1149 3837 1229 3886 {xiste
1247 3835 1354 3898 lituras
1365 3838 1414 3887 ieta

129 3906 203 3954 litora
220 3902 244 3951 B
262 3905 318 3966 ipsa
336 3902 406 3951 litora
425 3903 513 3951 Pisto
532 3903 642 3951 litteral
710 3912 757 3953 art.
777 3919 826 3956 am.
841 3903 905 3953 libro
920 3901 941 3970 1]
960 3922 983 3955 ιι.
1001 3903 1053 3954 249
1122 3904 1139 3955 θ
1161 3903 1269 3955 mundae
1287 3921 1356 3957 corr.
1378 3909 1413 3957 al.

128 3989 192 4023 man.
211 3973 317 4020 mendae
335 3973 360 4020 P
410 3973 550 4035 nitioseque
568 3987 636 4022 corr.
651 3971 762 4035 uitieque
773 3974 792 4036 s
847 3974 862 4022 7
881 3974 947 4023 idem
963 3976 988 4024 in
1008 3975 1097 4024 eodem
1117 3976 1180 4025 libro
1199 3975 1221 4024 ll
1238 3985 1263 4025 et
1280 3977 1375 4026 eximet
1391 3975 1417 4026 B

129 4045 246 4104 idemque
259 4042 347 4090 eodem
362 4041 425 4089 libro
440 4043 460 4092 ll
476 4043 569 4090 eximet
583 4050 593 4090 t
605 4041 663 4088 item
677 4042 765 4092 eodem
778 4043 822 4092 lib.
839 4044 859 4091 ll
873 4045 968 4094 eximet
980 4045 1005 4108 s:
1025 4046 1047 4094 ll
1060 4044 1112 4098 653
1164 4041 1237 4112 Sex]
1255 4046 1308 4096 01²
1317 4054 1364 4095 ett

128 4114 364 4164 Suerbumexeo
384 4111 453 4161 fltB
505 4111 567 4160 libro
581 4111 901 4174 quinaopanf:1uo.
915 4120 964 4166 sot,
982 4112 1077 4176 14,oe
1148 4115 1181 4166 10
1197 4124 1222 4164 et
1238 4125 1324 4177 tomen
1342 4116 1416 4165 uiooe

130 4182 228 4231 emedio
247 4180 332 4243 scopis
350 4196 395 4229 nee
414 4181 531 4230 emendat
545 4182 568 4229 Ρ
586 4189 611 4226 ut
628 4190 711 4228 tamen
730 4184 805 4231 unius
822 4184 929 4233 emendo
947 4184 1034 4249 scopis
1052 4183 1115 4232 baec
1130 4183 1248 4236 emendat
1264 4191 1314 4234 tet
1330 4193 1415 4234 umen

130 4253 204 4301 uiuus
223 4251 322 4298 emedio
341 4251 426 4315 scopis
440 4249 557 4298 emendat
573 4250 591 4311 f
674 4249 706 4299 12
722 4248 867 4301 Thebaidos
884 4252 947 4301 libro
964 4250 984 4319 l]
1000 4270 1023 4305 o.
1042 4253 1093 4303 268
1164 4253 1197 4306 13
1212 4250 1324 4320 tandem]
1345 4254 1416 4304 tarde

129 4320 155 4370 B
224 4320 255 4369 14
274 4318 357 4367 curias
375 4319 399 4367 P
467 4319 566 4367 abolere
590 4320 674 4383 eoepit
697 4330 722 4366 et
744 4319 830 4368 secula
851 4330 917 4369 retro
936 4332 990 4370 acta
1008 4323 1144 4373 emendare
1168 4322 1233 4373 leue
1254 4324 1351 4373 laboret
1369 4323 1414 4372 sed

130 4390 205 4440 etiem
223 4396 234 4437 t
252 4390 352 4437 abolere
364 4389 445 4436 uoluit
459 4399 483 4437 et
496 4386 580 4436 secute
600 4396 666 4436 retro
685 4389 821 4438 emendare
840 4389 907 4438 lecte
924 4391 969 4440 sed
989 4392 1094 4450 etiams
1139 4393 1173 4444 15
1191 4393 1258 4442 tneo
1271 4392 1414 4455 (saper-sor.

130 4474 162 4507 eu
181 4469 220 4506 sat
239 4457 350 4519 laborat)
368 4459 411 4505 sed
430 4460 504 4506 etiarn
526 4456 550 4505 B
620 4456 652 4508 13
673 4457 830 4507 differentiae
848 4469 873 4507 et
889 4458 1084 4524 significationis
1102 4465 1128 4513 P
1180 4463 1213 4514 18
1231 4464 1255 4511 iu
1271 4478 1318 4513 on,
1335 4460 1361 4510 B

131 4524 259 4593 permitto]
277 4527 395 4592 promitto
414 4538 424 4575 1
511 4527 543 4577 ta
559 4527 666 4576 amende
685 4542 715 4576 oe
729 4527 755 4577 B
777 4528 883 4577 emendo
900 4529 1022 4579 emendae
1041 4530 1186 4582 Pomondo
1206 4546 1235 4582 ae
1254 4539 1265 4580 t
1283 4530 1421 4593 emendos

199 4598 233 4644 22
250 4606 293 4644 eut
310 4596 379 4644 aliud
393 4596 424 4657 tf
438 4606 464 4644 ut
482 4595 549 4645 eliud
569 4597 634 4645 Pet
652 4605 691 4646 est
707 4596 778 4645 aliod
797 4598 865 4646 Bat
882 4597 952 4646 aliud
971 4607 1045 4658 οιῐς
1134 4603 1169 4651 '24
1188 4601 1255 4665 quod
1274 4600 1420 4654 επακ]

200 4665 235 4714 ab
252 4675 278 4713 ot
292 4665 364 4713 trado
383 4665 462 4713 tradis
480 4665 559 4713 reddo
577 4666 663 4716 reddis
681 4667 760 4731 perdo
778 4666 859 4731 prodo
877 4669 916 4716 eie
933 4669 1009 4719 etiem
1028 4671 1103 4721 credo
1120 4671 1203 4720 nendo
1222 4686 1252 4719 ec
1267 4670 1373 4720 retundo
1392 4680 1417 4720 et

133 4734 258 4782 uenumdo
276 4735 301 4782 P
316 4741 343 4781 ut
355 4735 426 4783 trado
444 4734 484 4782 die
499 4735 577 4782 reddo
595 4736 636 4784 die
653 4736 793 4798 (repertor.
808 4736 886 4800 dedo)
900 4739 981 4802 prodo
995 4739 1037 4789 die
1048 4741 1126 4806 perdo
1139 4741 1180 4789 die
1197 4741 1234 4789 eie
1251 4741 1326 4789 etiem
1339 4740 1416 4789 eredo

133 4803 217 4850 nendo
234 4818 262 4850 oc
281 4804 394 4852 redundo
409 4816 433 4852 et
452 4805 570 4853 uenuudo
587 4805 613 4853 B
631 4816 657 4853 ιιι
674 4807 746 4854 trado
764 4807 787 4855 ie
804 4806 884 4855 reddo
899 4808 922 4856 is
940 4809 1019 4873 perdo
1037 4810 1103 4860 dedo
1121 4809 1203 4859 condo
1221 4810 1281 4858 iudo
1300 4809 1380 4875 prodo
1394 4809 1417 4857 ts

133 4871 227 4937 praedo
245 4872 282 4919 sic
300 4873 373 4920 etiam
392 4875 466 4923 oredo
485 4875 568 4922 urendo
587 4890 601 4921 a
618 4885 714 4924 eretum
731 4875 765 4925 do
783 4885 808 4926 et
825 4877 944 4927 uenando
959 4879 987 4942 s:
1002 4879 1037 4941 cs.
1053 4880 1136 4929 Prt'eo.
1152 4882 1169 4928 l.
1190 4878 1212 4927 X
1231 4894 1256 4940 p.
1275 4877 1336 4935 blo.
1353 4878 1372 4930 8

184 4959 360 5002 connexum
374 4963 466 5006 xxxam
480 4965 509 5008 v.
1173 4961 1214 5025 31
