3346 5498
607 377 657 438 DE
680 376 825 439 NOMINE
850 380 983 437 11-22
1371 378 1434 443 559

1244 498 1265 538 p.
1280 488 1368 528 tsi-aa
1381 487 1408 527 V.

233 562 337 623 Omnia
366 582 399 622 er
427 567 601 634 terminata,
630 582 697 625 cunr
726 567 833 625 amissa
855 584 871 624 e
894 567 958 625 sine
981 568 1165 625 incremento
1187 569 1349 643 genitivum
1372 570 1432 628 sin-

150 664 281 742 gularem
315 685 369 744 per
401 668 442 727 ris
477 665 617 744 syllabam
651 668 817 745 prolerant,
847 669 877 726 in
905 667 981 726 hane
1009 675 1188 727 commutata
1216 669 1295 729 finali
1324 666 1432 747 syllaba

149 786 235 826 casus
258 770 444 835 nominativi,
469 766 627 828 ablativum
643 767 822 845 singularem
838 768 924 828 niodo
947 788 963 826 e
985 770 1090 828 tinient
1112 788 1204 847 eaque
1228 773 1257 829 in
1282 789 1332 837 um
1353 789 1432 830 oom-

150 875 260 929 mutata
283 870 394 928 sacient
415 872 577 946 genitivum
600 867 759 948 pluralem,
790 879 821 930 ut
843 870 892 930 bie
914 878 999 948 pater
1020 870 1109 929 liuius
1131 872 1224 949 patris
1246 871 1283 931 ab
1306 872 1361 930 boc
1383 891 1433 951 pa·

123 980 194 1030 stre
223 971 328 1030 horum
358 979 491 1050 patrum,
520 971 592 1031 haec
621 980 715 1031 mater
743 972 831 1031 buius
859 974 964 1031 matris
991 971 1029 1031 ab
1051 972 1106 1031 bae
1128 980 1222 1031 matre
1245 971 1348 1032 barum
1372 992 1432 1034 ma-

148 1082 241 1132 trum:
272 1073 357 1131 modo
387 1075 411 1141 i,
441 1080 470 1131 et
498 1072 650 1152 adsumpta
681 1092 729 1133 um
757 1071 869 1152 syllaba
892 1072 1003 1133 facient
1024 1075 1185 1149 genitivum
1212 1073 1372 1151 pluralem,
1402 1083 1434 1135 ut

148 1175 196 1234 bie
224 1174 321 1234 imber
349 1173 436 1234 buius
464 1174 570 1234 imbris
597 1173 634 1236 ab
662 1175 717 1234 hoe
746 1172 835 1234 imbri
865 1173 971 1233 borum
998 1173 1153 1244 imbrium,
1183 1175 1233 1235 bie
1256 1183 1322 1235 uter
1344 1176 1433 1237 liuius

149 1278 223 1336 utris
251 1275 288 1335 ab
318 1275 372 1335 boe
402 1257 459 1336 utri
487 1275 594 1336 borum
622 1278 743 1336 utrium.
788 1294 856 1336 cum
879 1295 948 1335 vero
970 1295 1002 1335 er
1024 1285 1161 1336 manente
1184 1277 1264 1336 linali
1288 1279 1314 1337 is
1336 1277 1432 1338 adsci-

148 1379 244 1437 verint
266 1377 423 1455 syllabam,
453 1376 614 1437 ablativum
642 1378 824 1454 singularem
852 1397 868 1436 e
897 1377 1099 1437 terminabunt
1122 1397 1213 1456 eaque
1237 1380 1268 1437 in
1290 1397 1340 1438 uni
1363 1398 1432 1439 eon·

110 1497 231 1538 reversa
262 1480 372 1538 lacient
400 1477 571 1558 geleitivunv
600 1479 761 1558 pluralem,
791 1486 823 1537 ut
850 1497 953 1557 passer
975 1481 1104 1558 passeris
1126 1497 1246 1558 passere
1269 1499 1432 1558 passerum,

146 1600 236 1640 anser
259 1583 374 1640 anseris
397 1600 502 1640 ansere
526 1600 678 1650 anserum,
703 1598 816 1659 pauper
839 1583 980 1658 pauperis
1001 1599 1131 1659 paupere
1154 1599 1328 1660 pauperum,
1352 1582 1433 1642 celer

145 1682 253 1742 celeris
275 1683 372 1742 celere
396 1683 541 1750 celerum;
570 1684 614 1742 sic
637 1691 666 1742 et
694 1682 768 1742 uber
792 1669 933 1761 [οὖθαρ]
959 1680 1046 1741 tuber
1070 1675 1205 1762 [ὕδνον]
1230 1682 1316 1759 gibcr
1339 1678 1433 1763 [κύρ-

145 1783 251 1863 τωμα]
277 1792 306 1843 et
322 1803 390 1843 acer
407 1780 666 1863 [σφένδαμνος],
690 1785 807 1863 quando
823 1783 960 1843 arborem
980 1785 1141 1861 significat,
1165 1784 1234 1843 lieet
1256 1784 1432 1863 quibusdam

146 1887 217 1945 baec
245 1904 350 1945 acerus
378 1888 558 1946 nominativo
586 1886 644 1945 diei
668 1885 778 1945 ‹lebere
801 1886 931 1964 placeat;
960 1886 1003 1944 sic
1026 1893 1056 1943 et
1077 1887 1163 1964 piper
1185 1888 1265 1945 cicer
1290 1882 1431 1965 [ἐρέβιν-

108 1986 221 2067 ιιθος]
245 1987 347 2047 aether
369 1989 444 2047 siser
466 2005 527 2055 aer,
551 1996 581 2047 et
603 1989 688 2066 siqua
710 1987 829 2048 similia.
874 1989 970 2048 onmia
994 1989 1083 2046 etiam
1106 2005 1181 2064 quae
1204 2005 1240 2047 ex
1263 1988 1433 2049 nominibus

146 2090 277 2148 derivata
306 2096 351 2148 ter
378 2088 489 2167 syllaba
517 2091 714 2159 terminantur
743 2097 773 2148 et
800 2089 942 2149 feminina
971 2108 1007 2148 ex
1036 2107 1067 2147 se
1096 2090 1210 2148 iaciunt
1239 2090 1292 2148 tris
1320 2089 1432 2168 syllaba

147 2193 316 2258 terminata,
342 2198 373 2250 ut
395 2190 443 2249 bic
466 2199 605 2270 equester
627 2190 700 2250 haee
715 2191 876 2269 equestris,
901 2198 1066 2268 campester
1086 2192 1277 2267 campestris,
1302 2191 1433 2269 paluster

146 2293 300 2371 palustris,
325 2291 452 2351 ablativo
475 2310 545 2351 casu
572 2292 716 2368 singulari
739 2295 749 2352 i
777 2293 920 2352 liniuntur
942 2300 972 2351 et
995 2291 1092 2351 addita
1117 2310 1165 2350 urn
1188 2290 1297 2371 syllaba
1320 2293 1433 2354 iaciunt

144 2397 306 2466 genitivum
336 2393 491 2472 pluralem,
522 2392 558 2452 ab
592 2394 646 2452 boc
675 2396 805 2472 equestri
833 2393 938 2453 horum
961 2395 1155 2472 equestrium.
1192 2411 1261 2453 acer
1283 2403 1311 2453 et
1335 2395 1433 2455 alacer

106 2517 131 2554 ιο
147 2488 179 2576 [ὁ
203 2490 390 2574 πρόθυμος]
415 2495 541 2554 ablativo
564 2514 633 2555 casu
656 2495 800 2572 singulari
824 2497 833 2553 i
856 2496 1000 2555 liniuntur
1015 2502 1045 2553 et
1067 2493 1164 2555 addita
1181 2513 1229 2554 um
1252 2496 1361 2555 sacient
1382 2515 1432 2573 ge·

146 2600 268 2658 nitivrun
291 2597 453 2675 pluralem,
483 2596 519 2657 ab
542 2596 597 2656 boc
620 2599 682 2656 acri
704 2597 810 2656 horum
833 2598 960 2665 acrium,
989 2596 1026 2656 ab
1055 2596 1110 2655 boe
1133 2595 1223 2682 alacri
1245 2595 1349 2656 borum
1372 2597 1432 2656 ala·

145 2701 255 2766 crium,
280 2698 351 2759 licet
372 2698 419 2756 bic
443 2697 549 2758 alacris
573 2699 683 2758 lectum
706 2700 760 2758 sit:
785 2697 932 2775 Vergilius

1001 2811 1037 2857 ut
1060 2798 1161 2858 vielet

296 2903 457 2971 Aenean,
484 2903 623 2962 alacris
646 2902 785 2980 palmas
808 2910 985 2978 utrasque
1009 2900 1182 2959 tetendit.

107 3005 195 3063 asseri
221 3004 326 3063 melius
349 3012 408 3072 est,
433 3006 523 3064 immo
546 3004 671 3071 rectius,
695 3003 744 3062 bic
767 3003 865 3063 alacer
888 3011 916 3062 et
939 3000 1011 3060 baec
1034 3000 1154 3069 alacris,
1187 3009 1220 3059 ut
1241 2999 1289 3059 bic
1312 3019 1381 3061 acer
1403 3010 1433 3063 et

145 3106 217 3165 baec
241 3108 328 3165 aeris.
374 3105 442 3165 inde
466 3107 546 3164 enim
568 3106 657 3163 etiam
680 3111 785 3163 neutra
808 3103 863 3162 boc
887 3120 955 3162 acre
978 3109 1008 3161 et
1029 3102 1085 3161 hoc
1107 3101 1219 3168 alacre,
1248 3103 1326 3162 sicut
1354 3121 1432 3163 cam-

146 3217 245 3287 pester
268 3209 444 3285 campestris
467 3212 647 3284 campestre,
672 3212 811 3283 equester
826 3206 975 3283 equestris
993 3210 1143 3281 equestre.
1173 3210 1329 3281 praeterea
1345 3206 1431 3264 etiam

144 3309 318 3388 superlativi
341 3307 451 3384 gradus
473 3307 576 3382 regula
599 3306 677 3366 bunc
700 3307 792 3382 exigit
814 3307 1042 3373 nominativum,
1072 3306 1123 3383 qui
1146 3303 1291 3364 detractis
1312 3303 1433 3383 syllabis

146 3410 256 3469 ultimis
283 3407 398 3467 (luobus
425 3409 460 3468 acl
489 3410 646 3485 positivum
676 3406 768 3476 redit,
799 3415 830 3467 ut
852 3408 1016 3467 acerrimus
1039 3424 1122 3472 acer,
1152 3406 1229 3465 sicut
1251 3408 1433 3484 asperrimus

107 3531 132 3566 ao
146 3529 246 3588 asper,
271 3511 453 3585 nigerrimus
476 3510 575 3585 niger,
605 3510 814 3587 pauperrimus
836 3526 958 3588 pauper.
1002 3507 1149 3586 luppiter,
1174 3524 1241 3567 cunr
1264 3509 1303 3566 sit
1325 3501 1432 3585 ἑτερό-

145 3610 275 3679 κλιτον,
305 3610 425 3686 regulae
460 3613 581 3671 minime
609 3610 787 3677 subicietur,
816 3609 949 3688 luppiter
976 3608 1053 3669 Iovis
1086 3607 1145 3668 lovi
1178 3607 1278 3667 lovem
1305 3607 1343 3667 ab
1377 3607 1432 3668 hoc

146 3712 221 3772 love.
253 3713 350 3771 onmia
372 3730 406 3771 or
429 3713 587 3772 termInata
602 3710 729 3771 ablativo
751 3711 895 3789 singulari
918 3730 934 3770 e
957 3711 1100 3770 liniuntur
1120 3728 1213 3788 eaque
1232 3711 1267 3769 *in
1291 3727 1340 3768 um
1363 3727 1431 3769 con·

146 3832 227 3872 versa
244 3814 354 3872 lacient
374 3815 536 3890 genitivum
553 3813 713 3892 pluralem,
732 3821 850 3892 praetor
867 3819 1005 3891 praetore
1025 3818 1211 3890 praetorum,
1235 3818 1317 3871 actor
1332 3817 1432 3870 actore

145 3924 287 3983 actorum,
302 3915 408 3975 Nestor
421 3915 546 3976 Nestore
560 3915 726 3984 Nestorum
739 3915 829 3975 arbor
841 3913 949 3974 arbore
965 3913 1114 3981 arborum,
1132 3931 1184 3972 cor
1199 3911 1287 3972 corde
1299 3911 1431 3980 cordum,

107 4035 131 4072 as
145 4036 273 4078 marmor
296 4035 441 4077 marmore
464 4036 660 4086 marmorum,
685 4034 796 4096 aequor
818 4033 946 4096 aequore
968 4033 1140 4095 aequorum.
1178 4012 1251 4074 nihil
1274 4013 1432 4092 excipitur.

145 4120 241 4178 onmia
265 4121 354 4179 etiarn
378 4138 413 4179 ur
435 4121 592 4179 terminata
615 4119 712 4178 eidem
732 4119 851 4196 regulae
867 4119 1015 4186 serviunt,
1039 4123 1071 4176 nt
1091 4123 1190 4176 turtur
1206 4123 1321 4176 turture
1335 4123 1432 4175 turtu-

145 4240 225 4289 rum,
242 4240 336 4298 augur
352 4238 462 4298 augure
479 4238 632 4298 augurum,
649 4221 697 4280 tur
712 4222 778 4280 lure
794 4222 902 4288 lurum,
922 4236 1056 4279 murmur
1072 4223 1223 4278 nrurniure
1236 4234 1431 4277 murmurum.

230 4322 334 4383 Omma
357 4343 389 4383 as
412 4325 571 4382 terminata
593 4320 720 4382 ablativo
742 4340 812 4382 casu
840 4321 985 4399 singulari
1008 4338 1024 4379 e
1047 4321 1191 4380 liniuntur
1213 4335 1306 4396 eaque
1328 4318 1361 4376 in
1382 4333 1431 4374 um

145 4444 286 4484 convorsa
316 4426 429 4485 laeiuut
456 4426 618 4501 genitivum
646 4423 808 4501 pluralem,
832 4441 885 4483 seu
907 4440 1012 4500 graeca
1036 4422 1147 4482 luerint
1168 4439 1220 4481 seu
1244 4414 1355 4493 laltina,
1379 4434 1432 4476 seu

108 4527 307 4587 emasculina
336 4545 388 4586 seu
417 4527 574 4594 feminina,
605 4533 638 4584 ut
665 4523 762 4586 Thoas
790 4523 923 4583 Thoante
958 4521 1138 4591 Thoantem,
1172 4523 1276 4582 dorcas
1304 4516 1432 4578 dorcade

146 4627 320 4696 «torcatum,
345 4647 416 4687 anas
440 4618 474 4705 [ἡ
491 4623 614 4706 orione]
631 4635 717 4687 anate
733 4635 866 4694 anatum,
882 4644 945 4685 mas
960 4642 1041 4684 mare
1057 4642 1188 4694 marum,
1210 4639 1243 4680 as
1267 4612 1302 4699 [ἡ
1319 4616 1430 4698 λέπρα]

217 4780 247 4830 lt
268 4781 448 4831 neaerarosll
519 4779 552 4829 15
570 4781 634 4828 siser
650 4785 800 4844 exponebam
817 4785 855 4828 eat
872 4776 940 4828 iaB
1012 4776 1046 4828 '23
1062 4786 1090 4824 ut
1114 4770 1192 4839 videt]
1218 4772 1297 4836 Verg.
1313 4771 1378 4823 Aea.
1398 4771 1432 4819 Vl

146 4848 196 4898 oet
267 4852 298 4899 41
321 4843 458 4917 ἡνήσσα]
479 4863 576 4898 uvueca
595 4850 620 4898 B
