3346 5498
124 385 146 451 4
682 378 857 443 CLEDONll

55 653 58 658 ἱ
124 593 223 638 manu
242 569 478 657 praescriptum
496 576 546 630 est
558 569 727 645 INCIPIT,
740 564 816 628 item
837 568 997 629 BONATI
1012 574 1086 629 ante
1098 564 1238 649 collecto)
1254 568 1417 630 PROBUS

125 678 182 739 ΕΤ
197 675 322 739 UASSO
337 692 407 756 sqq.
423 668 569 734 codicem
585 667 660 732 olim
676 666 767 730 Petri
783 666 910 732 Pithoei
932 666 1034 731 fuisse
1057 666 1180 732 indicat
1201 690 1319 733 nomen
1342 669 1412 731 eius

79 832 82 838 .
122 776 157 839 in
179 776 245 838 ima
266 772 412 856 margine
438 771 564 857 primae
586 769 727 856 paginae
750 768 925 854 scriptum,
955 772 1006 831 ‘P.
1031 773 1136 833 Pithon
1158 773 1226 832 Emi
1245 773 1386 833 Basilia.
1405 817 1412 831 .

126 878 237 942 1568’.
282 875 525 959 inscriptionem
553 869 681 935 Pithoei
708 891 781 933 cum
814 871 990 957 specimine
1025 873 1203 956 scripturae
1230 873 1332 958 ipsius
1361 894 1413 935 co-

125 980 206 1044 dicis
229 977 391 1062 expressit
412 973 448 1038 O.
464 977 506 1039 G.
529 970 706 1036 Muellerus
729 968 865 1035 analect.
889 971 1045 1036 Bernens.
1069 981 1151 1058 part.
1173 971 1225 1037 ΙΙΙ
1249 973 1292 1056 (a.
1317 972 1412 1056 1841)

124 1081 190 1146 tab.
215 1080 259 1144 II.

209 1181 283 1246 Hoc
311 1179 411 1264 igitur
438 1176 568 1255 codice,
595 1197 669 1239 cum
697 1184 772 1260 post
793 1175 884 1239 Petri
906 1174 1031 1240 Pithoei
1055 1185 1192 1240 mortem
1214 1176 1257 1240 ad
1279 1175 1413 1238 fratrem

123 1283 352 1360 Franciscum,
381 1289 418 1343 ut
440 1260 587 1356 videtur,
618 1275 744 1340 delatus
774 1288 877 1356 esset,
905 1299 984 1341 usus
1007 1287 1056 1341 est
1078 1277 1269 1358 Putschius,
1298 1277 1353 1363 qui
1376 1275 1416 1339 de

124 1384 265 1451 editione
298 1403 357 1446 sua
388 1381 422 1443 in
455 1375 598 1464 epistula
629 1376 672 1440 ad
699 1377 877 1442 Gruterum
913 1377 1006 1459 data,
1040 1401 1129 1465 quae¹
1152 1378 1303 1444 Cledonii
1331 1376 1414 1443 libro

123 1487 304 1574 praemissa
332 1493 397 1559 est,
425 1480 539 1545 scribit
560 1480 656 1558 haec,
686 1485 764 1564 ‘ego
779 1481 866 1544 'sane
888 1481 922 1544 in
944 1481 1005 1545 hac
1028 1483 1182 1566 temporis
1205 1481 1374 1564 angustia,
1398 1501 1415 1543 e

123 1596 276 1673 corrupto
304 1582 453 1648 Cledonii
487 1580 598 1645 codice
632 1580 727 1666 plura
759 1603 872 1646 eruere
905 1606 971 1648 non
1004 1585 1129 1674 potui,¹
1145 1603 1206 1645 nec
1233 1580 1416 1647 consultum

10 1698 12 1702 '
126 1687 301 1754 videbatur
316 1685 446 1769 ingenio
461 1682 558 1745 nimis
574 1681 761 1766 indulgere,
785 1682 871 1769 quod
895 1683 995 1747 sciam
1018 1685 1102 1747 hanc
1116 1706 1183 1747 rem
1199 1682 1309 1747 multis
1332 1681 1416 1746 male

124 1790 332 1856 successisse.
376 1785 435 1850 sed
456 1793 494 1849 ut
515 1807 628 1850 verum
651 1783 753 1849 libere
775 1785 944 1870 profitear,
967 1787 1051 1850 tanti
1073 1809 1137 1850 non
1160 1794 1209 1850 est
1232 1786 1288 1870 qui
1309 1785 1414 1850 bonas

122 1892 219 1956 horas
242 1887 325 1954 male
348 1886 495 1966 auferat,
517 1887 565 1951 ita
587 1908 684 1971 saepe
706 1886 853 1951 suaviter
874 1896 1028 1972 nugatur.
1062 1889 1139 1974 quia
1160 1897 1270 1951 tamen
1292 1885 1416 1970 aliquot

123 2003 270 2060 veterum
295 1999 463 2054 auctorum
486 1987 672 2073 fragmenta
693 1987 819 2052 inedita
833 1989 994 2070 eontinet,
1018 1988 1117 2053 malui
1133 1999 1236 2054 totum
1252 1996 1415 2073 corrupte,

123 2116 221 2182 quam
242 2091 315 2156 illas
339 2091 427 2177 ipsas
451 2090 525 2154 aevi
547 2088 666 2175 prioris
689 2111 834 2173 gemmas
858 2091 1033 2177 separatim
1055 2089 1239 2177 publicare,
1256 2091 1347 2154 cuius
1369 2089 1417 2152 rei

123 2217 256 2262 causam
284 2192 382 2258 facile
411 2192 572 2277 suspicari
599 2198 723 2278 potes’.
769 2202 802 2256 et
828 2193 999 2257 verissime
1027 2192 1158 2280 quidem
1181 2191 1355 2257 Putschius
1384 2200 1416 2253 et

125 2298 166 2364 de
193 2303 346 2382 corrupto
376 2290 488 2358 codiee
511 2302 544 2357 et
566 2293 607 2356 de
629 2291 741 2358 labore
763 2294 960 2359 emendandi
981 2294 1057 2362 libri
1080 2306 1213 2382 questus
1237 2303 1296 2358 cst.
1341 2315 1416 2355 nam

123 2411 160 2465 ut
182 2398 289 2465 codex
304 2394 453 2460 Clcdonii
476 2394 670 2480 antiquitate
691 2394 834 2482 reliquos
857 2420 967 2462 omnes
992 2396 1166 2463 latinorum
1187 2395 1416 2482 grammatico·

124 2524 197 2566 rum
225 2501 327 2566 libros
356 2505 504 2583 superat,
532 2496 579 2560 ita
606 2494 665 2561 vix
692 2496 778 2562 ullus
805 2498 839 2561 in
868 2499 930 2565 hoc
958 2499 1142 2565 litterarum
1169 2521 1288 2586 genere
1316 2506 1416 2576 extat,

124 2605 180 2692 qui
202 2600 256 2668 vel
278 2600 408 2682 gravius
432 2608 603 2685 corruptus
626 2599 670 2662 sit
690 2598 743 2663 'vel
766 2600 922 2665 maiorem
944 2601 978 2664 in
1001 2600 1205 2666 emendando
1233 2598 1417 2664 molestiam

124 2715 227 2793 paret.
270 2702 361 2767 cuius
388 2700 436 2764 rei
470 2722 569 2764 causa
596 2723 660 2764 non
689 2700 865 2790 solumyox
892 2702 1101 2787 neglegentia
1127 2702 1248 2766 veteris
1278 2700 1415 2780 librarii,

126 2807 275 2896 quamvis
299 2805 326 2867 is
350 2823 477 2889 quoque
499 2800 603 2865 multa
625 2805 827 2888 peccaverit,
852 2803 910 2867 sed
927 2807 1026 2869 etiam
1042 2827 1084 2869 ex
1106 2805 1231 2868 ratione
1254 2813 1287 2867 et
1309 2798 1417 2866 indole

127 2909 231 2997 ipsius
254 2905 330 2971 libri
353 2901 530 2990 repetenda
552 2913 613 2967 est.
656 2926 759 2989 neque
781 2904 868 2968 enim
891 2905 1044 2971 continuo
1068 2927 1234 2986 sermone,
1263 2905 1347 2968 sicut
1369 2925 1417 2965 re-

125 3009 206 3096 liqui
234 3005 457 3092 grammatici,
487 3004 542 3091 qui
573 3005 820 3069 commentarios
848 3007 883 3069 in
911 3007 1079 3072 Donatum
1106 3007 1321 3093 scripserunt,
1345 3003 1416 3068 Cle-

127 3111 243 3177 donius
271 3116 447 3195 praecepta
474 3105 554 3170 artis
584 3117 796 3193 exposuerat,
826 3107 885 3172 sed
912 3108 1101 3195 interpretis
1130 3130 1263 3172 munere
1285 3105 1416 3170 functus

125 3213 173 3278 ita
194 3234 252 3299 per
274 3210 463 3274 universum
486 3206 604 3273 librum
625 3208 727 3273 verba
748 3210 952 3292 grammatici
974 3223 1104 3275 secutus
1128 3219 1192 3290 est,
1216 3220 1252 3274 ut
1274 3230 1313 3273 ea
1335 3231 1418 3295 quae

127 3314 180 3381 vel
208 3313 392 3378 accuratius
427 3308 624 3396 explicanda
638 3308 703 3374 *vel
736 3310 869 3376 uberius
903 3311 1096 3398 exponenda
1130 3335 1201 3376 esse
1228 3309 1418 3375 viderentur

127 3415 294 3500 adscripta
321 3412 531 3478 adnotatione
558 3410 750 3477 illustraret.
794 3415 849 3500 qui
878 3416 1130 3480 commentarius
1153 3413 1246 3495 olim,
1269 3423 1306 3477 ut
1328 3412 1417 3477 vidc-

127 3527 197 3597 tur,
219 3536 383 3580 unacum
405 3515 531 3598 integro
553 3512 677 3578 Donati
699 3512 782 3578 libro
806 3515 946 3602 scriptus
970 3526 1056 3599 erat;
1086 3540 1179 3592 mox,
1202 3538 1275 3580 cum
1298 3516 1340 3580 ab
1363 3513 1417 3579 illo

128 3626 350 3703 separaretur,
380 3613 475 3679 modo
502 3635 609 3700 pauca
631 3613 754 3677 Donati
782 3618 886 3680 verba
912 3617 1074 3684 lemmatis
1102 3617 1172 3683 loco
1201 3618 1339 3704 singulis
1362 3617 1418 3682 ad·

128 3715 355 3782 notationibus
384 3714 604 3800 praescripta,
639 3715 737 3780 modo
771 3737 809 3779 ea
841 3718 884 3780 ad
917 3741 1000 3804 quae
1031 3721 1219 3806 interpretis
1251 3719 1418 3785 adnotatio

128 3817 314 3905 pertinebat
335 3817 472 3895 omissa,
495 3814 658 3878 interdum
680 3818 844 3882 continuis
867 3820 1062 3906 antiquioris
1084 3821 1289 3906 grammatici
1310 3822 1419 3887 verbis

128 3917 351 4005 transscriptis
381 3941 419 3984 ea
447 3939 529 4004 quae
552 3917 594 3981 ab
617 3916 792 4002 interprete
816 3918 976 3985 adnotata
997 3932 1091 3985 erant
1112 3924 1309 4008 interposita
1332 3934 1416 3988 sunt.

128 4020 233 4086 multa
254 4029 363 4084 autem
383 4020 449 4083 iam
470 4030 555 4099 tum,
579 4040 652 4082 cum
674 4020 813 4104 primum
837 4021 870 4083 in
892 4020 976 4085 hane
1000 4022 1137 4086 formam
1160 4023 1244 4088 liber
1265 4023 1417 4088 redactus

129 4133 196 4206 est,
225 4122 416 4208 perturbata
444 4142 516 4184 esse
544 4119 642 4185 facilc
664 4119 879 4206 intellegitur;
911 4122 975 4186 alia
996 4134 1112 4208 postea
1134 4124 1175 4189 ab
1198 4125 1239 4187 iis
1262 4124 1317 4210 qui
1338 4123 1418 4187 haec

129 4224 374 4310 descripserunt
407 4232 439 4286 et
474 4220 517 4285 ad
550 4244 644 4285 suum
676 4244 771 4286 usum
804 4222 1138 4289 adcommodaverunt
1166 4237 1318 4311 corrupta
1346 4248 1418 4290 esse

129 4326 291 4393 videntur.
331 4324 461 4409 saepius
485 4324 570 4388 enim
594 4323 634 4388 de
657 4346 722 4389 uno
745 4322 818 4390 loco
840 4323 950 4410 plures
974 4326 1113 4413 scriptae
1137 4338 1213 4391 sunt
1235 4327 1418 4393 adnotatio·

129 4448 204 4510 nes,
234 4427 303 4491 sive
331 4427 402 4512 ipse
430 4424 607 4491 Cledonius
640 4424 737 4513 plura
769 4425 810 4491 de
837 4419 951 4493 eodem
983 4440 1172 4514 argumento
1207 4434 1247 4492 ‘a
1278 4428 1418 4494 diversis

130 4528 324 4609 veteribus’,
352 4539 388 4592 ut
410 4527 473 4610 ait,
496 4525 633 4593 collecta
660 4539 830 4615 posuerat,
861 4529 931 4594 sive
959 4531 1119 4617 quaedam
1147 4532 1189 4596 ab
1212 4529 1282 4595 aliis
1306 4531 1420 4596 addita

130 4640 236 4704 erant,
262 4652 382 4716 eaeque
396 4652 460 4694 non
475 4651 651 4716 numquam
665 4629 737 4693 aliis
760 4630 961 4717 interpositis
986 4631 1176 4714 distractae,
1200 4642 1298 4720 atque
1321 4635 1418 4697 etiam

130 4732 244 4797 eadem
272 4731 375 4796 rerba
402 4729 539 4796 diversis
567 4730 648 4797 locis
678 4733 817 4818 repetita
850 4743 936 4798 sunt.
981 4744 1149 4822 praeterea
1176 4733 1248 4798 aliis
1276 4734 1418 4815 omissis,

130 4831 202 4899 aliis
224 4832 432 4921 transpositis
455 4834 627 4900 continuae
649 4835 877 4902 adnotationes
901 4835 1057 4902 disiectae
1079 4835 1132 4904 rel
1153 4848 1261 4924 partes
1284 4837 1419 4902 adnota-
