3346 5498
241 371 283 435 60
803 371 976 433 CLEDONll

146 532 149 538 Ι
267 495 288 536 p.
303 483 351 524 tort
366 481 389 523 P.

123 571 226 629 383,21
326 563 416 622 Sunt
437 563 522 622 item
540 560 647 621 verba
664 578 756 640 quae
772 578 996 639 componere
1016 578 1228 639 possumus,
1247 568 1393 640 utpono
1409 561 1531 632 traho,

242 683 395 743 repono;
418 673 504 724 snnt
526 682 617 743 quae
641 680 711 723 non
734 680 946 740 possumus,
972 669 1008 722 ut
1028 664 1086 723 aio
1109 682 1254 741 quaeso.
1285 664 1428 723 numeri
1451 683 1532 724 ver·

243 766 297 826 bis
319 765 490 826 accidunt
513 766 598 835 dno,
626 764 831 842 singularis
854 772 888 824 et
914 762 1089 843 pluralis,
1119 763 1342 843 singularis,
1373 773 1410 825 ut
1431 766 1532 844 lego,

240 867 419 947 pluralis,
448 875 486 928 ut
513 869 681 946 legimns;
715 869 799 926 item
828 865 1030 927 secundum
1054 867 1230 945 quosdam
1254 865 1389 934 dualis,
1419 874 1457 927 ut
1479 867 1531 927 le·

240 988 341 1048 gere:
365 980 489 1050 propter
511 978 637 1030 metrum
661 967 761 1046 legere
782 969 959 1048 prudentius
974 966 1114 1037 dicimus,
1131 968 1208 1048 qnod
1225 970 1370 1046 significat
1384 968 1560 1047 legerunte

242 1079 274 1133 ut
289 1072 434 1150 Vergilius
456 1071 598 1151 ‘legere
620 1071 818 1131 rudentis’.
856 1070 924 1130 ideo
947 1069 1042 1130 dualis
1064 1069 1171 1130 dicitur
1195 1089 1346 1141 numerus,
1370 1073 1437 1150 quia
1461 1071 1534 1133 duas

239 1192 383 1254 personas
401 1194 418 1234 a
437 1173 544 1253 plurali
568 1192 693 1234 nurnero
716 1175 801 1233 tertia
824 1191 951 1251 persona
973 1172 1030 1233 sibi
1052 1172 1193 1233 defendit.

122 1279 180 1337 381,
197 1279 228 1328 ¹0
325 1276 505 1355 Tempora
537 1274 661 1335 verbis
692 1275 869 1336 accidunt
895 1277 984 1345 tria,
1014 1293 1194 1354 praesens
1224 1277 1470 1355 praeteritum
1500 1284 1535 1336 et

239 1379 417 1442 futurum.
449 1396 643 1457 praesens,
679 1385 716 1438 ut
738 1375 835 1454 logo,
864 1377 1130 1456 praeteritum,
1162 1387 1200 1437 ut
1227 1377 1317 1455 legi,
1346 1378 1532 1448 futurum,

241 1489 279 1541 ut
305 1479 436 1558 legam:
481 1481 578 1539 omnis
605 1479 700 1559 prima
729 1479 897 1557 coniugatio
931 1477 967 1537 ad
1000 1480 1206 1557 imperativum
1240 1479 1358 1541 modum
1393 1480 1571 1541 vi-adoitu

239 1585 372 1643 iunctum
396 1582 516 1642 etfacit
537 1583 729 1660 praeteritum
751 1588 868 1660 tempus
884 1581 1064 1659 perfectum,
1089 1589 1122 1641 ut
1136 1587 1220 1640 canta
1237 1583 1365 1651 cantavi,
1388 1581 1460 1642 salta
1477 1581 1534 1642 sal·

240 1686 311 1754 tari,
336 1702 426 1743 vacua
449 1685 583 1752 vacuari,
606 1685 738 1763 exceptis
760 1684 893 1762 scriptis,
917 1690 1040 1761 utputa
1064 1691 1131 1743 tona
1152 1684 1249 1750 tonui,
1273 1682 1323 1742 sed
1341 1685 1380 1743 ita
1400 1682 1405 1765 Ι
1425 1692 1533 1754 tamen,

242 1792 274 1847 ut
294 1787 422 1846 sciamus
445 1794 474 1846 et
497 1788 578 1846 torrui
601 1785 700 1845 facere
723 1794 751 1845 et
774 1787 880 1846 tonavi.
918 1787 960 1844 sic
981 1783 1032 1844 tibi
1049 1782 1117 1844 licet
1132 1784 1274 1845 recedere
1289 1784 1325 1845 ab
1341 1787 1405 1864 ipsa
1420 1784 1533 1864 regula,

198 1902 204 1911 ·
242 1898 354 1948 utnon
377 1887 485 1967 perdas
513 1889 607 1967 ipsam
629 1887 777 1966 regulam:
806 1887 877 1947 licet
898 1887 953 1948 tibi
975 1894 1004 1948 et
1027 1886 1105 1947 aliud
1130 1887 1244 1956 dicere,
1273 1887 1359 1947 (loma
1383 1896 1412 1947 et
1434 1887 1535 1948 domui

240 1999 270 2049 et
292 1989 405 2049 domari
427 1990 506 2050 facit.
544 2008 612 2050 narn
636 1991 665 2049 in
689 1991 791 2068 quinta
813 1989 1003 2049 verrinarum
1027 1987 1140 2049 Tullius
1162 1988 1405 2068 perdomavit,
1431 2009 1532 2050 econ·
1547 2001 1572 2046 rt

243 2094 334 2153 trario
358 2091 503 2170 Vergilius
526 2091 647 2151 domui
669 2093 718 2168 ait.
751 2090 803 2150 sed
820 2090 893 2151 haee
909 2092 1049 2172 discretio
1066 2101 1123 2151 est:
1148 2093 1173 2151 si
1193 2093 1262 2152 facit
1279 2110 1387 2152 nomen
1404 2090 1534 2152 verbiale

240 2195 383 2265 domitor,
408 2203 438 2255 ut
459 2211 513 2273 per
535 2195 544 2253 i
568 2203 667 2262 exeat,
692 2193 884 2272 praeteritum
906 2196 1071 2272 perfeetum
1095 2194 1124 2253 in
1148 2194 1177 2254 ui
1194 2201 1365 2272 separatum
1380 2195 1484 2262 mittit;
1509 2195 1534 2255 si

240 2318 256 2357 a
280 2316 368 2358 sunm
385 2298 513 2357 tenuerit
529 2314 638 2356 nomen
654 2294 796 2365 verbine,
821 2294 1002 2356 utlaudator
1018 2302 1165 2365 cantator,
1189 2297 1219 2355 in
1244 2296 1270 2355 ri
1286 2296 1419 2355 iunctum
1435 2298 1533 2366 mittit,

241 2407 273 2460 ut
295 2399 410 2460 laudavi
431 2400 555 2458 cantavi.
579 2432 616 2441 -
634 2396 781 2477 Tempora
804 2399 834 2458 in
850 2397 948 2458 verbis
963 2400 1062 2458 omnia
1077 2399 1207 2476 quinque
1223 2404 1301 2458 suut.
1339 2416 1409 2457 sane
1431 2397 1532 2459 viden·

241 2501 309 2562 dum
333 2509 378 2561 est
400 2519 437 2561 ne
453 2511 586 2580 tempora
602 2482 820 2561 confundantur
836 2503 1001 2579 praesentis
1018 2501 1157 2579 temporis
1173 2507 1202 2559 et
1215 2499 1315 2559 futuri.
1352 2518 1444 2579 qnare
1460 2499 1534 2579 legis
1546 2514 1573 2556 eo

240 2622 381 2684 praesens
404 2611 463 2671 est,
488 2600 541 2682 [si]
567 2601 648 2679 leges
672 2604 817 2671 futurum,
842 2610 874 2663 ut
894 2601 967 2663 illud
984 2609 1068 2663 exeat
1082 2620 1137 2681 per
1152 2603 1162 2661 i
1178 2612 1360 2681 correptam,
1384 2601 1456 2662 iliud
1478 2622 1534 2682 per·

197 2725 257 2775 12e
279 2705 463 2786 productam.
487 2738 529 2747 -
552 2703 619 2765 Sed
642 2706 851 2784 praeterito
875 2714 1041 2784 tempore
1064 2704 1308 2766 differentiae
1330 2711 1417 2764 sunt
1438 2713 1531 2775 tres,

240 2808 453 2886 inperfecta
476 2807 647 2886 perfecta
668 2790 1053 2886 plusquamperfecta;
1080 2802 1084 2885 Ι
1109 2807 1336 2884 inperfecta,
1366 2814 1403 2867 ut
1432 2807 1534 2886 lege·

241 2908 334 2978 ham,
364 2911 547 2989 perfecta,
576 2918 613 2968 ut
641 2907 728 2986 legi,
758 2909 1141 2988 plusquamperfecta,
1172 2916 1209 2968 ut
1237 2906 1407 2986 legeram.
1446 2926 1533 2987 ergo

240 3013 275 3071 in
304 3010 420 3071 modis
449 3010 643 3071 verborum
672 3013 834 3091 quinque
864 3020 1028 3090 tempora
1057 3029 1303 3078 numeramus,
1335 3029 1573 3090 praesensa

240 3115 484 3192 praeteritum
499 3114 763 3192 inperfectum,
788 3115 1032 3192 praeteritum
1049 3113 1270 3192 perfeetum,
1287 3115 1533 3191 praeteritum

241 3214 657 3295 plusquamperfectum,
681 3214 859 3277 futurum:
884 3217 962 3276 inter
983 3216 1149 3295 perlectum
1166 3223 1195 3274 et
1210 3214 1533 3294 plusquamperfectum

241 3317 297 3378 hoc
319 3319 456 3379 interest:
486 3320 571 3378 ‘ante
594 3317 697 3379 decem
721 3322 831 3379 annes'
860 3320 908 3398 qui
932 3318 1002 3377 dicit
1030 3315 1297 3385 ‘ambulaueram’,
1325 3316 1532 3378 soloecismum

239 3420 323 3479 facil:
348 3417 437 3479 dehet
459 3420 537 3478 enim
561 3419 660 3480 dicere
687 3422 775 3480 ‘ante
798 3420 900 3481 decem
924 3440 1017 3481 annos
1039 3417 1211 3489 ambulavi',
1240 3421 1311 3480 item
1340 3420 1425 3480 ‘ante
1447 3423 1534 3500 quin-

240 3519 336 3579 decim
359 3519 605 3591 ambnlaverarn',
630 3541 688 3583 non
712 3522 866 3583 ambulavi.
905 3522 1045 3602 quidquid
1070 3523 1147 3581 onim
1170 3523 1201 3581 iu
1224 3522 1384 3600 praeterito
1400 3521 1571 3582 anditumee

240 3622 343 3690 fuerit,
368 3623 495 3700 tempori
516 3622 807 3703 plusquamperfecto
831 3624 965 3684 debetur.
1003 3627 1080 3683 inter
1096 3623 1426 3699 plusqennrparsectwn
1440 3634 1469 3685 et
1483 3629 1534 3685 in-

237 3723 409 3798 perfectum
431 3723 488 3784 hoc
510 3727 648 3785 interest:
673 3724 992 3805 plusquamperfectum
1015 3725 1159 3805 estquod
1183 3733 1250 3785 ante
1273 3726 1332 3785 iam
1354 3726 1532 3797 factumest,

311 3927 372 3978 Cod.
391 3927 472 3981 Bere.
493 3927 515 3976 Χ
533 3925 657 3983 5*-o.*
719 3928 831 3997 lpono]
854 3945 922 3995 puno
992 3929 1170 3995 3singulares
1189 3938 1213 3978 et
1231 3929 1342 3992 plurales
1411 3930 1535 3997 diogene

242 3997 355 4046 rudentis
369 4000 544 4060 manuscripta
560 4010 569 4046 t
582 4001 667 4048 littera
678 4007 736 4049 ante
750 4000 863 4049 rudentis
916 4001 932 4051 8
945 4000 1094 4065 praeteritus
1109 4010 1133 4047 et
1147 3999 1246 4048 futurus
1298 3999 1315 4047 n
1330 4002 1481 4065 praeteritus

241 4069 340 4117 futurus
401 4068 432 4118 14
451 4069 514 4116 aliut
567 4070 597 4120 15
613 4070 638 4118 in
658 4071 769 4132 quintam
823 4085 853 4119 ae
873 4072 997 4119 contrario
1015 4070 1105 4135 uergili
1161 4069 1193 4119 16
1209 4070 1309 4118 sicretio
1327 4085 1395 4118 corr.
1412 4072 1446 4120 ol.
1466 4088 1532 4126 man,

240 4138 360 4187 diseretio
420 4136 453 4187 18
470 4135 554 4204 suum]
576 4153 623 4188 soa
676 4147 790 4188 contator
846 4142 877 4191 21
898 4141 953 4189 illut
1006 4139 1060 4188 illut
1115 4141 1147 4188 22
1164 4139 1315 4202 productum
1369 4139 1402 4189 23
1422 4140 1534 4204 perfecta

240 4210 274 4260 el.
294 4223 359 4258 mun.
381 4207 441 4260 edd.
514 4210 547 4257 24
568 4208 818 4275 perfectenrutlegi
888 4210 1063 4275 toreumatis
1134 4209 1384 4272 attentatum.
1405 4210 1467 4263 add.

240 4278 274 4327 28
293 4276 467 4340 sollycismnm
538 4276 778 4344 eorumeorurn
848 4278 882 4327 30
903 4294 950 4326 aron
976 4278 1112 4329 ambularit
1184 4278 1215 4329 31
1235 4280 1341 4328 deuetnr
1363 4279 1410 4329 lroc
1429 4281 1535 4330 interest

241 4346 517 4414 plusquamperfectum
535 4358 573 4398 est
591 4348 660 4411 quod
679 4359 736 4398 erite
755 4351 803 4397 iurat
824 4349 969 4398 factumest
987 4352 1011 4397 iu
1033 4348 1171 4412 perlectum
1191 4348 1315 4411 estquod
1334 4357 1412 4398 toturn
1432 4351 1535 4415 conplet

241 4424 321 4476 (corr.
349 4419 383 4467 ol.
408 4433 473 4471 men.
499 4416 656 4482 conpletum)
681 4435 731 4468 non
755 4428 793 4467 est
821 4419 980 4468 interfectum
1003 4418 1084 4483 (corr.
1107 4420 1141 4470 ol,
1167 4435 1230 4467 men.
1251 4420 1315 4468 inter
1334 4418 1490 4484 perfeetum)
1510 4431 1535 4470 et

241 4487 515 4554 plusquamperfectum
535 4488 584 4538 hoc

243 4609 457 4620 ..μ-,-
506 4613 518 4616 -

309 4661 428 4728 dlcgere
441 4657 565 4724 rudentis]
590 4661 686 4722 Lucan,
707 4660 824 4714 Pnarsat.
846 4662 932 4713 11444.
956 4662 1085 4727 Verpilius
1103 4669 1185 4712 eutem
1194 4661 1288 4715 eadem
1306 4660 1476 4725 undisonae
1495 4661 1535 4712 bis

240 4746 300 4781 naue
319 4740 372 4793 eet,
389 4746 477 4797 peorp.
496 4732 527 4780 lli
546 4731 595 4782 125
615 4746 689 4792 quem
704 4731 788 4796 legere
808 4732 897 4780 ducem
916 4741 942 4780 et
958 4748 1046 4796 peorp,
1069 4732 1170 4782 141282
1189 4731 1270 4779 malae
1293 4731 1378 4797 legere
1398 4745 1551 4785 nouercae.v

241 4816 276 4848 ex
290 4801 377 4865 quidun
395 4803 515 4863 exemptis
535 4803 639 4850 alterum
654 4808 711 4863 poet
728 4815 814 4851 reouoen
837 4803 945 4867 Verpilii
960 4804 1088 4853 cecidisse
1104 4804 1205 4852 videtur
1276 4802 1308 4851 lo
1328 4801 1425 4869 donini]
1454 4804 1532 4868 Verp.

238 4885 326 4936 peorp.
347 4871 438 4923 11456
458 4871 594 4922 &rupturos
613 4873 662 4921 leto
679 4872 776 4921 donruit
