3346 5498
581 484 587 490 ,
684 414 919 476 commurvu
1149 429 1150 433 Ν
1389 411 1449 478 115

1277 534 1297 574 p.
1311 523 1388 562 ll—ll
1401 521 1423 563 L.

154 600 244 661 vides
266 602 349 680 quia,
377 619 434 680 qua
461 609 524 660 arte
552 599 719 678 colligimus
747 601 882 667 brevem.
914 603 1100 663 econtrario
1130 619 1163 661 ea
1191 606 1254 661 arte
1283 600 1470 680 colligimus«

153 701 289 782 longam.
333 702 451 782 quaudo
473 702 527 763 tibi
549 703 698 782 protertur
720 702 845 781 syllaba,
876 702 929 763 has
957 721 1005 764 res
1033 709 1171 780 quattuor
1193 721 1318 782 quaere:
1342 705 1367 763 si
1389 722 1448 764 non

154 804 286 872 luerint,
308 803 407 864 brevis
429 811 489 872 cst;
513 806 538 865 si
558 806 562 881 Ι
582 805 706 872 luerint,
729 803 816 882 longa
839 813 892 864 est.
925 824 1050 885 namque
1074 824 1090 865 e
1113 807 1262 865 contrario
1284 805 1448 874 considera,

155 913 189 966 ct
211 906 295 967 vides
322 907 366 967 sic
393 925 458 967 esse
486 904 597 984 longas.
643 914 713 986 puta
743 905 836 967 dosa
863 907 956 969 vocali
984 907 1070 985 longa
1097 905 1230 975 inchoat;
1259 907 1370 967 idcireo
1397 905 1451 966 dos

128 1026 222 1068 snon
245 1026 401 1088 possumus
424 1007 523 1069 dicere
545 1007 666 1070 brevem
695 1027 768 1069 esse.
815 1026 886 1087 ergo
913 1009 1021 1069 vocalis
1043 1007 1129 1086 longa
1153 1016 1211 1079 est,
1241 1017 1270 1069 et
1296 1007 1452 1086 longeest

156 1109 282 1190 syllaba,
300 1111 438 1188 quoniam
454 1108 563 1170 vocalis
584 1110 674 1188 longa
690 1118 742 1171 cst.
767 1110 837 1189 quid
859 1112 884 1170 si
905 1110 1002 1171 brevis
1024 1112 1116 1184 luerit
1137 1117 1166 1170 et
1188 1119 1352 1187 sequuntur
1375 1109 1450 1170 duae

157 1214 376 1273 consonantes?
399 1220 431 1272 ut
453 1219 525 1292 puta
541 1223 620 1292 post:
643 1211 797 1289 oquidem
820 1211 918 1272 brevis
941 1220 999 1283 est,
1023 1212 1075 1273 sed
1097 1215 1231 1290 sequitur
1252 1231 1266 1271 s
1288 1219 1317 1271 et
1339 1219 1358 1281 t,
1377 1211 1451 1271 duae

157 1321 369 1382 consonantes,
383 1323 412 1374 et
425 1315 543 1392 longam
559 1313 703 1374 iecerunt.
726 1313 834 1392 quidsi
851 1313 931 1374 dicas
953 1315 1022 1394 pix‘l
1044 1316 1055 1373 i
1076 1313 1196 1394 quidem
1212 1313 1309 1374 brevis
1329 1320 1382 1382 est,
1399 1312 1451 1373 sed

157 1417 297 1496 sequitur
312 1435 330 1476 x
348 1424 378 1475 et
393 1415 511 1494 longam
527 1416 605 1476 lecit.
628 1414 698 1494 quid
714 1417 739 1474 si
757 1415 836 1476 dicas
852 1417 916 1475 aiol
932 1436 948 1477 a
964 1414 1083 1493 quidem
1099 1414 1198 1476 brevis
1218 1422 1270 1485 est,
1287 1415 1337 1476 sed
1355 1416 1452 1494 scqui-

119 1535 145 1573 1o
160 1520 238 1578 turi
259 1519 337 1578 inter
352 1516 425 1577 duas
446 1515 563 1578 vocales
585 1518 743 1578 constituta
767 1525 797 1577 et
817 1517 935 1596 longam
957 1518 1037 1593 lecit.
1067 1535 1138 1596 ergo
1162 1520 1239 1579 scire
1262 1516 1353 1577 debes
1375 1518 1451 1596 quia,

158 1619 270 1700 quibus
285 1618 375 1696 rebus
390 1619 629 1698 contingentibus
649 1617 754 1697 longae
769 1620 884 1689 fiuntc
907 1621 1056 1681 contrario
1079 1619 1184 1681 breves
1205 1627 1289 1699 potes
1312 1602 1454 1679 invenire.

247 1720 339 1782 Plane
360 1722 437 1781 scire
459 1720 551 1782 debes
578 1720 779 1800 diphthongos
809 1719 910 1800 longas
938 1741 1011 1782 esse.
1056 1730 1125 1782 sunt
1152 1729 1249 1782 autem
1272 1720 1350 1801 apud
1373 1719 1570 1796 Lati-tamt

159 1842 217 1885 nos
240 1830 379 1903 quattuor
400 1823 538 1891 usitatae:
561 1841 630 1884 uam
647 1839 706 1885 una
719 1825 822 1903 periit:
848 1841 892 1892 ae,
916 1826 1038 1891 Aeneas,
1062 1842 1113 1892 oe,
1136 1842 1243 1903 poena,
1269 1841 1320 1893 au,
1338 1841 1451 1892 aurum,

159 1945 213 1995 eu,
242 1933 276 1986 ut
298 1932 343 1985 cst
364 1923 470 1985 Eurus.
513 1927 589 1986 istae
612 1934 681 1985 suut
702 1927 842 1994 usitatae:
865 1944 923 1986 una
947 1934 991 1986 est
1013 1927 1041 1985 ei
1069 1942 1143 2002 quae
1165 1927 1262 2005 periit.
1287 1926 1453 2005 quaesitum

121 2042 147 2083 ia
160 2037 208 2089 est
229 2029 325 2097 enim,
350 2026 626 2107 quemadmodum
642 2027 790 2088 scribatur
804 2029 873 2088 itur.
905 2028 944 2088 ait
959 2027 1156 2089 Terentianus
1170 2047 1225 2107 per
1241 2046 1257 2087 c
1273 2036 1303 2088 et
1316 2029 1327 2087 i
1342 2026 1453 2087 debere

160 2128 270 2198 scribi,
295 2130 414 2189 ‘citur
435 2131 473 2189 iu
495 2130 683 2206 antiquam
707 2128 865 2199 silvam’,
894 2132 1033 2208 quoniam
1057 2130 1202 2207 originem
1224 2127 1315 2189 hahet
1330 2146 1346 2188 a
1361 2126 1453 2188 verbo

160 2233 235 2293 cois
264 2228 397 2310 [quando
418 2232 574 2292 transitio
597 2232 760 2309 perlectum
782 2239 913 2310 tempus,
937 2230 1027 2291 debet
1041 2233 1136 2310 ipsam
1155 2228 1295 2310 syllabam
1325 2229 1452 2295 trahere.

159 2341 194 2394 ut
205 2331 314 2393 habeat
338 2331 464 2410 sibene
477 2331 596 2412 quidem
609 2341 829 2411 argumentatus
841 2332 1096 2394 estTercntianus
1109 2340 1208 2393 tamen
1221 2333 1245 2392 si
1258 2332 1315 2392 hoc
1326 2350 1454 2411 quaeras

160 2433 296 2508 credere,
306 2435 429 2513 incipiet
440 2433 672 2512 versuchrgilii
683 2453 742 2495 uon
755 2443 843 2505 stare,
856 2434 1101 2515 ‘superasque
1114 2434 1155 2495 ad
1172 2433 1292 2494 lumen
1308 2436 1453 2495 ituras?

120 2555 146 2594 ao
160 2538 258 2615 siper
279 2539 291 2596 i
310 2535 465 2604 scribatur,
482 2538 593 2614 poterit
604 2544 701 2609 sturm
725 2539 749 2597 si
766 2544 863 2597 autem
879 2535 1077 2615 diphthongos
1093 2544 1145 2607 est
1162 2534 1243 2597 nulla
1258 2538 1372 2596 ratione
1388 2554 1453 2597 cor·

158 2639 285 2717 ripitur,
309 2644 339 2698 et
360 2656 419 2698 uon
442 2643 508 2698 stat.
554 2655 624 2717 ergo
647 2640 722 2700 istae
751 2638 990 2717 erunt'syllabae
1013 2637 1133 2708 breves,
1156 2641 1228 2699 istae
1251 2637 1365 2716 longae.
1403 2637 1454 2697 ubi

159 2740 313 2800 inveneris
336 2738 477 2819 syllabam
499 2759 559 2800 non
582 2738 740 2801 habentem
769 2740 943 2819 productam
966 2740 1095 2801 vocalem
1119 2747 1170 2800 aut
1192 2740 1265 2801 diras
1288 2758 1453 2800 consonan-

161 2850 207 2902 tes
229 2860 291 2902 non
314 2848 471 2921 sequentes
494 2848 545 2903 aut
571 2860 589 2901 r
613 2841 761 2921 duplicem
784 2861 843 2902 non
868 2850 1041 2922 sequentem
1070 2849 1121 2919 aut
1142 2843 1152 2901 i
1174 2844 1252 2902 iuter
1276 2841 1347 2901 duas
1369 2859 1453 2901 voca·

159 2944 219 3011 les,
244 2942 343 3004 brevis
365 2951 424 3012 est,
448 2944 478 3004 id
501 2951 545 3004 est
566 2944 591 3003 si
612 2962 673 3004 nou
696 2942 832 3004 babuerit
853 2943 964 3021 aliquid
993 2943 1030 3003 dc
1054 2944 1117 3004 istis
1139 2943 1244 3014 rebus,
1273 2943 1371 3003 brevis
1394 2951 1453 3009 est;

126 3049 188 3107 assi
211 3053 310 3106 antem
333 3043 472 3105 habuerit
493 3044 603 3124 aliquid
627 3044 663 3105 de
685 3047 749 3106 istis
771 3045 876 3115 rebus,
899 3045 987 3124 longa
1011 3054 1065 3106 cst.

561 3229 608 3275 ou
630 3228 857 3277 couuvmsvs
878 3200 1048 3277 'svunnnrs

250 3335 383 3396 Diximus
397 3333 523 3414 syllabas
538 3342 587 3395 aut
601 3334 708 3395 breves
723 3353 787 3395 esse
803 3341 852 3395 aut
866 3332 971 3410 longas
986 3342 1037 3394 aut
1048 3352 1229 3394 communes.
1254 3332 1359 3394 breves
1370 3341 1454 3413 quat-

168 3444 232 3498 tuor
254 3437 351 3498 modis
368 3438 457 3510 liunt;
482 3456 498 3497 e
519 3439 667 3497 contrario
688 3435 794 3515 longae
810 3444 949 3515 quattuor
965 3435 1059 3496 modis
1075 3434 1218 3496 similiter.
1244 3434 1349 3496 breves
1370 3437 1453 3505 liunt,

169 3542 193 3599 si
215 3547 245 3599 et
266 3546 435 3619 correptam
458 3538 589 3599 vocalem
611 3536 740 3599 habeant
762 3546 791 3598 et
813 3556 872 3598 non
895 3538 1031 3599 desinant
1051 3539 1081 3598 in
1104 3537 1177 3599 duas
1198 3545 1396 3598 consonantes
1407 3547 1457 3598 aut

142 3643 199 3700 om
225 3660 312 3702 unam
343 3639 490 3720 duplicem
519 3649 569 3701 aut
590 3642 620 3700 in
648 3641 658 3699 i
686 3641 764 3700 inter
792 3638 865 3700 duas
887 3640 1003 3701 vocales
1027 3638 1031 3722 Ι
1057 3641 1255 3707 constitutam.
1307 3640 1412 3718 longae
1440 3660 1457 3701 e

174 3744 314 3803 contrario
338 3744 427 3810 irunt,
457 3742 486 3802 id
510 3751 555 3802 est
576 3744 601 3803 si
623 3750 674 3802 aut
701 3740 830 3802 habeant
852 3741 1025 3802 naturaliter
1052 3741 1227 3820 productam
1249 3741 1395 3811 vocalem,
1424 3749 1457 3802 ut

177 3842 235 3912 dos;
257 3853 306 3906 aut
328 3843 458 3905 habeant
479 3844 554 3904 duas
576 3851 737 3922 sequentes
759 3851 969 3918 consonantes,
1001 3852 1033 3904 ut
1055 3862 1117 3912 ars;
1147 3851 1198 3904 aut
1218 3842 1346 3905 habeant
1368 3861 1456 3904 unam

239 4068 252 4123 l
273 4069 332 4131 quia
351 4081 403 4131 qus
423 4075 476 4115 arte
493 4066 569 4116 BCa
594 4080 644 4129 qua
663 4073 716 4116 arte
734 4066 759 4114 A
826 4067 842 4114 4
866 4065 912 4114 dos
933 4080 948 4115 o
968 4065 1049 4114 uocnli
1073 4065 1149 4129 longo
1172 4065 1274 4115 inchoat
1293 4065 1387 4115 idcireo
1410 4064 1458 4115 dos

185 4131 242 4186 noa
255 4175 261 4185 .
274 4174 280 4185 .
295 4180 301 4190 .
320 4154 336 4186 n
354 4136 436 4186 uoenli
452 4135 552 4184 inchoat
566 4135 657 4186 idcirco
673 4171 699 4187 ..
714 4176 720 4188 .
737 4135 775 4185 A:
794 4150 822 4184 os
834 4135 990 4185 scribendam
1004 4151 1060 4185 esse
1072 4137 1178 4185 coniecit
1192 4136 1394 4194 Lindemonuus‚·
1410 4136 1458 4185 dos

187 4209 284 4268 utapud
301 4206 532 4258 Semianimum.
546 4221 572 4268 p.
586 4204 647 4266 423,
661 4205 694 4255 26
747 4204 802 4254 Set
819 4219 863 4258 om.
878 4205 950 4255 ABG
1004 4205 1034 4254 15
1049 4202 1225 4271 Terentianus]
1247 4222 1269 4258 o.
1286 4205 1337 4255 459
1350 4222 1405 4271 sqq.
1422 4207 1457 4267 cs.

189 4271 271 4331 ileum
283 4293 309 4341 p.
328 4277 395 4328 1884
451 4275 481 4326 16
499 4276 548 4324 itur
567 4274 659 4324 ABG:
681 4277 759 4340 Verq.
774 4275 839 4325 Aen.
855 4275 888 4322 Vl
905 4275 953 4325 119
1008 4275 1039 4322 17
1057 4274 1158 4338 quaudo
1174 4301 1208 4310 -
1224 4275 1324 4334 habent,
1342 4291 1407 4340 quae
1424 4276 1460 4323 od

190 4350 399 4406 “intentationem
419 4345 564 4396 Terentiam
581 4361 629 4395 oon
639 4349 773 4407 pertinent,
788 4346 989 4408 ademptione
1004 4344 1120 4394 uidentur
1131 4346 1332 4410 adprobandum
1348 4347 1458 4408 scriptu·

192 4425 232 4461 run
247 4418 300 4480 itur,
313 4421 428 4484 quonium
445 4417 454 4464 i
472 4418 566 4467 vocalia
582 4418 606 4465 io
622 4417 706 4466 eodem
720 4417 796 4465 verbo
813 4423 838 4465 et
851 4417 959 4478 produci
969 4415 1050 4476 possit
1066 4422 1091 4463 et
1105 4417 1208 4478 corripi,
1224 4416 1288 4464 sicut
1300 4417 1358 4463 aliis
1375 4430 1457 4464 exem·

192 4481 228 4538 ill!
241 4487 318 4537 docuit
335 4487 440 4537 Seruius
455 4490 479 4536 in
503 4488 581 4550 Verp.
597 4487 614 4533 l.
634 4502 656 4534 c.
672 4502 751 4552 quare
766 4485 922 4535 smibeudum
940 4484 1039 4534 uidetur
1056 4492 1083 4532 ut
1099 4484 1191 4534 habent
1206 4485 1323 4551 longam,
1339 4485 1381 4536 ivi.
1402 4499 1459 4531 nom

194 4554 281 4612 iniecto
301 4560 406 4621 tempori
427 4555 599 4620 diphthonpum
620 4556 643 4603 ei
661 4572 709 4606 oon
725 4556 866 4606 tribuerunt
884 4556 1053 4620 grammatici,
1073 4571 1219 4620 quamquam
1242 4554 1385 4617 imperfecto
1403 4554 1459 4602 oiim

196 4617 256 4672 cibam
266 4631 383 4694 scriptum
394 4642 450 4678 ease
464 4629 566 4692 saepius
579 4627 716 4676 domorum
770 4626 802 4676 18
817 4633 842 4673 ut
856 4624 948 4674 habent
961 4624 1033 4674 Aac
1045 4633 1071 4673 nt
1087 4624 1179 4675 habeat
1197 4627 1238 4675 c'c
1251 4633 1277 4673 ut
1291 4623 1365 4672 habet
1382 4624 1406 4671 L

197 4699 278 4747 interm
291 4699 393 4747 eredere
407 4697 465 4746 AB
482 4697 571 4747 credas
592 4710 713 4758 quaerere
731 4697 752 4748 G
823 4695 854 4743 19
874 4710 1030 4760 superasque
1047 4694 1158 4745 ABCL
1178 4708 1348 4759 superumque
1366 4693 1458 4743 Linde·

93 4772 95 4779 '
198 4768 285 4824 'Quum
308 4770 385 4831 Vcrg.
400 4768 464 4820 Aen.
485 4767 520 4815 Vl
539 4766 590 4817 680
660 4766 691 4815 ob
711 4766 795 4815 lumen
813 4765 865 4815 AC
932 4765 967 4816 20
985 4765 1119 4830 corripitur
1134 4766 1227 4814 etenim
1247 4779 1296 4813 riou
1311 4762 1458 4811 statABL

200 4832 305 4897 eorripitur
321 4839 387 4887 euim
408 4847 433 4887 et
454 4852 503 4887 non
524 4846 573 4887 stat
591 4836 612 4886 0
680 4836 712 4887 21
733 4837 777 4886 ubi
790 4836 870 4886 BCL
888 4835 930 4883 ubi
950 4835 992 4884 ubi
1006 4835 1031 4883 A
1101 4834 1137 4884 24*
1149 4834 1234 4883 brevis
1249 4843 1287 4882 est
1300 4834 1388 4897 priore
1406 4834 1459 4881 Ioco

200 4903 268 4967 Μ,
283 4908 343 4960 odd.
363 4922 380 4955 a
448 4907 482 4957 25
499 4907 594 4969 aliquid
610 4907 641 4955 tle
657 4907 712 4956 istis
728 4907 804 4956 rebns
821 4907 964 4968 posteriore
979 4907 1033 4954 loco
1050 4920 1095 4957 orrr.
1115 4904 1149 4968 A,
1169 4905 1231 4956 cdd.
1249 4920 1265 4952 u

1214 4986 1258 5050 8*
