3346 5498
524 415 723 476 utentum
747 414 949 475 contunsis
977 413 1109 474 11—17
1398 414 1460 479 639

1268 524 1427 576 pfflww

171 605 268 664 addita
291 623 357 663 mus
379 603 505 682 syllaba,
528 611 606 663 ararat
628 621 775 671 anuaums,
799 611 895 662 menet
921 620 1089 670 nienenms,
1114 603 1185 679 legit
1208 604 1346 680 legimns,
1378 606 1460 665 audit

170 707 314 765 audimus.
359 705 487 765 secunda
510 723 626 783 claroque
649 723 774 782 persona
797 704 930 763 eiusdenr
953 706 1069 763 umneri
1098 723 1132 762 ox
1157 705 1258 764 etalem
1289 709 1375 766 tertia
1399 710 1458 767 lor-

169 817 266 868 matur
288 809 314 866 is
335 807 432 866 addita
446 806 566 886 syllaba,
592 815 623 865 nt
641 815 717 866 amrat
740 808 854 875 amatis,
878 813 979 865 monet
994 808 1129 872 monetis,
1153 806 1225 882 legit
1244 807 1352 884 legitis
1377 810 1459 868 audit

105 920 107 927 ’
169 909 288 969 auditis.
326 927 381 967 nee
409 928 467 967 non
496 911 584 968 etiam
608 910 695 967 tertia
724 926 850 986 persona
873 907 996 985 pbualis
1018 927 1033 966 a
1058 909 1142 966 tertia
1165 909 1375 985 procreabitur
1397 913 1457 970 sin-

143 1011 263 1088 agnlari
286 1013 317 1070 in
339 1011 433 1089 prima
456 1010 576 1088 (pridem
599 1020 629 1069 et
650 1010 778 1070 secunda
795 1007 1053 1086 coniugationibus
1075 1028 1093 1069 n
1117 1009 1215 1069 littera
1237 1019 1303 1070 ante
1329 1021 1339 1070 t
1361 1015 1457 1072 novis-

168 1115 272 1173 simam
295 1114 476 1191 interposita,
502 1120 534 1171 nt
556 1120 633 1172 amat
656 1121 763 1180 amant,
787 1118 886 1170 moriat
909 1119 1043 1179 menent;
1067 1113 1097 1169 in
1120 1113 1206 1171 tertia
1223 1131 1292 1172 vero
1315 1114 1458 1192 preducta

168 1223 198 1274 et
220 1215 266 1274 bis
289 1214 386 1276 verbis
407 1234 482 1294 quac
507 1216 612 1274 tertiae
634 1222 790 1292 correptae
814 1216 843 1272 in
867 1216 896 1272 io
919 1220 1026 1272 cexeurrt
1048 1221 1115 1272 ante
1148 1221 1159 1271 t
1181 1212 1310 1274 litteram
1338 1234 1356 1274 ιι
1386 1225 1416 1275 et
1439 1236 1456 1275 n

168 1318 367 1395 interpositis
397 1325 429 1376 ut
457 1316 566 1375 dormit
589 1315 754 1385 dormiunt,
779 1318 857 1394 rapit
879 1317 1015 1394 rapiunt;
1046 1317 1076 1372 in
1112 1316 1197 1373 tertia
1221 1334 1290 1375 rere
1312 1328 1456 1395 correpta,

168 1419 305 1497 qnmiens
327 1426 428 1478 anteo
449 1417 608 1477 habuerint
630 1412 848 1486 consonantem,
873 1419 882 1476 i
907 1416 997 1476 vocali
1021 1416 1153 1494 ciusdem
1176 1419 1282 1477 tertiae
1299 1419 1457 1494 singularis

131 1522 198 1579 rein
221 1539 240 1580 n
263 1529 292 1579 et
315 1538 334 1578 n
357 1537 497 1578 conversa
522 1519 686 1597 iisdemque
709 1528 777 1579 ante
799 1527 811 1579 t
833 1519 961 1579 litteram
977 1517 1133 1586 collocatis,
1158 1527 1190 1576 ut
1212 1521 1308 1579 currit
1322 1530 1455 1590 omnum,

167 1622 240 1699 legit
262 1621 373 1698 legunt.
418 1639 504 1680 enme
528 1622 724 1699 praeteritum
748 1622 945 1699 inperfectum
968 1620 1100 1679 eiusdem
1123 1620 1201 1678 modi
1225 1639 1280 1698 per·
1302 1623 1457 1681 universas

167 1724 390 1799 coniugationes
414 1722 482 1782 bam
504 1723 614 1801 syllaba
638 1725 824 1790 tc1·rninatm·,
848 1721 1091 1782 antecedentibus
1114 1723 1145 1780 iu
1169 1723 1263 1799 prima
1287 1723 1406 1801 quidem
1430 1745 1454 1793 a,

167 1828 197 1884 iu
220 1824 348 1884 secunda
371 1842 441 1884 vero
464 1831 494 1883 et
517 1826 603 1885 tertia
628 1834 764 1904 correpta
787 1844 802 1883 e
824 1823 982 1892 vocalibus,
1006 1831 1072 1902 post
1087 1832 1296 1884 consonantem
1319 1825 1456 1886 tbematis

166 1928 221 1995 sni,
247 1933 278 1985 nt
301 1945 366 1985 arno
388 1926 531 1994 amabam,
556 1945 661 1987 moneo
683 1925 849 1995 monebam,
873 1926 940 1984 dieo
963 1925 1114 1992 dicebam;
1138 1926 1167 1983 in
1190 1928 1278 1985 tertia
1295 1944 1364 1986 vere
1387 1946 1455 2005 pro-

127 2043 152 2084 u
166 2029 261 2097 ducta,
286 2029 337 2088 sed
361 2035 391 2087 et
413 2035 559 2106 correpta,
583 2030 719 2107 quotiens
735 2027 863 2087 vocalem
886 2034 953 2086 ante
976 2047 993 2086 e
1016 2026 1132 2094 habeat,
1157 2045 1215 2086 non
1235 2037 1454 2098 consonantem,

165 2130 268 2190 eadem
291 2128 425 2208 quidem,
450 2130 480 2188 id
503 2138 548 2189 est
570 2149 596 2198 e,
620 2131 829 2208 praeveniente
852 2129 959 2198 vec-ali,
994 2129 1045 2188 scd
1069 2138 1134 2207 pest
1157 2130 1367 2209 paenultimam
1392 2132 1454 2191 tbe·

165 2234 252 2292 nautis
273 2233 319 2291 sui
343 2231 485 2300 vocalem,
510 2239 542 2291 ut
564 2230 653 2290 audie
675 2231 841 2299 audiebam,
865 2233 949 2309 rapio
972 2230 1139 2309 rapiebam,
1164 2249 1255 2308 arguo
1278 2233 1454 2309 arguebam3

165 2335 222 2393 nisi
245 2334 323 2412 quud
347 2335 377 2392 in
401 2334 488 2392 tertia
511 2334 653 2410 preducta
676 2351 735 2392 nen
758 2351 917 2412 numquam
940 2334 1086 2392 suavioris
1108 2335 1203 2409 gratia
1227 2337 1291 2394 seni
1308 2334 1454 2396 subducta

164 2457 180 2495 e
203 2435 294 2495 vocali
318 2435 477 2513 profertur,
501 2443 533 2492 nt
556 2443 599 2494 cst
627 2434 776 2494 nutribam
804 2434 893 2495 ibam.
939 2435 1130 2514 eiusdemque
1159 2439 1303 2513 temperis
1325 2437 1453 2498 secunda

125 2555 151 2591 eo
164 2557 289 2617 persona
312 2557 341 2596 m
363 2538 394 2595 in
417 2556 446 2603 s,
476 2537 563 2595 tertia
595 2556 608 2595 s
635 2538 668 2596 in
695 2545 706 2595 t
734 2555 874 2598 conversa
897 2536 1089 2604 tenuabitur,
1124 2545 1156 2596 ut
1178 2538 1312 2597 amabam
1335 2538 1454 2599 amabas

165 2640 295 2709 amabat,
319 2637 475 2698 monebam
497 2637 638 2698 monebas
667 2639 820 2709 monebat,
850 2637 983 2716 legebam
1011 2637 1131 2715 legebas
1158 2637 1284 2714 legebat.
1329 2639 1454 2717 pluralis

164 2750 262 2801 autem
286 2742 401 2800 immori
430 2758 556 2819 persona
579 2743 673 2819 prima
702 2760 738 2800 ex
761 2743 855 2820 prima
883 2740 1026 2816 singulari
1056 2747 1194 2799 nascetur
1216 2739 1313 2799 addita
1337 2757 1372 2798 us
1394 2740 1452 2819 syl·

162 2843 238 2912 laba,
263 2851 294 2903 ut
316 2841 450 2903 amabam
474 2841 652 2911 aruabanms,
674 2842 816 2903 decebam
848 2840 1035 2909 docebamus
1060 2839 1215 2900 audiebam
1248 2840 1451 2911 audiebamus

163 2945 296 3021 legebam
320 2943 505 3021 legebamus3
540 2944 668 3004 secunda
691 2962 761 3003 vero
784 2963 819 3002 ex
843 2944 936 3020 prima
959 2962 1024 3002 nms
1047 2942 1149 3001 ultima
1164 2944 1195 3001 in
1213 2943 1249 3002 tis
1264 2951 1451 3013 commutata,

125 3046 332 3106 maritabamus
359 3044 518 3112 amabatis,
548 3044 727 3105 docebamus
753 3043 919 3111 ducebatis,
951 3044 1143 3103 audielnmms
1166 3043 1340 3113 audiebatis,
1371 3044 1451 3123 lege-

163 3147 265 3208 bamus
287 3146 440 3224 legebatis.
478 3148 566 3206 tertia
588 3146 750 3222 singularis
773 3146 917 3225 pluralem
942 3149 1060 3205 tertiam
1083 3145 1197 3205 creabit
1220 3164 1238 3204 n
1261 3146 1360 3206 littera
1382 3155 1450 3207 ante

162 3261 173 3310 t
201 3249 318 3309 finalem
350 3249 542 3326 interposita,
577 3258 610 3307 ut
637 3248 754 3308 anrabat
781 3247 931 3315 amabant,
967 3248 1092 3308 decebat
1119 3247 1277 3315 decebant,
1312 3247 1452 3309 audiebat

161 3351 330 3418 audiebant,
354 3348 470 3425 legebat
492 3349 637 3425 legebant.
664 3347 667 3426 l
693 3368 778 3409 omne
807 3351 1001 3428 praeteritum
1034 3351 1349 3429 perlectum‘activum
1373 3350 1450 3411 indi·

161 3455 249 3512 catiri
271 3451 351 3511 medi
374 3453 487 3530 primae
511 3470 656 3531 personae
680 3454 711 3511 in
734 3454 744 3511 i
766 3451 895 3511 litteram
918 3451 1039 3520 desinit,
1063 3455 1111 3512 cui
1135 3453 1260 3512 adiectis
1281 3449 1379 3511 tribus
1401 3451 1449 3513 lit·

121 3569 146 3606 ιο
163 3555 235 3613 teris
257 3554 304 3613 sti
327 3554 377 3612 liet
398 3554 535 3622 secunda,
559 3562 592 3613 nt
607 3556 688 3613 secui
703 3555 835 3622 secuisti,
858 3555 958 3613 rnemd
974 3556 1123 3625 monuisti,
1154 3554 1267 3614 nutrivi
1288 3554 1449 3623 nutrivisti,

161 3655 226 3731 lege
255 3655 362 3731 legisti.
413 3655 465 3714 sed
494 3656 645 3716 interdurn
672 3658 700 3714 vi
729 3653 854 3734 syllaba,
894 3673 960 3714 omn
989 3655 1086 3715 finalis
1114 3663 1160 3715 est
1187 3673 1310 3733 eaurque
1343 3655 1450 3717 vocalis

160 3758 321 3839 praecedit,
345 3757 539 3827 subtrabitur,
562 3765 595 3817 nt
617 3759 767 3817 nutrivisti
790 3758 925 3825 nutristi,
955 3758 1087 3819 amavisti
1110 3759 1223 3817 amasti.
1268 3774 1327 3816 nen
1350 3762 1449 3818 mnren

160 3879 277 3939 semper
300 3860 355 3918 boc
377 3861 442 3919 lieri
464 3879 586 3920 neccsse
609 3871 667 3919 est:
691 3877 759 3919 nam
782 3858 982 3938 sunt-quibus
1005 3851 1157 3938 εὐφωνία
1178 3867 1369 3920 memoratam
1391 3857 1446 3938 syl·

159 3961 254 4023 labam
277 3961 402 4021 subduci
425 3964 546 4022 minime
570 3965 691 4041 patitur,
716 3969 749 4020 nt
771 3963 873 4021 cavisti
897 3963 1020 4038 pavisti;
1050 3963 1124 4021 casti
1147 3964 1222 4039 pasti
1245 3979 1304 4020 nen
1327 3960 1445 4021 dicitur.

120 4063 256 4123 :eoadem
283 4065 397 4141 primae
425 4071 436 4122 t
464 4062 563 4124 littera
586 4064 699 4124 adiecta
721 4065 773 4122 bet
795 4065 897 4132 tertia,
927 4064 1021 4124 ornavi
1049 4065 1170 4132 amavit,
1200 4065 1300 4123 menni
1323 4065 1447 4133 monuit,

159 4166 258 4225 arradivi
282 4164 401 4233 audivit,
426 4165 485 4241 legi
507 4165 588 4242 legit.
635 4185 669 4226 ex
693 4166 795 4225 eadem
818 4167 914 4224 oritur
938 4174 968 4225 et
990 4167 1084 4244 prim
1107 4165 1229 4244 pluralis
1259 4164 1357 4225 addita
1380 4182 1446 4225 mus

159 4266 281 4348 syllaba,
306 4274 338 4325 nt
359 4268 441 4326 secui
464 4268 626 4335 secnimm,
657 4267 741 4326 docui
766 4267 936 4336 docuimus,
961 4267 1058 4327 aridiri
1081 4267 1259 4335 andivimnS,
1290 4266 1349 4342 legi
1372 4265 1447 4343 legi·

224 4490 240 4536 4
253 4488 425 4553 procreabitur
438 4487 462 4534 in
477 4485 601 4550 singulari
613 4486 638 4535 B
708 4485 739 4536 10
750 4486 891 4548 iisdemque
903 4489 943 4539 ed.
962 4487 1037 4540 Vina.
1052 4488 1215 4550 eiusdemque
1227 4485 1253 4535 B
1316 4487 1345 4534 11
1359 4484 1447 4548 legunt

157 4572 213 4605 anre
226 4572 296 4605 amas
309 4566 376 4603 amet
388 4570 502 4603 amamus
515 4556 603 4604 uniatis
616 4563 702 4604 amant
714 4568 805 4603 monce
819 4570 907 4605 moues
920 4567 1006 4605 mouet
1018 4571 1151 4606 menemus
1164 4555 1272 4604 inunctis
1284 4564 1388 4602 monent
1399 4567 1444 4600 au-

157 4625 198 4673 die
212 4625 284 4673 aridis
297 4624 369 4673 audit
380 4623 498 4671 audimus
511 4623 604 4671 :traditis
617 4623 723 4672 audiunt
736 4622 792 4686 lege
805 4621 869 4684 legis
882 4623 943 4687 legit
955 4623 1062 4692 legimus
1076 4624 1160 4687 legitis
1173 4623 1260 4684 legunt
1273 4637 1308 4670 en
1323 4636 1445 4670 rainca-

157 4707 222 4741 arro
242 4706 416 4751 rnrnnrnqro
435 4706 504 4739 nour
528 4705 690 4740 inescamur
714 4690 864 4740 scr1u1B.
889 4693 1023 4741 eorundem
1040 4693 1169 4742 uerborum
1190 4692 1288 4752 sermea
1306 4696 1365 4753 poet
1382 4690 1446 4738 reti-

157 4777 259 4824 quorum
282 4776 379 4825 quoquc
404 4761 532 4809 modorum
553 4765 579 4806 et
602 4767 738 4823 temporum
760 4759 919 4822 definitiones
939 4760 966 4808 in
984 4760 1009 4809 B
1031 4767 1178 4811 constanter
1196 4758 1299 4807 additos
1317 4765 1342 4807 et
1360 4758 1446 4808 titulos

157 4829 310 4891 temporibus
332 4830 363 4877 de
386 4827 474 4892 pacibus
497 4833 623 4876 tractetur
644 4829 789 4892 plerumque
810 4829 988 4894 praescriptos
1014 4830 1085 4879 οιιιίιί
1163 4829 1196 4878 33
1224 4822 1326 4890 quibus]
1352 4826 1446 4888 quibus

157 4895 284 4956 quibusB
