3346 5498
175 444 176 448 ,
240 361 283 428 42
801 364 976 427 cunnoun

266 486 288 527 p.
301 473 431 515 imillll'.
1236 517 1239 522 .

240 560 291 613 ton
315 553 392 630 qu'od
415 573 507 615 unum
530 573 628 615 casum
649 562 764 614 tautum
787 553 878 615 babet
900 560 930 612 et
949 555 982 613 in
1004 552 1077 613 alios
1099 571 1184 613 casus
1206 571 1266 614 nou
1284 561 1422 613 mutatur.
1462 572 1530 616 nam

240 655 307 716 dico
330 657 379 717 bic
402 663 431 717 et
453 656 526 717 baec
549 664 578 717 et
599 656 656 717 boc
678 658 771 735 lrugi,
800 655 888 716 bitias
911 656 1001 734 irugi,
1030 655 1098 716 buic
1125 656 1218 733 lrugi,
1247 655 1327 715 hunc
1350 664 1379 715 el
1401 654 1479 716 banc
1502 662 1531 715 et

178 786 182 793 ·
241 756 297 818 boc
318 759 414 837 lrugi,
438 777 456 819 o
478 758 570 837 frugi,
594 756 631 820 ab
654 758 711 819 hoc
734 767 764 818 et
785 757 822 818 ab
844 758 900 818 hac
916 766 945 819 et
967 759 1004 818 ab
1026 760 1082 820 boc
1104 759 1195 836 frugi,
1219 759 1297 819 sicut
1318 756 1414 817 nihili.
1453 759 1531 819 inter

239 867 359 939 aptoton
383 871 412 923 et
433 867 628 941 monoptoton
651 861 708 921 boc
728 862 866 922 interest:
887 855 892 942 Ι
920 883 939 920 a
960 870 1154 941 monoptoton
1177 867 1221 921 est
1242 860 1294 921 ubi
1317 878 1420 920 omnes
1442 878 1530 921 casus

122 972 180 1033 ato,
196 963 351 1024 assimiles
373 971 455 1025 sunt.
487 998 529 1008 —
557 963 768 1053 Commune,
798 971 837 1023 ut
865 962 1034 1042 pumilio:
1065 962 1111 1024 vel
1139 965 1232 1043 pusio.
1271 961 1393 1042 pumilio
1421 963 1556 1026 dicituro

239 1065 335 1126 brevis
357 1074 496 1129 staturae.
525 1067 603 1127 inter
625 1084 749 1146 parvum
773 1073 802 1125 et
824 1064 1016 1145 pumilionem
1038 1065 1095 1125 boc
1118 1067 1257 1126 interest:
1283 1082 1390 1144 parvus
1413 1066 1530 1146 estqui

193 1177 225 1228 20
238 1175 336 1248 potest
351 1176 380 1230 et
401 1189 421 1226 s
438 1204 478 1212 —
500 1168 655 1229 Tantum
679 1174 851 1228 neutrum
874 1175 944 1228 est:
969 1176 998 1228 et
1020 1167 1093 1228 haec
1109 1175 1206 1247 aptota
1223 1175 1305 1236 sunt,
1321 1185 1414 1229 unum
1430 1185 1529 1228 casum

239 1269 350 1333 habeut
371 1273 402 1332 in
424 1270 568 1350 singulari
590 1288 716 1331 numero
737 1276 868 1344 tantum,
892 1271 923 1330 in
945 1268 1053 1350 plurali
1075 1289 1130 1350 per
1152 1289 1255 1331 amnes
1277 1288 1362 1332 casus
1378 1268 1530 1330 declinan-

134 1381 139 1398 ‘
239 1380 297 1435 tur.
324 1408 356 1418 -
385 1375 427 1434 Vt
459 1391 577 1434 cornu
611 1390 705 1450 genu
739 1371 838 1449 gelu:
874 1373 943 1451 quia
972 1371 1191 1433 indeclinabilia
1220 1373 1346 1433 suntin
1375 1371 1527 1449 singulari.

236 1493 316 1550 penu
337 1477 408 1537 lacit
429 1494 539 1555 genua,
563 1476 640 1536 sicut
661 1491 734 1536 aera
755 1491 845 1535 verua
861 1481 891 1534 et
905 1493 997 1554 specu
1013 1493 1131 1554 specua.
1170 1473 1238 1553 gelu
1253 1473 1337 1553 gelua
1353 1475 1453 1535 iacere
1470 1493 1529 1535 uon
1543 1496 1568 1536 ιο

238 1585 348 1658 potest,
378 1579 445 1658 quia
467 1577 574 1658 plurali
596 1595 722 1638 numero
751 1584 840 1638 caret.
878 1596 947 1638 nam
973 1578 1086 1637 tonitru
1114 1578 1183 1638 iacit
1205 1581 1337 1638 tonitruo
1366 1578 1529 1638 tonitruum

239 1679 412 1751 tonitribus,
436 1683 513 1742 sicut
535 1696 651 1742 curnam
674 1697 820 1740 cornuum
843 1679 993 1740 cornibus.
1552 1749 1556 1756 .

323 1784 399 1843 Sunt
422 1785 541 1844 nomina
568 1800 645 1863 quae
672 1783 703 1842 in
727 1800 850 1842 numero
873 1781 1025 1850 deficiant,
1055 1800 1130 1861 quae
1153 1780 1298 1862 pluralem
1321 1779 1445 1851 babent,
1469 1783 1529 1842 sin·

237 1884 370 1964 gularem
392 1905 453 1946 non
476 1885 601 1955 habeut;
631 1901 707 1962 quae
730 1883 911 1970 singularem
941 1883 1065 1953 habent,
1094 1883 1239 1964 pluralem
1262 1902 1322 1945 non
1344 1882 1464 1945 habeut.
1488 1918 1530 1927 —

192 1987 329 2048 ttSunt
351 1989 462 2049 etiam
485 2006 638 2050 numero
654 1987 875 2047 communia:
899 1988 929 2047 in
945 1988 1030 2046 tertia
1048 1994 1149 2066 quarta
1167 1994 1196 2047 et
1214 1987 1316 2064 quinta
1331 1985 1568 2047 declinationem

237 2092 402 2152 communis
429 2108 574 2152 numerus
595 2091 751 2150 invenitur.
775 2123 816 2131 -
838 2090 1089 2164 Communia]
1118 2097 1156 2150 at
1187 2107 1248 2149 res
1280 2088 1398 2149 nubes
1431 2088 1527 2148 dics:

237 2191 311 2254 baec
338 2211 386 2254 res
412 2193 468 2253 bae
495 2212 553 2254 res.
598 2194 734 2271 quotiens
762 2188 974 2272 nomilluativus
1002 2192 1117 2252 numeri
1152 2189 1310 2269 singularis
1343 2198 1373 2251 et
1406 2189 1528 2270 pluralis

191 2303 323 2374 appares
345 2302 428 2365 sunt,
455 2297 619 2356 communis
647 2302 692 2354 est
720 2311 869 2355 uumerus.
899 2327 941 2336 —
968 2294 1121 2373 Semper
1142 2291 1349 2371 singularia
1376 2293 1528 2371 generis

237 2397 452 2466 masculini,
475 2407 512 2458 ut
534 2396 670 2477 pulvis:
694 2395 831 2476 pulveres
853 2394 930 2475 apud
954 2394 1121 2465 lloratium,

389 2499 841 2579 novendialesdissipare
863 2497 1044 2577 pulveres.
1493 2522 1496 2526 ⁴
1541 2512 1569 2553 ao

192 2608 278 2657 ac—
310 2602 461 2683 Semper
489 2601 668 2682 pluralia,
697 2609 735 2661 ut
762 2618 886 2661 manes
913 2599 1092 2670 Quirites:
1120 2599 1194 2673 licet
1216 2599 1356 2660 Horatius
1384 2597 1530 2678 singulari

238 2699 363 2765 numero
386 2705 529 2777 Quiritem
552 2703 659 2765 dixerit
683 2701 830 2782 [quamvis
852 2700 997 2767 luvenalis
1020 2703 1187 2764 ‘donavit
1208 2700 1447 2783 Quiritem'],
1476 2700 1528 2762 sed

238 2809 409 2886 usurpative
431 2825 501 2867 usus
524 2813 582 2875 est,
606 2812 636 2866 et
656 2807 698 2866 sic
720 2804 899 2875 declinatur,
928 2803 977 2864 hic
999 2804 1097 2875 Quiris
1119 2805 1205 2865 buius
1227 2805 1357 2876 Quiritis.
1396 2813 1426 2864 et
1448 2821 1529 2865 com-

236 2908 343 2989 pedem
366 2908 524 2988 singularis
546 2909 663 2968 numeri
686 2907 773 2977 dixit,
797 2924 865 2967 cum
888 2908 926 2967 sit
940 2904 1070 2986 pluralis.
1089 2941 1125 2951 -
1143 2908 1296 2987 Semper
1318 2907 1527 2986 singularia

238 3013 388 3090 generis
410 3010 597 3080 feminini,
621 3018 753 3088 utpax:
779 3010 928 3089 usurpavit
942 3008 1107 3077 Sallustius,
1125 3011 1175 3090 qui
1191 3009 1263 3069 dixit
1278 3007 1395 3071 ‘bella
1418 3017 1568 3088 atquem

236 3132 347 3194 paces
373 3112 626 3175 exercebant'.
662 3113 702 3172 ita
725 3119 754 3172 et
776 3130 883 3191 scopae
905 3110 964 3170 dici
979 3110 1082 3179 debet,
1106 3113 1173 3188 quia
1188 3130 1237 3172 res
1252 3129 1326 3189 quae
1341 3111 1378 3172 de
1393 3109 1530 3192 plmibus

192 3222 225 3271 28
238 3224 354 3278 constat
375 3214 533 3295 singularis
556 3233 621 3276 esse
644 3232 702 3275 uon
726 3223 833 3294 potest.
871 3215 915 3273 sic
937 3212 1033 3275 scalae
1049 3232 1173 3293 mappae
1189 3215 1358 3293 quadrigae.
1382 3248 1424 3258 -
1446 3214 1528 3275 Sin·

237 3318 380 3397 gularia
403 3320 554 3398 generis
576 3319 714 3386 neutri,
738 3325 775 3376 ut
796 3335 862 3396 pus
884 3317 998 3377 virus:
1022 3315 1205 3395 superfluum
1228 3318 1324 3377 estin
1345 3316 1401 3377 bac
1423 3334 1457 3377 re
1474 3335 1529 3377 nu·

238 3440 351 3482 merum
375 3399 534 3500 quaerere,
559 3422 627 3500 quia
649 3417 857 3480 indeclinabile
874 3426 935 3487 est;
958 3417 1034 3493 lsed
1058 3426 1156 3480 tamen
1179 3417 1304 3496 legimus
1326 3418 1401 3499 apud
1419 3418 1530 3479 Lucre·

192 3526 310 3582 antium
347 3523 455 3584 ‘tetri
489 3521 693 3602 primordia
727 3523 823 3582 viri’.
848 3556 888 3564 —
917 3520 1194 3582 consuetudine
1222 3528 1400 3600 usurpata
1428 3529 1567 3591 sunt,ao

237 3630 275 3682 ut
302 3624 398 3683 vina:
433 3625 498 3684 vina
525 3622 604 3701 apud
632 3622 760 3683 Tullium
786 3624 818 3710 in
842 3624 988 3697 verrinis,
1024 3624 1123 3682 ‘vina
1153 3624 1291 3683 Graeca
1327 3630 1544 3703 ceteraque,

307 3824 367 3875 Coti.
389 3825 469 3874 Bere.
490 3825 534 3874 Vll
555 3822 676 3878 ²*-3*.
766 3827 889 3879 lliabeat
976 3825 1032 3876 3et
1051 3827 1082 3876 ab
1101 3826 1207 3878 nocam.
1295 3826 1358 3877 nihil
1432 3829 1529 3877 interea

237 3902 339 3960 aptoton
411 3897 468 3945 5ut
484 3895 603 3961 pumilios
622 3895 661 3945 uel
719 3897 808 3948 qunt
823 3899 848 3945 iu
867 3899 892 3946 in
909 3896 1035 3963 singulari
1053 3895 1112 3946 lacit
1126 3913 1209 3962 genua
1227 3899 1292 3947 sicut
1312 3896 1389 3948 uerba
1408 3905 1433 3947 et
1449 3913 1528 3966 specu

308 3965 338 4016 ll
356 3980 413 4014 natu
429 3975 527 4015 tauetrn
545 3968 623 4027 (corr.
642 3969 676 4021 ul.
691 3983 756 4017 mon.
781 3967 885 4028 tonitru)
906 3967 967 4017 iacit
980 3967 1058 4015 uerba
1078 3973 1158 4027 (corr.
1178 3971 1212 4018 al.
1232 3984 1298 4018 naon.
1316 3965 1406 4031 nerva)
1426 3978 1450 4018 et
1469 3970 1529 4020 lacit

237 4035 374 4084 tonitruum
436 4036 466 4086 12
485 4051 641 4087 cornuaom.
697 4035 743 4104 „13
763 4037 881 4086 deflciant
899 4040 979 4100 (corr.
1000 4037 1034 4088 ol.
1055 4052 1119 4089 mon.
1139 4037 1210 4101 ·uut)
1230 4053 1295 4101 quae
1312 4039 1423 4105 plurales
1496 4042 1528 4091 15

237 4102 320 4171 tertia]
344 4106 377 4155 lll
442 4107 474 4157 16
494 4116 576 4156 utres
595 4122 642 4158 aru.
703 4107 793 4156 luant
810 4104 892 4169 (coar.
912 4108 1090 4158 recentiorum
1108 4107 1183 4173 aput)
1201 4109 1307 4157 oratiam
1371 4108 1406 4158 20
1424 4109 1529 4174 puluere

236 4190 305 4226 corr.
323 4176 357 4225 al.
376 4191 442 4225 man.
461 4191 513 4227 -res
582 4177 729 4226 atomum
800 4175 833 4226 23
854 4178 1015 4242 usurpatiuae
1085 4178 1119 4229 25
1134 4178 1217 4241 adque
1276 4177 1310 4228 26
1327 4192 1419 4244 scopae
1437 4179 1529 4230 debent

306 4245 337 4295 de
356 4244 497 4310 pluralibus
567 4248 599 4297 27
616 4256 689 4311 potes
742 4246 894 4312 quadrigrae
963 4246 998 4296 29
1016 4258 1078 4312 aput
1148 4247 1180 4298 at
1201 4258 1261 4314 aput
1318 4258 1467 4312 caeteraque

305 4436 323 4485 4
342 4437 435 4484 lacuna
453 4452 525 4500 quom
546 4437 656 4487 iadicoru'
673 4438 723 4488 olio
740 4437 852 4500 definitio
874 4438 977 4486 nmniaia
999 4436 1079 4500 optati
1095 4438 1222 4488 excidisse
1239 4437 1338 4489 uidetur
1409 4438 1442 4489 19
1461 4439 1529 4505 apud

238 4503 380 4572 Horatium]
402 4506 474 4567 epod.
496 4507 537 4568 17,
557 4507 591 4558 48
662 4507 693 4556 'tl
714 4504 844 4574 Horatius]
862 4523 939 4557 canu.
960 4507 981 4554 ll
1001 4509 1026 4568 7,
1044 4506 1060 4558 3
1078 4508 1136 4570 quio
1156 4516 1179 4554 te
1196 4508 1327 4557 redonavit
1345 4508 1468 4568 Quiritem

237 4578 272 4626 ‘2²2
288 4572 428 4641 luvenalis]
448 4582 499 4626 rat.
519 4575 545 4636 8,
563 4580 596 4628 47
614 4585 697 4626 tamen
714 4578 764 4626 iaia
776 4578 848 4641 plebe
864 4577 986 4636 Quiritem
1005 4575 1141 4627 iucundum
1158 4578 1281 4628 iuvenies.
1299 4578 1428 4629 Iuvenalis
1445 4594 1529 4628 eccem-

233 4649 302 4709 plum
323 4662 374 4696 ano
394 4661 446 4696 ema
469 4663 542 4697 unsa
566 4647 673 4698 Horatii
695 4657 785 4710 postea
803 4649 957 4710 adscriptum
974 4662 1030 4697 erae
1046 4650 1144 4697 videm
1230 4647 1264 4698 ‘23
1283 4646 1442 4715 compedem]
1462 4649 1527 4699 Hor.

237 4732 314 4765 earne
338 4718 380 4766 llll
399 4717 446 4778 11,
462 4718 495 4766 24
515 4718 637 4783 compede
658 4718 768 4766 vinctum
788 4719 861 4784 epod.
879 4720 904 4779 4,
925 4718 1019 4767 adtira
1039 4718 1161 4783 compede
1248 4718 1281 4768 ²5
1301 4717 1449 4784 Sallustius]
1469 4719 1527 4783 Ing.

237 4785 336 4846 :t1‚20
405 4785 439 4836 26
460 4801 552 4852 scopae
576 4801 632 4835 esse
659 4788 751 4838 debeat
770 4787 902 4839 blancum
972 4787 1006 4838 29
1027 4785 1266 4854 apndLucretiuui]
1288 4788 1379 4840 11476
1449 4788 1481 4841 31
1503 4791 1529 4841 in

238 4853 362 4930 Verriuis]
382 4866 431 4914 act,
452 4873 503 4912 aec,
522 4858 530 4906 l
549 4858 591 4922 ao,
607 4857 640 4911 nt
