3346 5498
245 365 307 430 sse
755 366 1021 447 pinsnuouis]
1087 446 1091 453 Ι

271 489 293 528 p.
306 476 363 515 1³69.
377 476 402 515 70
415 474 437 515 P.

246 556 355 623 rimus,
385 561 472 614 tener
503 555 637 615 tenerior
665 556 855 616 tenerrimus.
898 574 953 635 per
981 574 1017 615 ex
1046 557 1078 616 in
1110 572 1220 634 genere
1248 555 1410 616 masculino
1442 573 1537 616 ornum

245 657 353 701 nomen
376 639 521 719 estquod
544 638 624 700 vadit
646 658 699 719 per
721 639 845 718 gradus,
869 658 960 700 senex
975 641 1088 709 senior,
1111 639 1325 718 superlativum
1346 659 1405 700 non
1427 636 1537 701 habet:

245 743 342 806 neque
366 726 446 786 enim
469 725 595 786 dicimus
617 727 802 785 senissimus.
845 743 999 786 commune
1028 743 1124 803 genus
1145 725 1223 804 quod
1245 727 1412 805 comparari
1435 733 1537 805 potest

245 829 299 889 per
321 809 375 870 bas
396 809 522 889 syllabas
544 812 618 880 exit,
642 827 697 890 per
718 812 745 870 is
768 819 797 870 et
820 828 867 869 er:
892 813 931 881 is,
955 818 989 870 ut
1010 809 1058 870 hic
1075 817 1105 870 et
1119 809 1192 870 haec
1215 810 1314 887 agilis,
1337 810 1386 870 hic
1409 818 1438 870 et
1461 809 1536 871 haee

246 894 352 972 agilior
374 903 404 954 et
425 895 474 954 hic
497 895 690 972 agilissimus,
713 897 757 956 sic
784 895 883 955 brevis
910 894 1029 955 brevior
1049 894 1256 965 brevissimus,
1280 897 1322 955 sic
1345 894 1418 956 levis
1439 895 1564 956 leviors

245 980 412 1040 levissimus
434 988 463 1040 et
484 979 557 1039 haec
579 980 737 1040 levissima.
774 979 826 1040 sad
849 979 886 1039 ab
908 979 963 1040 hac
986 980 1088 1058 regula
1110 980 1285 1041 defecerunt
1305 998 1398 1060 pauca
1421 980 1536 1060 eupho-

245 1067 312 1125 niae
336 1067 447 1142 gratia,
478 1076 507 1125 ut
531 1064 689 1125 facillimus
719 1065 814 1135 dicas,
839 1083 897 1125 non
925 1065 1129 1135 mollissimus
1152 1084 1210 1145 quo
1232 1064 1321 1125 modo
1341 1066 1535 1133 fortissimus,

245 1159 275 1210 et
297 1149 477 1221 simillimus,
502 1168 559 1210 non
583 1150 792 1211 similissimns.
834 1149 885 1210 sed
908 1149 981 1210 haec
1001 1168 1094 1230 panca
1110 1168 1163 1210 nos
1185 1149 1308 1211 turbare
1330 1168 1388 1211 non
1412 1149 1534 1211 debent.

245 1250 300 1315 per
328 1254 362 1295 er
383 1253 455 1295 vero
484 1243 671 1314 comparatur
699 1253 793 1312 genus
821 1252 991 1305 commune,
1021 1235 1073 1296 scd
1100 1237 1131 1295 in
1158 1238 1263 1315 paucis
1289 1235 1472 1307 nominibus,
1503 1246 1536 1296 ut

245 1321 294 1380 hic
322 1328 353 1380 et
381 1321 453 1380 haec
482 1339 550 1380 acer
579 1322 677 1380 acrior
705 1322 869 1380 acerrimus
895 1320 968 1380 haec
996 1321 1156 1391 acerrima,
1185 1320 1234 1379 hic
1262 1327 1292 1380 et
1319 1320 1391 1381 haec
1419 1339 1536 1401 pauper
1552 1337 1577 1376 ιο

245 1408 408 1484 pauperior
433 1408 644 1485 pauperrimus
672 1404 745 1466 haec
772 1407 973 1485 pauperrima.
1016 1422 1111 1483 genus
1138 1424 1224 1465 omne
1251 1424 1306 1485 per
1333 1405 1387 1467 bas
1408 1405 1536 1486 syllabas

245 1498 452 1570 comparatur,
475 1509 529 1568 per
553 1509 587 1550 ax
610 1509 646 1550 ex
669 1493 699 1550 ix
721 1509 757 1550 ox
780 1508 817 1550 ux
834 1509 886 1550 ans
908 1508 962 1551 ens
983 1509 1037 1551 ons
1059 1510 1108 1551 ers
1129 1508 1179 1551 ors
1201 1509 1248 1550 am
1272 1509 1320 1551 us:
1344 1509 1379 1550 ax
1398 1490 1536 1570 positivo,

244 1584 277 1636 ut
306 1577 427 1645 efficax,
457 1577 656 1653 comparativo
689 1575 853 1645 ellicacior,
888 1575 1067 1654 superlativo
1100 1576 1337 1645 efficacissimus,
1371 1576 1413 1635 sic
1446 1574 1535 1636 fallax

245 1660 377 1720 fallacior
405 1660 624 1728 fallacissimus:
658 1679 708 1730 ex,
738 1668 771 1719 ut
798 1659 923 1739 simplex
953 1661 1115 1739 simplicior
1143 1660 1397 1739 simplicissimum
1427 1663 1472 1729 ix,
1503 1669 1535 1720 ut

245 1746 316 1806 lelix
350 1745 468 1806 lelioior
495 1744 700 1814 felicissimus,
732 1746 838 1823 pernix
866 1747 1019 1823 pernicior
1044 1747 1285 1824 pernicissimum
1314 1765 1365 1816 or,
1397 1755 1428 1807 ut
1452 1744 1534 1818 velox
1551 1762 1575 1799 ιιι

246 1831 375 1890 velocior
405 1830 619 1900 velocissimus,
650 1833 733 1890 lcrox
760 1831 891 1890 ferocior
919 1832 1134 1900 ferocissimum
1168 1850 1220 1900 vix,
1254 1839 1287 1890 ut
1321 1840 1387 1891 trux
1420 1833 1535 1891 trucior

246 1918 446 1985 trucissimus;
476 1934 543 1983 ans,
576 1923 609 1974 ut
636 1934 738 1976 anians
765 1917 911 1976 amantior
938 1917 1173 1985 amantissimum
1202 1934 1269 1983 cns,
1293 1923 1326 1975 ut
1347 1917 1465 1995 sapiens
1486 1936 1533 1975 sa·

245 2002 374 2079 pientior
403 2002 657 2080 sapientissimus3
688 2019 755 2067 ons,
786 2008 818 2060 ut
845 2002 946 2059 insons
973 2003 1118 2061 insontior
1146 2002 1380 2070 insontissimus;
1409 2020 1471 2069 ers,
1502 2009 1534 2060 ut

245 2088 325 2145 iners
348 2088 475 2145 inertior
498 2087 712 2154 inertissimus,
736 2085 838 2144 sollers
860 2085 1008 2146 sollertior
1030 2086 1268 2154 sollertissinuis;
1292 2105 1351 2154 ors,
1376 2094 1408 2146 nt
1430 2104 1535 2145 vecors

244 2170 401 2230 vecordior
424 2171 669 2239 vecordissimns;
692 2190 753 2238 am,
778 2178 809 2229 ut
831 2188 972 2249 nequam;
997 2189 1045 2240 us,
1072 2179 1103 2231 ut
1126 2179 1219 2230 vetus,
1263 2171 1362 2230 dativo
1384 2171 1476 2230 adicis
1499 2187 1575 2230 oreo

245 2263 275 2314 et
297 2257 371 2315 lacis
393 2258 642 2334 comparativum,
667 2257 787 2324 lorti0r;
818 2257 957 2333 genetivo
980 2255 1074 2316 adicis
1096 2257 1200 2324 simus,
1225 2265 1257 2315 ut
1280 2257 1470 2316 fortissimus.
1517 2276 1532 2315 a

245 2359 372 2419 nequam
402 2347 432 2399 nt
461 2340 542 2401 dicas
570 2342 710 2419 nequior,
739 2341 775 2399 de
804 2342 907 2419 quovis
930 2358 999 2399 casu
1024 2341 1102 2400 tollis
1124 2360 1170 2401 am
1193 2348 1224 2400 et
1245 2341 1339 2400 adicis
1361 2343 1370 2399 i
1394 2349 1480 2400 otor
1503 2349 1534 2400 et

244 2428 318 2486 lacis
352 2427 493 2504 nequi0r;
522 2425 616 2485 adicis
649 2427 769 2484 issimus
805 2433 834 2484 et
867 2425 940 2484 lacis
973 2428 1183 2505 nequissimus.
1228 2425 1265 2484 ab
1292 2444 1328 2486 eo
1356 2444 1425 2486 vero
1453 2427 1533 2505 quod

245 2518 289 2570 est
312 2518 395 2570 vetus
423 2511 521 2570 dativo
543 2510 637 2570 adicis
665 2528 699 2569 or
727 2518 756 2569 et
777 2510 851 2570 lacis
874 2506 1104 2588 comparativum
1129 2514 1273 2580 veterior;
1297 2510 1439 2571 subducis
1462 2511 1533 2571 huic

244 2599 253 2656 i
278 2604 307 2656 et
329 2615 346 2655 o
369 2604 399 2654 et
421 2596 515 2655 adicis
537 2597 615 2657 imus
637 2602 666 2653 et
688 2596 761 2654 lacis
784 2596 971 2655 veterrimus.
1016 2597 1059 2655 sic
1081 2595 1253 2655 observabis
1276 2603 1306 2655 et
1327 2597 1356 2656 in
1380 2598 1574 2656 lerniuinises

244 2688 274 2740 et
289 2683 404 2740 neutris
421 2688 451 2739 et
465 2677 579 2759 laciesl
604 2682 762 2739 veterrima
786 2682 987 2739 veterrimum.
1018 2683 1236 2741 vetustissimus
1258 2688 1355 2741 autem
1378 2700 1392 2740 a
1416 2689 1534 2741 vetusto

245 2768 340 2834 venit,
371 2773 400 2825 et
428 2767 497 2825 lacit
526 2772 656 2824 vetustus
683 2766 826 2824 vetustior
852 2767 1086 2833 vetustissimus:
1116 2767 1158 2826 sic
1180 2769 1323 2826 feminino
1345 2772 1458 2826 vetusta
1482 2785 1533 2825 ve-

245 2853 352 2912 tustior
374 2852 589 2920 vetustissima;
613 2853 656 2910 sio·
680 2859 785 2910 nevitro
808 2856 953 2909 vetustum
978 2852 1122 2911 vetustius
1145 2853 1388 2912 vetustissimum.

330 2938 405 2997 Sunt
434 2938 550 2994 nomina
580 2937 699 3012 generis
727 2937 825 2994 neutri
854 2953 928 3014 quac
957 2942 1018 2993 tres
1047 2955 1132 2996 casus
1159 2943 1272 2996 tantum
1295 2939 1325 2996 in
1347 2936 1454 3015 plurali
1476 2956 1533 2997 viu·

246 3039 327 3081 mero
350 3019 474 3088 liabent,
498 3022 712 3080 nominativum
735 3021 932 3080 accusativum
955 3028 984 3079 et
1008 3023 1182 3085 vocativum.
1208 3029 1239 3081 ut
1261 3023 1340 3091 iura,
1365 3024 1534 3082 accusativo
1547 3037 1574 3073 ³0

244 3106 317 3166 haee
339 3107 421 3173 iura,
446 3107 577 3166 vocativo
599 3125 616 3165 o
638 3108 714 3166 iura.
745 3106 788 3165 sic
804 3113 834 3166 et
848 3107 942 3165 maria
958 3113 987 3165 ct
1009 3108 1075 3165 vina
1099 3115 1127 3166 et
1150 3107 1236 3166 niella
1259 3114 1289 3167 et
1311 3106 1377 3166 lello
1400 3114 1429 3166 ct
1451 3127 1532 3168 aera.

244 3200 386 3251 vocantur
408 3196 505 3250 autem
528 3193 659 3270 triptota.
710 3265 712 3268 Ι

329 3277 490 3337 Genetivus
517 3284 566 3335 aut
594 3294 649 3356 par
678 3294 745 3336 esse
774 3275 862 3335 debet
889 3278 1070 3336 nominativo
1099 3284 1149 3343 aut
1169 3294 1228 3337 non
1251 3277 1317 3357 plns
1341 3296 1396 3337 nna
1419 3276 1531 3356 syllaba

245 3362 398 3422 excedere.
444 3360 495 3419 sed
519 3363 637 3421 inventa
660 3368 729 3421 sunt
751 3378 844 3439 pauca
867 3364 984 3421 novuina
1006 3370 1108 3422 eontra
1132 3363 1265 3440 regulam
1288 3363 1399 3432 ve'nire,
1424 3370 1456 3422 ut
1479 3382 1532 3423 au·

243 3465 328 3526 ceps,
359 3445 437 3526 quod
466 3445 591 3506 duarnvn
619 3445 799 3526 syllabarum
827 3453 885 3514 cst,
914 3448 946 3505 in
975 3449 1112 3524 genetivo
1140 3446 1256 3507 duabus
1278 3446 1397 3527 syllabis
1419 3451 1573 3507 erevittsso

243 3534 315 3593 lacit
343 3534 421 3592 enim
451 3533 602 3611 ancipitis,
632 3549 775 3611 praeceps
804 3532 991 3611 praecipitis,
1015 3531 1147 3611 supellex
1170 3532 1376 3612 supellectilis,
1401 3535 1459 3593 iter
1481 3535 1531 3592 iti·

245 3619 334 3678 neris
380 3618 514 3696 quaestio
537 3624 596 3686 est,
621 3619 646 3677 si
670 3619 809 3695 princeps
837 3619 983 3695 principis
1011 3627 1040 3676 et
1063 3635 1205 3697 praeceps
1227 3619 1413 3699 praecipitis
1438 3637 1531 3697 quare

244 3722 302 3762 nou
325 3703 487 3781 praecipis,
511 3701 677 3781 quomodo
699 3703 861 3780 principis,
885 3701 1027 3761 dicamus.
1062 3702 1112 3761 sed
1135 3705 1290 3782 princeps,
1314 3703 1391 3782 quod
1415 3705 1532 3782 primus

244 3789 355 3865 capiat,
379 3786 476 3846 dictus
499 3794 544 3847 est
566 3795 595 3846 et
617 3789 699 3846 venit
720 3804 737 3846 a
759 3785 918 3864 eapiend0;
940 3805 1085 3866 praeceps
1106 3797 1236 3849 autema
1259 3790 1365 3867 eapitis
1381 3790 1531 3865 signitica-

244 3873 325 3932 tionc
348 3871 473 3940 dieitur,
497 3871 573 3951 qnod
597 3870 739 3950 praebeat
761 3878 858 3949 caput.
1546 3888 1573 3927 ao

328 3955 468 4025 Quaestio
491 3965 550 4026 est,
574 3956 692 4035 quaudo
715 3956 906 4035 producimus
921 3956 1052 4027 decoris,
1069 3959 1185 4039 quando
1201 3961 1389 4037 corripimus.
1418 3976 1530 4036 genere

244 4050 349 4102 neutro
378 4043 556 4119 corripimus
583 4040 620 4101 ab
649 4059 684 4101 eo
713 4041 792 4120 quod
821 4047 867 4100 est
894 4041 996 4111 docus,
1026 4044 1189 4105 masculino
1216 4045 1408 4123 producimus
1435 4043 1531 4104 abeo

328 4230 345 4278 2
363 4243 412 4277 non
429 4227 525 4277 babens
542 4241 558 4283 ς
642 4229 658 4279 b
677 4224 846 4294 agilissimos]
868 4229 997 4295 agillimus
1018 4231 1045 4279 V
1051 4242 1067 4284 ς
1136 4231 1315 4281 llleuissimns
1334 4230 1374 4281 uel
1396 4232 1529 4282 lenissima

243 4313 260 4355 ς
279 4308 303 4350 et
319 4299 464 4349 leuissimus
481 4308 505 4346 et
522 4299 652 4347 leuissima
667 4300 694 4349 V
761 4299 776 4346 'l
796 4299 864 4347 dicat
887 4300 934 4353 Γς
1005 4301 1037 4350 10
1054 4299 1096 4349 hle
1110 4311 1135 4351 et
1151 4301 1214 4350 hoec
1233 4303 1315 4350 acrior
1333 4302 1470 4350 acerrimus
1487 4302 1529 4350 uel

243 4372 365 4422 acerrima
388 4368 414 4419 V
481 4370 618 4418 acerrimus
637 4381 764 4435 paupers
835 4369 864 4418 ll
883 4370 1059 4434 pauperrimus
1077 4372 1293 4437 uelpauperrima
1316 4373 1361 4426 Vs
1431 4371 1465 4422 20
1483 4372 1529 4420 da-

243 4441 294 4490 tluo
313 4440 388 4489 aditis
408 4454 435 4488 or
453 4438 494 4486 V:
511 4439 596 4487 (latino
614 4440 719 4489 adducis
739 4454 767 4489 or
783 4448 809 4489 ut
828 4438 887 4488 lorti
906 4441 1106 4504 comparaticium
1126 4442 1245 4495 lortiorq
1314 4442 1346 4491 21
1365 4442 1456 4489 odiiois
1470 4457 1529 4489 con-

241 4519 341 4561 stanter
358 4513 385 4561 V
402 4509 507 4558 udducis
525 4518 698 4563 scrutanter&
768 4508 922 4558 lectissimus
940 4524 1047 4573 nequam
1070 4512 1098 4559 V
1163 4514 1197 4562 22
1216 4513 1247 4561 de
1264 4512 1353 4575 quovis
1369 4527 1428 4560 casu
1450 4524 1529 4565 orm

311 4581 345 4632 ’23
363 4582 442 4629 simus
461 4588 486 4627 et
502 4578 562 4628 lacit
581 4581 750 4643 nequissimus
775 4581 800 4621 V
813 4582 892 4629 aimus
908 4588 932 4628 et
951 4580 977 4627 lit
993 4581 1163 4641 nequissimus
1182 4593 1198 4634 ς
1267 4584 1300 4632 24
1318 4577 1401 4646 vetus]
1424 4590 1494 4630 ueter
1512 4593 1528 4633 ς

295 4651 417 4699 subdiicis
437 4648 496 4697 huie
511 4649 596 4698 datiuo
617 4653 624 4697 i
644 4658 701 4698 eto
720 4656 744 4697 et
759 4649 848 4697 adlisis
863 4650 930 4699 imus
951 4651 979 4698 V
994 4650 1116 4699 subducis
1135 4649 1193 4699 lucie
1211 4653 1218 4699 i
1234 4660 1258 4700 et
1277 4667 1291 4697 o
1311 4658 1333 4699 et
1353 4661 1405 4700 ret
1421 4652 1528 4699 adducis

243 4720 356 4776 rimusg
426 4720 460 4769 26
483 4716 571 4785 iacies]
597 4719 676 4769 iacias
696 4720 722 4769 V
789 4717 824 4770 30
842 4718 936 4768 habent
957 4734 1002 4769 om.
1023 4722 1061 4780 V,
1081 4729 1139 4785 post
1160 4723 1301 4770 vocativum
1327 4721 1425 4775 adds
1495 4722 1529 4772 32

243 4791 354 4853 triptota.
376 4790 433 4839 Alio
447 4791 544 4855 regula.
565 4788 695 4839 Genitiuua
714 4802 731 4842 ς
813 4788 847 4840 33
861 4803 910 4838 non
928 4805 974 4841 ona.
992 4791 1018 4838 V
1023 4803 1039 4844 ς
1118 4793 1151 4843 35
1170 4800 1247 4840 estet
1265 4792 1291 4839 in
1310 4791 1424 4857 genitiuo
1442 4802 1458 4844 ς

243 4861 306 4909 duas
322 4860 433 4924 syllabus
456 4863 481 4910 V
487 4873 503 4915 ς
572 4858 607 4912 30
625 4859 735 4925 laeitquc
753 4859 869 4926 ancipitis
885 4872 901 4912 ς
