3346 5498
572 374 622 436 EX
645 373 760 435 uoltu.
785 372 824 435 ΙΝ
847 373 932 436 DON.

381 579 436 652 Ex
462 579 582 654 codice
608 578 817 652 Monaeeusi
844 578 963 650 Emm.
991 577 1032 650 d.
1064 580 1132 649 121

197 714 401 775 Barbarismus
430 723 475 776 est
504 733 562 776 nna
592 734 660 794 pars
683 715 824 775 orationis
847 715 947 774 vitiosa
969 715 999 774 in
1022 714 1172 773 communi
1194 731 1345 782 sermone,
1370 715 1400 774 in

115 824 249 895 poemate
272 815 494 896 metaplasmus:
525 815 744 876 adtendendum
772 814 850 895 quod
873 815 1003 875 Donatus
1025 816 1227 875 strenuissime
1258 817 1402 894 peritissi-

115 936 220 996 meque
248 938 332 979 suam
362 918 453 979 edidit
481 925 585 979 artem.
631 919 759 998 primum
793 918 870 977 enirn
904 934 1086 994 componens
1117 918 1263 977 minorem
1291 915 1326 977 ad
1356 918 1400 977 iu·

92 1019 272 1081 esti-nendos
292 1039 403 1100 pueros
426 1039 490 1081 eam
512 1021 542 1081 in
566 1018 688 1081 exordio
710 1021 755 1079 sui
778 1018 934 1080 voluminis
955 1019 1103 1096 imposuit,
1148 1018 1306 1078 secundam
1329 1036 1400 1078 nero

115 1122 272 1183 editionem
300 1142 316 1182 a
346 1121 440 1183 littera
469 1122 634 1202 ceterisque
663 1118 814 1200 particulis
842 1119 878 1179 ad
906 1104 1093 1198 superficiem
1115 1119 1333 1198 pertinentibus
1355 1107 1400 1179 iu-

114 1225 243 1292 cboarit,
274 1233 303 1285 ει
330 1233 432 1303 postca
461 1233 528 1284 octo
550 1232 664 1303 partes;
693 1222 857 1283 bisantem
881 1224 985 1301 positis
1007 1222 1042 1281 ad
1066 1220 1273 1300 complendam
1295 1241 1400 1281 secuu-

114 1325 178 1387 dam
203 1325 364 1386 editionem
387 1326 603 1387 barbarismum
628 1333 657 1385 ει
679 1333 777 1385 cetera
800 1325 865 1383 vitia
888 1325 1001 1402 posuit,
1026 1331 1055 1383 ct
1077 1325 1154 1383 sicut
1175 1324 1312 1402 primitus
1333 1342 1400 1403 par·
1458 1312 1462 1320 ⁴

114 1436 172 1498 tes,
195 1428 225 1488 id
249 1435 293 1487 est
315 1447 415 1488 vocem
439 1428 567 1489 litteram
590 1426 730 1505 syllabam
753 1434 941 1502 ceterasque,
965 1441 1040 1503 quae
1062 1424 1097 1485 ad
1121 1425 1310 1505 superficiem
1330 1444 1400 1505 per-

81 1540 103 1580 ιι
115 1531 222 1600 duent,
250 1539 404 1608 posuerat,
437 1531 475 1590 ita
503 1528 540 1590 de
569 1531 644 1589 vitiis
676 1528 829 1609 disputans
856 1526 1075 1588 barbarismum
1103 1528 1133 1586 in
1161 1529 1256 1607 capite
1288 1546 1401 1607 ponere

115 1631 242 1700 studuit,
272 1633 322 1708 qui
351 1633 515 1710 corrumpit
542 1631 744 1708 superficiem,
775 1632 805 1689 iu
828 1628 959 1690 secundo
981 1629 1047 1689 loco
1075 1629 1300 1700 soloecismum,
1324 1629 1400 1709 quod

114 1735 213 1794 vitium
237 1735 401 1812 corrumpit
423 1751 542 1793 sensum
566 1741 793 1811 contextumque
815 1733 952 1811 partium,
990 1732 1057 1791 exin
1080 1732 1177 1810 posuit
1198 1731 1348 1793 schemata
1373 1741 1402 1792 et

113 1846 224 1915 tropos,
248 1837 297 1912 qui
320 1841 456 1894 ornatum
479 1832 615 1895 tribuunt
636 1832 882 1914 praecedentibus
904 1832 1047 1912 partibus.

667 1931 686 1970 a
750 1931 768 1968 s
832 1935 850 1973 ε

197 2021 406 2094 Quaerendum
430 2031 487 2090 est,
516 2040 575 2102 quo
597 2020 685 2082 modo
707 2020 841 2081 Donatus
869 2019 947 2081 dicat
969 2020 1183 2081 barbarismum
1207 2038 1286 2089 esse,
1309 2022 1402 2100 siquis

81 2134 102 2172 ¹⁵
114 2123 190 2184 dlcat
212 2123 388 2184 salmentum
411 2141 465 2202 pro
488 2121 714 2191 salsamentum,
738 2140 805 2182 cum
828 2121 922 2200 Caper
949 2124 1171 2203 antiquissimus
1199 2122 1302 2183 doctor
1324 2123 1403 2183 dicat

114 2224 273 2286 ‘salmeuta
308 2243 345 2284 ne
380 2226 484 2285 tinreas
518 2225 670 2303 prolerre,
700 2225 768 2303 quia
804 2222 926 2284 latinum
956 2230 1027 2284 est'.
1072 2224 1109 2284 ad
1137 2225 1215 2305 quod
1244 2223 1400 2285 dicendum

114 2328 179 2405 quia
204 2336 234 2386 ει
254 2326 429 2387 salmentum
453 2336 482 2387 et
503 2325 711 2386 salsamentum
735 2324 793 2385 dici
814 2334 920 2405 potest.
951 2324 1126 2387 salmentum
1150 2334 1247 2387 autem
1264 2335 1309 2388 est
1330 2346 1400 2407 pur·

113 2436 282 2507 gamentum
305 2431 411 2498 maris,
435 2427 645 2489 salsamentum
668 2446 738 2488 vero
760 2426 878 2506 salsugo
902 2428 1026 2499 dicitur,
1056 2430 1086 2488 in
1110 2448 1167 2508 qua
1191 2428 1328 2507 liquescit
1349 2427 1401 2497 sal,

114 2539 144 2591 ut
166 2549 271 2590 carnes
294 2530 478 2591 condiantur.
523 2532 615 2611 siquis
638 2530 727 2607 igitur
749 2531 861 2600 sciens,
891 2529 960 2610 quid
981 2531 1020 2589 sit
1041 2529 1249 2591 salsamentum
1273 2540 1302 2590 ct
1331 2515 1408 2608 quid

79 2632 307 2701 nsatmenmrn,
337 2631 445 2692 dixerit
473 2632 649 2694 salmentum
677 2652 732 2711 pro
762 2651 797 2693 eo
826 2632 905 2713 quod
935 2639 979 2692 εει
1006 2630 1232 2703 salsamentum,
1266 2651 1319 2712 per
1350 2632 1401 2691 de·

114 2736 285 2794 tractionem
308 2731 436 2813 syllabae
460 2733 675 2796 barbarismum
698 2735 776 2795 lacit.

668 2838 686 2876 *
750 2836 767 2873 *
830 2836 848 2874 ’k

197 2919 253 2981 Per
275 2923 509 2982 immutationem
532 2921 670 3001 syllabae,
694 2930 726 2983 ut
748 2923 890 3001 pernities
913 2940 967 3000 pro
991 2921 1153 2999 pernicies:
1179 2938 1247 2990 non,
1265 2929 1297 2980 ut
1311 2920 1401 3000 pleri·

114 3040 169 3101 que
192 3030 310 3102 putant,
341 3025 371 3083 ni
395 3032 525 3084 mutatur
547 3025 577 3084 in
600 3026 655 3092 mi,
687 3022 738 3083 sed
767 3025 866 3101 potius
894 3024 915 3082 ti
942 3024 972 3082 iu
1001 3021 1096 3082 locum
1120 3023 1155 3082 ci.
1200 3021 1400 3102 quaerendum

108 3133 294 3193 astantem,
319 3143 410 3203 quare
433 3126 541 3186 dixerit
563 3126 695 3186 Donatus
718 3125 951 3185 immutationem
980 3141 1045 3183 esse
1068 3122 1196 3202 syllabae
1219 3126 1248 3184 in
1271 3124 1328 3183 boc
1350 3141 1401 3182 no·

79 3238 102 3278 ιι
116 3227 210 3294 mine,
241 3244 308 3285 cum
336 3245 395 3286 non
424 3234 483 3287 tota
512 3224 636 3305 syllaba,
666 3227 717 3287 sed
746 3244 803 3286 una
832 3233 944 3285 tantum
973 3225 1060 3286 modo
1083 3224 1195 3295 littera,
1220 3225 1248 3285 id
1272 3234 1317 3285 εει
1339 3233 1349 3284 ι
1371 3227 1401 3283 iu

114 3325 209 3387 locum
238 3345 254 3386 c
283 3334 424 3388 mutetur.
470 3346 536 3388 nam
566 3336 632 3408 post
655 3347 670 3387 c
694 3327 737 3387 rel
767 3335 835 3406 post
856 3335 868 3387 ι
889 3345 1008 3407 semper
1036 3326 1218 3387 iscribitur.
1265 3326 1300 3388 ad
1324 3324 1401 3406 quod

114 3428 354 3507 respondendum
382 3431 615 3490 immutationem
645 3448 710 3489 esse
738 3428 866 3508 syllabae
899 3430 1057 3497 veraciter,
1092 3432 1160 3508 quia
1194 3430 1364 3489 immutatur
1391 3435 1403 3486 t

113 3549 180 3589 cum
211 3548 265 3589 suo
294 3532 302 3588 i
330 3532 359 3589 in
390 3529 487 3590 locum
517 3550 532 3591 c
561 3539 590 3590 et
619 3532 638 3591 i.
683 3529 807 3590 alterum
830 3546 958 3606 namque
980 3549 1085 3590 sonum
1109 3530 1197 3590 babet
1219 3532 1228 3589 i
1251 3540 1318 3609 post
1340 3538 1352 3589 t
1373 3537 1403 3591 et

113 3630 238 3691 alterum
270 3639 337 3710 post
370 3648 394 3690 c.
441 3650 508 3692 uam
536 3638 602 3712 post
630 3650 646 3691 c
674 3630 765 3692 babet
793 3633 933 3712 pinguem
960 3649 1082 3702 sonum,
1115 3641 1184 3712 post
1213 3640 1224 3692 t
1251 3631 1429 3710 gracilem..

78 3746 101 3787 ao
114 3735 262 3811 pernicies
284 3741 382 3794 autem
404 3752 522 3814 semper
544 3752 561 3794 c
582 3733 694 3794 babere
717 3732 814 3795 debet.

653 3890 855 3900 -—

518 3989 573 4062 Ex
598 3990 719 4064 codiee
746 3989 922 4064 Vossiano
950 3995 995 4064 37

199 4124 396 4186 Soloecismus
424 4125 493 4205 quid
528 4127 591 4187 est?
629 4128 721 4187 oratio
754 4126 852 4189 latinis
878 4127 996 4205 quidem
1023 4125 1134 4201 verbis,
1169 4145 1271 4188 rerum
1300 4128 1402 4187 uitiosa

184 4297 195 4345 1
217 4297 304 4346 Godeae
324 4297 484 4346 illonucensis
503 4297 578 4346 Enna.
600 4296 632 4347 G.
653 4297 700 4347 121
719 4296 776 4363 (M)
793 4313 862 4348 saec.
882 4298 907 4347 X
923 4301 946 4363 f.
966 4300 999 4350 92
1020 4314 1112 4348 rnorem
1131 4314 1163 4347 nn
1181 4312 1254 4346 roes.
1290 4296 1347 4346 Vox
1365 4306 1403 4344 est

113 4381 156 4413 aer
172 4367 235 4416 ictus
255 4366 383 4415 sensibilis
402 4367 497 4429 auditu,
518 4375 639 4429 quantum
658 4367 755 4433 inipso
773 4375 821 4421 est.
841 4368 901 4417 baec
920 4367 1037 4418 dlltlnitio
1055 4369 1103 4417 boc
1120 4369 1195 4418 modo
1214 4368 1343 4432 iungitur,
1364 4376 1402 4416 est

114 4450 163 4484 vox
181 4452 223 4484 ner
243 4438 320 4497 ictus,
344 4436 392 4485 hoc
413 4444 450 4485 est
469 4452 512 4484 ner
530 4451 676 4501 percussus.
713 4439 758 4490 sed
776 4439 905 4498 quaeritur
923 4452 938 4485 a
958 4452 1008 4501 quo
1027 4439 1166 4503 percutitur
1183 4465 1217 4473 —
1233 4438 1256 4498 s.
1279 4435 1340 4486 140*
1358 4435 1403 4497 (de

114 4509 205 4567 tropici
226 4508 259 4553 ita
280 4517 304 4555 et
322 4509 419 4555 Aeneas
439 4505 552 4554 tacturus
571 4505 650 4566 foret,
670 4507 692 4555 εἰ
711 4508 733 4554 ei
753 4507 855 4556 daretur
873 4522 887 4555 a
903 4507 990 4556 Latino
1010 4508 1115 4557 Lavinia
1133 4509 1254 4556 coniunx.
1286 4520 1402 4555 conanen-

113 4579 196 4624 tcriue
211 4579 236 4625 iu
253 4586 332 4625 ortem
350 4579 466 4625 rnuiorem
482 4578 579 4627 Donati
648 4578 679 4626 12
699 4585 810 4625 scemata
826 4586 913 4640 tropos
930 4576 962 4625 M
1020 4579 1051 4628 15
1068 4593 1114 4643 pro
1135 4579 1300 4626 calamentum
1319 4573 1352 4622 M

111 4642 206 4710 Caper]
224 4662 253 4708 p.
271 4648 338 4698 2244
412 4647 443 4696 17
463 4644 655 4712 salsamentum]
678 4645 845 4694 calamentum
861 4646 892 4695 M
944 4646 978 4697 20
996 4647 1148 4697 salmentum
1167 4656 1191 4696 et
1209 4645 1300 4695 dixerit
1320 4642 1352 4691 M

113 4714 297 4780 supernitates]
317 4718 438 4781 pernities
459 4717 491 4765 M
558 4715 828 4781 :superstitiosarum
847 4716 881 4765 M

183 4785 214 4834 31
235 4786 323 4834 Codex
340 4787 472 4836 Leidensls
494 4789 569 4836 Voss.
589 4785 632 4836 37.
652 4786 669 4836 8
688 4786 700 4848 (
707 4786 746 4849 V)
762 4802 830 4838 suec.
850 4784 890 4833 X:
914 4785 950 4849 cf.
967 4787 1055 4849 praef,
1078 4802 1181 4851 promm-
1203 4801 1226 4837 u.
1248 4785 1256 4832 l
1274 4800 1300 4848 p.
1319 4781 1402 4832 XXlll

111 4854 134 4914 f.
147 4854 199 4904 67*
219 4870 251 4902 nn
270 4871 432 4906 sneoecreuo.
453 4855 626 4907 Soloeeismue
644 4857 705 4918 quid
725 4864 763 4905 est
783 4883 814 4891 -
830 4855 854 4919 s.
869 4856 903 4907 68
920 4855 1105 4907 immutatione.
1125 4855 1266 4904 arliectiene
1283 4853 1402 4918 quatinus
