3346 5498
565 1352 967 1519 alludunt

188 1828 215 1876 la
228 1826 341 1878 Cledonii
359 1838 412 1876 arte
430 1828 529 1876 edenda
547 1842 649 1892 operam
668 1842 741 1877 suam
760 1825 895 1876 liberaliter
907 1826 968 1875 milii
982 1828 1105 1892 praestitit
1119 1827 1278 1876 llermannas
1291 1827 1410 1891 Hagcnus

121 1896 264 1946 bernensis.
290 1895 406 1956 quidum
420 1895 510 1945 librum
524 1896 736 1960 manuscriptum
754 1896 837 1944 denuo
850 1910 906 1943 cum
922 1910 987 1944 nova
1000 1895 1119 1954 editione,
1132 1903 1159 1944 ut
1171 1896 1279 1960 primum
1292 1894 1410 1960 plagulae

120 1980 152 2012 ex
165 1963 266 2012 officina
279 1977 413 2028 operarum
431 1964 587 2029 prodier-nat,
607 1962 712 2022 confert,
731 1978 779 2012 aon
799 1963 881 2011 solum
900 1964 995 2012 codicis
1008 1965 1159 2029 scripturam
1173 1978 1251 2028 saepe
1264 1963 1412 2012 correctoris

120 2046 197 2096 opera
209 2031 249 2079 vel
263 2031 352 2080 litteris
365 2032 429 2080 male
442 2032 559 2080 obductis
572 2032 731 2080 obscuratam
744 2031 909 2096 conpluribus
927 2032 990 2081 locis
1003 2033 1155 2093 accuratius,
1170 2046 1244 2097 quam
1258 2041 1332 2080 autea
1345 2043 1370 2079 et
1380 2032 1412 2079 ab

121 2100 163 2147 illo
177 2106 202 2148 et
213 2114 229 2147 a
241 2114 281 2147 me
293 2099 387 2148 lactum
402 2109 463 2159 erat,
484 2098 545 2148 milri
562 2099 690 2157 indicavit,
709 2099 754 2148 sed
773 2101 847 2148 etiam
861 2100 961 2149 criticas
974 2100 1006 2148 ob
1036 2100 1172 2161 tuitiones,
1186 2100 1278 2161 quibus
1291 2099 1410 2148 emenda-

121 2168 213 2216 tionem
229 2167 284 2215 libri
297 2168 481 2232 corruptissimi
499 2169 541 2217 vix
553 2166 696 2215 inchoatam
709 2167 848 2227 adiuvaret,
867 2181 912 2232 per
928 2167 995 2216 litter
1039 2182 1136 2216 mecum
1151 2169 1356 2218 communicavit.
1381 2183 1412 2216 ex

120 2234 207 2284 bisen
225 2249 289 2296 quae
305 2234 338 2282 ad
355 2236 491 2298 genuinam
511 2235 605 2284 codicis
622 2235 773 2300 scripturam
791 2235 992 2285 constituendam
1005 2236 1166 2300 pertinebant
1177 2245 1276 2301 praeter
1288 2236 1413 2305 papeissi·

121 2317 176 2352 mos
194 2303 318 2364 qarosdam
336 2312 360 2351 ct
379 2304 520 2352 levissimos
540 2302 633 2351 librarii
652 2317 750 2352 errores
767 2317 861 2367 eosque
879 2312 968 2369 postea
987 2316 1113 2354 correctos
1130 2305 1154 2352 in
1169 2305 1306 2353 editionem
1319 2305 1410 2369 recepi.

125 2371 346 2420 emendationibus
359 2382 442 2419 atatem
457 2372 502 2420 viri
517 2371 665 2419 amicissimi
678 2372 712 2419 ita
725 2380 751 2420 ut
763 2373 895 2437 cupiebam
913 2382 966 2421 tum
979 2373 1015 2421 nti
1029 2387 1077 2421 non
1091 2381 1214 2438 poteram.
1238 2387 1333 2437 paucas
1346 2373 1412 2420 enim

123 2439 149 2487 in
164 2448 263 2488 textum
277 2440 409 2488 verborum
422 2440 516 2505 recepi,
530 2454 559 2487 ac
573 2454 605 2486 ne
614 2437 653 2488 lais
663 2440 764 2501 quidem
775 2440 892 2488 omnibns
905 2440 928 2489 ln
942 2441 1056 2489 subiecta
1069 2441 1241 2504 adnotatione,
1255 2449 1283 2490 ut
1295 2455 1340 2505 par
1352 2449 1413 2496 erat,

126 2521 217 2556 nomen
230 2507 371 2555 inventoris
384 2507 527 2556 adscribere
540 2522 585 2573 per
596 2508 728 2570 angrrstias
740 2506 881 2557 chartarum
895 2508 974 2560 licuit.
993 2509 1116 2574 plurimas
1130 2523 1189 2558 vcro
1203 2510 1285 2572 omisi,
1299 2522 1348 2556 uon
1361 2522 1412 2569 qno

120 2575 293 2639 inprobarem,
313 2575 358 2623 sed
378 2575 437 2636 quia
455 2576 493 2624 vel
512 2575 589 2639 recipi
606 2575 655 2623 iam
671 2591 720 2625 non
733 2585 848 2640 poterant
861 2576 901 2624 vel
913 2577 945 2624 ab
959 2591 988 2625 eo
1001 2577 1105 2625 consilio
1118 2576 1186 2638 qnod
1199 2578 1224 2625 in
1238 2576 1336 2624 edendo
1350 2575 1411 2623 libro

121 2651 225 2691 secutus
245 2658 312 2691 eram
329 2642 426 2691 alienae
442 2654 522 2695 erant.
547 2659 604 2692 nam
621 2658 677 2691 cnm
696 2645 751 2710 ipse
768 2653 871 2710 propter
891 2658 935 2693 eas
950 2658 1040 2694 causas
1057 2658 1120 2706 qrrns
1137 2644 1162 2691 in
1181 2643 1338 2709 praefatione
1359 2643 1412 2692 dixi

121 2711 241 2759 maiorem
260 2726 345 2758 curam
359 2710 417 2760 lmie
431 2712 492 2760 libro
506 2712 643 2776 inpendere
662 2713 808 2767 noluissem,
826 2711 871 2760 sed
884 2712 994 2761 diversis
1007 2712 1181 2760 commentarii
1193 2712 1306 2776 partibus
1319 2711 1411 2760 distin-

120 2779 166 2827 ctis
179 2789 204 2826 et
215 2779 374 2842 gravissimis
392 2781 459 2828 vitiis
477 2780 583 2829 sublatis
601 2780 774 2843 perturbatum
793 2778 888 2828 codicis
906 2779 1019 2827 ordinem
1033 2793 1061 2826 ac
1075 2780 1227 2843 scripturam
1240 2778 1411 2842 reliquissem,

120 2845 163 2894 ille
179 2845 297 2895 disiectas
317 2857 340 2895 et
358 2857 489 2913 corruptas
508 2849 599 2896 veteris
617 2847 792 2896 commentarii
810 2846 929 2908 reliquias
947 2847 1097 2897 coniecturis
1116 2847 1141 2895 in
1159 2847 1273 2896 ordinem
1295 2846 1411 2910 redigere

120 2915 238 2964 instituit.
267 2916 291 2962 in
309 2929 358 2974 qno
377 2916 483 2979 plurima
501 2930 563 2963 sane
579 2914 715 2963 admodum
734 2914 882 2979 probabilia,
902 2928 950 2962 non
971 2915 1039 2964 uuila
1052 2915 1172 2963 etiamad
1185 2915 1275 2963 irratam
1289 2915 1412 2964 emenda-

120 2981 212 3030 tionem
230 2996 332 3045 prorsns
350 2983 493 3031 necessaria
511 2983 651 3046 proposuit.
681 2982 743 3030 bace
761 2981 836 3044 igitur
852 2984 972 3044 quoniam
991 2983 1016 3032 in
1038 2982 1200 3032 adnotatione
1220 2981 1339 3032 exhibere
1361 2998 1410 3032 uon

120 3050 197 3109 licuit,
217 3064 283 3097 tiunc
299 3049 469 3114 supplementi
488 3050 567 3099 instar
584 3050 690 3098 subieci,
715 3063 866 3113 quamquam
884 3050 916 3098 ad
933 3050 1112 3115 perficiendam
1131 3051 1186 3100 libri
1200 3051 1410 3109 emendationem,

123 3119 145 3166 si
159 3132 251 3182 operae
265 3119 372 3181 pretium
385 3128 433 3175 est,
448 3117 524 3166 multo
543 3117 616 3183 plura
629 3117 703 3166 etiam
716 3132 851 3183 superesse
863 3117 938 3168 facile
950 3119 1063 3183 adparet.

138 3204 188 3264 li,1
226 3201 308 3250 seno
324 3238 366 3252 ...
385 3203 451 3250 liat
468 3237 512 3253 ...
532 3201 693 3252 lnitautvs
710 3204 747 3252 ita
763 3205 862 3267 scripta
877 3210 936 3252 suat
952 3205 977 3252 in
995 3205 1090 3265 codice,
1109 3211 1135 3252 ut
1148 3205 1184 3252 acl
1196 3204 1312 3254 Cledoat‘t'
1322 3204 1410 3254 librum

222 3285 271 3319 non
287 3272 419 3333 pertinere
437 3271 578 3322 uideantur.
602 3272 708 3320 ultimum
726 3278 796 3321 certe
812 3272 955 3321 uocabulum
971 3280 1063 3336 postea
1081 3273 1208 3336 adpictum
1225 3288 1283 3322 esse
1301 3274 1412 3337 adparet

170 3338 187 3386 8
223 3338 383 3399 necessitudo
402 3347 524 3390 versetur.
560 3353 608 3387 uon
632 3339 779 3403 adgrediar:
802 3340 937 3389 indevotus
954 3355 993 3388 mc
1011 3355 1111 3403 qnoque
1131 3350 1269 3389 accusante
1291 3341 1408 3406 reperiar.

222 3406 368 3469 adgrediar:
388 3407 534 3456 temeritatis
552 3407 654 3456 llatibns
670 3416 742 3455 aestu
761 3407 901 3472 procelloso
915 3408 1026 3457 iactabor
1039 3419 1124 3458 ettam
1138 3410 1287 3457 temerarias
1300 3409 1412 3472 corrigar

222 3488 297 3536 quam
312 3475 411 3523 nomine
425 3474 562 3523 conditoris
575 3474 672 3523 alliciar

173 3543 204 3591 15
223 3541 301 3590 Basso
316 3541 454 3606 (superem.
468 3541 510 3603 ex)
520 3544 618 3592 receuti
633 3544 742 3592 manain
755 3545 867 3608 marpiuc
878 3545 999 3608 scriputura
1011 3552 1056 3596 est.
1078 3544 1207 3605 lNDUffi,
1220 3546 1289 3610 quod
1298 3547 1410 3609 scripse·

222 3616 264 3658 rat
285 3609 416 3668 librarius,
427 3616 518 3674 postea
535 3612 627 3661 litteris
647 3614 710 3660 male
728 3611 842 3661 obductis
861 3613 956 3672 suetiam
973 3621 1012 3662 est
1032 3611 1148 3664 NOUAS.
1178 3615 1276 3663 receuti
1292 3630 1364 3662 mauu
1385 3615 1411 3663 t'a

221 3680 333 3742 maraine
346 3681 433 3727 iterum
450 3680 604 3742 attemptata
616 3687 655 3729 eat
667 3679 699 3728 ΙΝ
716 3678 803 3729 DVAS

124 3746 206 3804 11,13
225 3754 252 3794 ιιι
265 3745 355 3795 efficax
369 3761 412 3811 pro
426 3745 548 3805 alliciens,
562 3757 590 3796 ut
603 3748 767 3812 nugigerulus
781 3763 826 3812 pro
841 3764 922 3813 trugas
934 3750 1052 3798 adserens

174 3816 274 3863 14-20
289 3814 454 3878 perturbatus
466 3815 597 3866 verborum
608 3817 672 3866 ordo
685 3818 723 3865 sie
734 3817 834 3866 uidetur
850 3818 1020 3867 restituendus
1032 3832 1095 3874 esee,
1109 3832 1124 3865 a
1137 3816 1175 3865 vel
1190 3831 1204 3866 o
1217 3819 1311 3868 interint
1323 3819 1408 3868 termi-

222 3892 293 3931 nata:
311 3893 410 3948 praeter
423 3909 454 3918 -
467 3883 583 3934 anomala
600 3893 667 3936 snm.
692 3885 838 3946 genetivum
856 3885 979 3951 pluralem
995 3911 1030 3922 -
1046 3887 1070 3934 in
1088 3886 1124 3934 is:
1142 3894 1170 3933 ut
1188 3886 1260 3936 ilusa
1280 3886 1408 3936 linearum

223 3949 310 4000 Musis.
335 3951 723 4017 siccorrepta-siqnatalia.
749 3952 918 4017 intellegimus
936 3954 1223 4004 etiamlrluc—rernm

172 4019 204 4066 22
224 4029 250 4067 ιιι
263 4017 338 4067 huius
351 4019 453 4083 perietis
466 4019 554 4069 horum
568 4021 692 4085 parietum

172 4088 205 4136 25
224 4086 291 4150 qnod
304 4086 344 4134 alii
356 4086 432 4135 alium
447 4102 535 4136 casnm
547 4088 720 4138 demonstrent

173 4156 205 4203 28
223 4154 263 4203 hic
277 4155 367 4203 linctus
379 4154 455 4204 huius
469 4157 560 4205 lluetus
573 4170 587 4205 a
600 4157 691 4206 dinetus

172 4224 204 4272 30
221 4223 246 4271 in
259 4223 290 4281 is,
305 4221 345 4270 bic
357 4222 446 4273 doctus
459 4222 535 4273 liuius
548 4224 614 4272 docti
628 4239 641 4273 o
655 4225 729 4275 docte
742 4223 830 4275 horum
843 4226 974 4276 doctorum
987 4226 1027 4277 liis
1041 4236 1065 4278 et
1077 4229 1109 4278 ab
1122 4228 1161 4278 liis
1175 4227 1263 4278 doctis.
1282 4228 1408 4276 interdum

221 4317 255 4327 -
267 4302 294 4340 ut
307 4290 410 4353 Salusti,
423 4293 460 4340 sic
473 4301 497 4340 et
509 4292 614 4350 Varium
628 4293 724 4356 antiqui

123 4360 163 4418 12,
174 4359 204 4408 16
222 4359 388 4409 Verrinarum
400 4356 520 4425 septimo]
536 4362 561 4409 in
578 4361 655 4410 Vcrr.
669 4368 720 4410 act.
732 4377 784 4412 rec.
798 4363 820 4410 V
832 4363 874 4419 at,
888 4364 930 4413 89.
944 4366 975 4414 91

172 4426 204 4474 20
222 4427 364 4489 praelectus
384 4428 407 4476 si
427 4428 586 4492 participium
609 4427 715 4493 dixeris,
738 4431 899 4494 praeteritum
922 4433 1059 4497 perlectum
1082 4442 1121 4482 est
1143 4441 1167 4481 et
1190 4432 1321 4482 iaciendas
1343 4431 1409 4482 luttr-

222 4509 277 4543 rum
293 4504 332 4542 cst

172 4563 205 4612 28
223 4572 267 4611 aut
279 4562 404 4626 praetorio
417 4574 461 4612 aut
472 4562 582 4612 lubricae
594 4565 635 4627 qui
649 4566 828 4629 superpositus
847 4566 923 4616 luerit
935 4584 950 4615 a
963 4569 1090 4634 praelecto
1104 4569 1142 4619 vel
1160 4568 1274 4618 lubricae
1287 4568 1325 4616 vel
1339 4584 1410 4633 prae·

223 4631 287 4679 torio
303 4631 342 4678 vel
361 4631 454 4678 civitati
471 4632 590 4684 vicarius.
615 4649 679 4697 quae
694 4640 833 4698 requeratur
849 4649 898 4684 uon
916 4637 981 4685 enim
1000 4663 1033 4672 -
1050 4636 1183 4687 iaciendas
1206 4646 1245 4687 est
1266 4637 1409 4702 praelectus

223 4699 414 4762 transponenda
425 4705 482 4748 sunt
493 4708 553 4763 post
565 4702 597 4751 25
611 4702 631 4750 si
644 4700 732 4751 dixero
745 4701 887 4766 praelectus
900 4705 994 4753 civitati

123 4767 163 4823 tt,
179 4768 275 4816 12-14
293 4766 425 4883 rccipiupt.
451 4768 568 4832 bipertita
586 4777 623 4817 cst
637 4795 667 4804 -
681 4783 727 4833 ego
746 4779 772 4818 ta
790 4770 844 4819 ille:
863 4771 905 4820 ille
919 4780 987 4838 tttnc,
1002 4774 1103 4836 qnando
1116 4773 1147 4822 de
1161 4773 1288 4839 praesenti
1302 4788 1409 4838 persona

224 4843 353 4887 tractetur.
376 4835 417 4883 aii

173 4904 205 4951 33
222 4904 304 4968 ipsius
316 4929 349 4938 —
361 4903 428 4952 illins
440 4910 498 4968 poet
512 4907 552 4966 15,
567 4907 580 4954 1
593 4906 713 4954 absentes
725 4910 916 4970 transponendo
927 4915 985 4957 eraut

174 4989 349 5033 Gaauuartct
363 4991 453 5034 anatur
469 4992 486 5031 v
1167 4994 1210 5057 44

751 5082 766 5112 ⁴
