3346 5498
731 386 801 446 aits
1342 378 1407 442 401

148 509 167 536 e.
182 499 213 537 n.
1235 503 1256 545 p.
1271 491 1347 531 se-st
1359 489 1384 530 a.

124 581 253 657 primurn
276 576 422 647 dicamus,
446 596 505 657 quo
526 580 606 639 inter
627 596 662 637 se
683 575 833 643 differant,
864 592 930 634 cum
952 571 1129 653 quibusdam
1152 571 1248 632 modis
1271 574 1301 632 in
1324 590 1408 632 scan-

124 681 220 741 dendo
242 682 400 740 convenire
423 683 603 741 consuerint.
648 678 802 758 synaliphe
826 685 884 745 est,
916 694 982 736 cum
1005 675 1115 754 syllaba
1138 693 1195 735 una
1219 682 1269 735 aut
1292 692 1408 735 exona

123 792 173 844 aut
194 799 235 843 ex
257 781 372 842 duabus
395 782 544 843 vocalibus
567 785 628 842 sive
651 800 718 842 cum
741 800 770 841 m
792 780 892 840 littera
908 781 1073 839 consistens
1088 777 1168 838 velut
1191 777 1340 857 superflua
1363 779 1408 837 in·

125 877 242 945 venitur
265 887 294 944 in
317 903 403 944 versu
426 893 456 945 et
478 886 553 945 citra
576 884 714 945 damnum
737 885 817 943 vocis
846 880 1024 943 transilitur.
1068 880 1156 940 huius
1180 879 1312 958 exempla
1336 879 1409 939 haec

99 995 206 1055 osuut,
236 989 431 1062 ‘coniugio
460 987 670 1055 Anchisae’,
700 987 863 1046 ‘interea
898 983 1053 1044 medium
1083 984 1252 1050 hencas’,
1283 983 1408 1041 ‘femi-

124 1108 212 1150 neae
247 1088 466 1148 ardentem'.
511 1088 666 1167 ecthlipsis
701 1096 759 1157 est,
794 1105 861 1147 cum
891 1103 1054 1146 concursus
1087 1102 1190 1144 vocum
1224 1102 1281 1144 non
1315 1083 1409 1143 solum

123 1193 268 1271 praeterit
290 1189 429 1269 syllabas,
452 1190 505 1250 sed
528 1191 658 1251 excludit
681 1198 711 1250 ct
738 1189 816 1250 velut
844 1207 999 1268 expressas
1021 1186 1277 1266 strangulatasquc
1300 1184 1410 1264 displo-

124 1295 177 1354 dit.
211 1294 278 1354 ideo
302 1293 430 1372 denique
453 1292 502 1353 hic
525 1292 733 1372 metaplasmus
761 1292 915 1370 ecthlipsis
938 1290 1056 1357 dicitur,
1080 1290 1165 1368 quasi
1188 1290 1359 1367 exprimens
1381 1295 1411 1346 et

125 1399 237 1457 eiciens
264 1413 340 1474 quiae
370 1395 448 1455 velut
471 1395 622 1475 superflua
646 1397 758 1455 invenit
780 1393 895 1454 duabus
917 1390 1106 1452 obstantibus
1129 1390 1250 1450 vocibus
1273 1390 1409 1451 altrinse-

88 1517 177 1558 roeus
205 1499 322 1576 positis.
367 1496 416 1557 ille
444 1516 560 1577 quoque
588 1499 725 1576 superior
754 1495 962 1576 metaplasmus
990 1493 1068 1553 velut
1091 1494 1184 1554 levior
1213 1487 1219 1576 Ι
1247 1491 1410 1552 secundum

124 1619 208 1661 suam
230 1602 289 1659 vim
313 1601 402 1659 etiam
425 1601 544 1658 nomine
568 1608 720 1667 censetur,
744 1601 829 1678 quasi
845 1597 993 1658 transiliat
1008 1615 1083 1676 quae
1106 1603 1228 1675 possunt
1250 1594 1410 1655 transiliri:

124 1721 191 1763 nam
215 1702 283 1762 ideo
306 1701 434 1781 denique
457 1701 611 1780 synaliphc
627 1701 706 1761 dicta
723 1708 783 1769 est,
807 1703 892 1779 qttasi
908 1698 1035 1778 quodam
1057 1697 1134 1759 saltu
1156 1699 1410 1777 praetermittens.

125 1823 196 1882 ergo
219 1805 308 1865 huius
330 1803 508 1883 ecthlipseos
529 1803 601 1863 haec
624 1805 668 1862 vis
691 1811 750 1871 est,
774 1810 806 1861 ut
828 1801 977 1862 interdum
999 1801 1129 1861 vocalem
1151 1800 1243 1860 solam
1265 1798 1411 1867 excludat,

125 1925 247 1985 eamque
281 1925 359 1966 nurnc
392 1913 423 1965 ut
456 1906 600 1974 litteram,
635 1914 667 1965 ut
700 1911 745 1964 est
776 1906 923 1981 ‘regina
951 1922 966 1962 e
995 1902 1190 1983 speculis'‚
1224 1904 1326 1961 ‘scio
1360 1919 1411 1961 me

88 2010 290 2077 1⁵Danais’,

276 2130 341 2190 per
365 2105 531 2172 duodena
554 2112 651 2186 regit
674 2108 799 2169 mundi
822 2108 874 2167 sol
898 2125 1032 2169 aureus
1055 2115 1172 2176 astra,

126 2214 360 2292 ‘fluctusque
389 2216 522 2281 atros',
552 2211 701 2272 interdum
729 2220 878 2288 tamquam
906 2207 1062 2288 syllabam,
1086 2217 1118 2268 ut
1142 2212 1269 2288 ‘atque
1293 2228 1332 2269 ea
1355 2209 1412 2269 di·

126 2333 230 2375 versa
259 2317 443 2394 penitus';
473 2318 544 2375 item
572 2316 637 2374 eius
659 2322 703 2374 est
726 2321 872 2393 potestas,
896 2320 928 2373 ut
950 2311 1101 2372 interdum
1124 2311 1340 2390 diphthongum
1363 2329 1412 2370 ex·

127 2418 238 2488 cludat,
263 2426 294 2477 ut
317 2417 522 2477 ‘femineae
546 2416 770 2485 ardentem’;
793 2418 864 2476 item
888 2416 952 2475 eius
973 2421 1103 2493 potestas
1125 2422 1184 2483 est,
1208 2422 1240 2474 ut
1263 2413 1413 2474 interdum

87 2522 255 2582 eovocalem
279 2539 345 2579 cum
368 2538 397 2579 m
420 2518 558 2598 expellat,
582 2528 614 2579 ut
638 2522 802 2579 ‘interea
825 2517 983 2577 medium
999 2518 1166 2585 teneas’,
1191 2517 1287 2576 ‘ruit
1306 2515 1412 2575 llium

127 2631 163 2684 et
190 2624 352 2701 ingens'.
397 2620 452 2682 hae
481 2640 547 2681 cum
576 2624 636 2682 sint
664 2628 824 2700 potestates
852 2619 977 2679 duorum
1005 2619 1112 2679 horum
1145 2618 1412 2697 metaplasmorum,

127 2729 226 2787 evenit
250 2725 399 2785 interdum
422 2722 582 2793 dubitatio,
614 2726 756 2802 primum,
787 2730 819 2782 ut
841 2724 970 2791 nescias,
995 2729 1093 2781 utrum
1117 2721 1245 2781 litteram
1268 2739 1303 2780 an
1327 2718 1413 2798 sylla·

128 2829 195 2889 bam
218 2827 367 2888 exclusam
396 2845 460 2887 esse
489 2827 584 2895 dicas,
613 2833 645 2886 ut
668 2827 774 2905 ‘atque
798 2843 832 2885 ea
855 2824 1004 2885 diversa':
1033 2842 1098 2883 nam
1121 2825 1147 2882 si
1170 2825 1302 2901 priorem
1324 2840 1340 2880 e
1363 2839 1413 2881 ex·

128 2931 243 3000 eludas,
267 2931 395 2990 litteram
419 2928 587 2998 exclusisti;
615 2931 640 2987 si
662 2930 873 3006 posteriorem,
898 2924 1038 3005 syllabam
1062 2924 1228 2994 exclusisti:
1252 2924 1287 2985 ad
1312 2923 1413 2983 defen·

88 3034 222 3097 essionis
245 3041 342 3093 antem
371 3035 517 3092 rationem
546 3031 619 3090 nihil
642 3031 750 3099 refert,
778 3049 836 3109 quo
860 3029 945 3089 modo
968 3027 1140 3087 excluseris.
1179 3026 1286 3086 deinde
1316 3026 1415 3085 evenit

128 3153 162 3194 ea
185 3134 346 3204 dubitatio,
376 3143 407 3194 ut
435 3136 565 3202 nescias,
594 3141 692 3192 utrum
722 3131 876 3211 synalipha
904 3133 943 3190 sit
976 3148 1012 3190 an
1041 3128 1194 3208 ecthlipsis
1225 3146 1279 3207 per
1311 3145 1414 3188 omnes

128 3236 240 3296 modos.
283 3246 313 3297 ut
347 3254 416 3295 ecce
444 3236 480 3296 de
509 3254 568 3295 una
596 3234 687 3295 vocali
715 3253 790 3314 quae
818 3232 927 3312 syllaba
956 3235 994 3292 sit
1023 3234 1121 3291 evenit
1149 3229 1308 3291 dubitatio:
1347 3248 1415 3290 nam

129 3339 237 3398 vocalis
265 3357 332 3398 curn
354 3340 438 3417 qriasi
462 3336 561 3398 littera
585 3337 765 3405 excluditur,
789 3354 907 3414 semper
929 3334 965 3395 ad
987 3333 1146 3412 ecthlipsin
1168 3335 1313 3412 pertinet:
1343 3350 1414 3410 ergo

128 3443 172 3500 sic
195 3440 319 3501 dubium
342 3443 413 3509 erit,
438 3449 537 3500 utrum
559 3440 614 3500 hoc
638 3458 675 3499 an
697 3439 747 3499 illo
770 3437 856 3497 modo
878 3438 1016 3506 scandas,
1037 3434 1043 3519 l
1063 3445 1162 3496 utrum
1179 3433 1362 3513 synalipham
1378 3452 1414 3494 an

90 3542 290 3621 eoccthlipsin
324 3544 428 3612 facias,
463 3545 620 3619 ‘coniugio
654 3540 828 3602 Anchisae’.
873 3559 940 3601 nam
974 3542 999 3599 si
1037 3541 1080 3600 sic
1117 3538 1256 3606 scandas,
1295 3539 1414 3614 coniugi

129 3644 233 3714 anchi,
263 3645 446 3724 synalipham
469 3647 582 3705 fecisti:
607 3643 777 3703 transsilisti
801 3645 881 3703 enim
903 3662 920 3701 o
943 3640 1100 3720 syllabam;
1123 3646 1203 3720 quae
1221 3640 1414 3708 transsilitur,

130 3766 187 3806 nou
211 3746 327 3806 exclusa
351 3756 404 3808 ost.
450 3750 475 3807 si
504 3749 547 3807 sic
575 3745 711 3814 scandas,
741 3747 860 3822 coniugi
891 3745 978 3805 onchi
1002 3762 1067 3813 sae,
1091 3739 1245 3821 ecthlipsis
1268 3744 1340 3803 erit:
1365 3762 1414 3802 ex·

130 3849 210 3909 clusa
227 3857 272 3909 est
288 3851 367 3909 enim
391 3869 410 3909 a
432 3859 461 3910 ct
484 3851 567 3930 quasi
591 3866 740 3928 expressa.
770 3848 867 3909 simile
890 3854 936 3907 est
958 3854 989 3906 et
1011 3845 1097 3915 illud,
1115 3847 1281 3925 ‘accipio
1303 3862 1415 3922 agno·

202 4105 354 4155 ldillcrunt
372 4105 404 4153 M
452 4105 621 4154 2courenire
637 4103 797 4154 Heinricdiue
814 4103 885 4166 apud
896 4102 1071 4152 Buttmannum
1088 4102 1190 4150 euenire
1209 4101 1242 4150 M
1309 4115 1417 4150 consue·

131 4176 233 4224 runtM
280 4174 506 4224 3autduebusM
557 4173 747 4224 diuuorsnM
799 4170 959 4239 bconiugio]
981 4171 1252 4236 strumentum
1299 4171 1417 4221 unclrisae

130 4253 154 4294 et
170 4247 265 4294 interea
284 4244 315 4292 M
320 4264 329 4295 .·
353 4247 430 4308 Verp.
448 4244 513 4297 Aen.
535 4246 557 4292 V
575 4245 587 4293 1
643 4242 777 4293 feminieae
791 4243 835 4293 M:
855 4244 934 4308 Very.
954 4243 1018 4291 Aen.
1035 4241 1077 4289 Vll
1097 4241 1149 4291 345
1202 4240 1220 4290 d
1239 4239 1373 4290 lactlimsis
1386 4239 1419 4289 M

199 4315 214 4362 7
238 4316 283 4364 sed
302 4314 379 4363 eludit
398 4314 427 4362 M
447 4315 491 4363 sed
514 4314 591 4363 eludit
611 4315 690 4364 edidit
705 4315 883 4374 Balentium,
902 4313 968 4362 unde
985 4311 1055 4360 elidit
1071 4309 1227 4361 scribendum
1244 4311 1350 4360 coniecit

130 4399 267 4449 oppressas
285 4386 388 4434 coniecit
405 4385 537 4433 Oramerus
606 4384 772 4434 8iuctlimsis
791 4382 824 4432 M
891 4377 1032 4446 deiciens]
1060 4381 1153 4430 ieciens
1173 4381 1204 4429 M
1229 4380 1323 4429 iaciens
1342 4379 1419 4429 edidit

130 4456 294 4505 Buttmanmcr
356 4455 484 4518 superflua
504 4455 638 4505 Grameruc
655 4455 783 4518 superfluo
798 4455 832 4504 M
891 4453 973 4502 lenior
990 4451 1070 4501 edidit
1087 4451 1250 4501 Bethaunuus
1305 4447 1336 4498 13
1356 4449 1416 4497 iact—
1517 4467 1544 4487 -·

131 4526 233 4574 limseos
249 4526 281 4574 M
351 4525 380 4574 ll
402 4521 500 4589 regina]
522 4525 599 4589 Veryy.
619 4525 745 4573 Aemilii
763 4524 814 4576 586
885 4519 946 4588 scio]
972 4523 1051 4586 Very,
1072 4523 1137 4574 Aen.
1155 4518 1254 4570 111602
1326 4518 1417 4583 ldper

130 4594 258 4658 ‹luodcual
283 4597 459 4659 Verppeory.
481 4593 559 4644 1232
632 4597 663 4645 l'l
682 4591 833 4660 fluctusque]
858 4592 1017 4657 Ver-palen.
1037 4592 1091 4640 V2
1144 4585 1229 4654 atque]
1252 4589 1330 4653 Verp,
1350 4587 1415 4640 Aen.

132 4665 232 4714 Vlllll
306 4664 337 4714 19
357 4662 490 4729 femineae]
513 4666 591 4729 Vera.
607 4667 672 4715 Aen.
689 4665 736 4713 Vll
750 4663 801 4714 345
871 4662 906 4711 20
924 4658 1030 4727 interea]
1052 4663 1131 4726 Verp.
1149 4660 1214 4708 Aen.
1234 4658 1282 4706 vl
1354 4654 1413 4723 ruit]

135 4736 295 4799 Verp.Aerr.
317 4734 406 4785 11325
428 4733 474 4782 fuit
494 4735 566 4784 llium
616 4736 647 4785 21
670 4732 729 4801 hae]
750 4732 813 4782 haec
833 4733 866 4783 M
919 4731 1002 4782 ldan
1020 4731 1151 4781 ieotlimsis
1169 4728 1202 4777 M
1252 4725 1287 4775 28
1305 4728 1338 4776 ad
1356 4727 1417 4776 ieet·

130 4805 214 4853 limsin
231 4806 262 4853 M
317 4803 350 4854 30
368 4803 547 4854 iectlimsinM
596 4804 629 4854 32
652 4802 830 4854 iectlimsiaM
880 4800 914 4853 ³3
933 4816 948 4850 a
970 4816 1015 4853 orn.
1037 4802 1069 4852 M
1114 4793 1223 4863 accipio]
1250 4799 1328 4862 Verp.
1351 4797 1417 4847 Aen.
