3346 5498
676 357 911 420 communivit
976 350 981 359 ’
1359 417 1363 424 ,
1382 356 1441 420 197

1253 465 1417 519 ,putu-toi„

61 583 72 601 .
152 544 188 608 ad
211 545 347 624 regulas?
369 553 533 625 sequuntur
555 547 717 607 rationem:
739 547 813 608 istae
835 545 955 625 regulae
976 546 1112 607 inventae
1134 553 1211 614 sunt,
1234 555 1267 606 ut
1287 547 1440 616 sciremus,

151 666 239 728 quem
268 648 304 708 ad
332 649 451 709 modum
480 649 599 709 nomina
629 646 826 710 declinentur.
870 650 895 709 si
921 647 970 708 illa
1004 649 1124 708 nomina
1150 666 1209 708 non
1244 646 1440 718 declinantur,

151 749 221 828 qnid
248 751 399 830 pertinent
426 750 463 810 ad
490 749 628 829 regulas?
655 751 712 811 rite
742 749 777 809 ad
806 749 924 828 regulas
947 768 1005 810 non
1027 751 1187 830 pertinent.
1232 751 1303 810 item
1326 767 1402 827 quae
1425 758 1542 824 a435,t

151 851 271 913 Graecis
293 854 486 932 sumpsimus,
511 851 545 912 ad
569 851 687 930 regulas
710 869 770 911 nou
792 852 952 931 pertinent.
996 851 1052 912 boc
1074 852 1170 930 perite
1194 850 1198 931 l
1222 852 1358 912 lecerunt
1379 870 1440 912 ma·

123 956 229 1015 riores
251 956 356 1015 nostri.
387 953 532 1014 emblema
555 955 751 1033 epigramma:
781 971 815 1013 ea
838 955 956 1014 nomina
980 972 1054 1033 quae
1076 959 1143 1014 sunt
1167 970 1272 1030 graeca
1295 952 1330 1013 ad
1353 971 1440 1031 regu·

149 1056 193 1117 las
216 1073 275 1117 non
299 1057 459 1133 pertinent.
505 1064 534 1116 et
556 1055 612 1116 hoc
634 1057 721 1116 iuste.
767 1072 823 1134 qua
846 1056 981 1116 ratione?
1011 1057 1129 1115 nomina
1153 1073 1258 1133 graeca
1282 1053 1439 1116 ablativum

149 1157 328 1236 singularem
352 1176 412 1218 uon
434 1156 559 1224 hahent;
590 1156 720 1217 diximus
744 1157 881 1235 superius
908 1159 1046 1236 quoniam
1070 1159 1201 1237 quinque
1223 1156 1334 1218 babent
1355 1176 1441 1218 casus

148 1267 270 1321 tantum.
316 1259 371 1320 bae
399 1267 497 1320 autern
525 1257 646 1337 regulae
673 1255 791 1320 ablativi
813 1265 882 1318 sunt
904 1256 1071 1336 singularis
1116 1260 1174 1320 rite
1197 1277 1267 1338 ergo
1289 1277 1348 1320 non
1371 1279 1438 1339 pos-

147 1369 215 1423 sunt
241 1361 292 1422 illa
320 1363 455 1429 nomina,
487 1378 562 1439 quae
585 1368 688 1422 carent
709 1358 835 1421 ablativo
858 1378 927 1421 casu
951 1359 1108 1438 singulari,
1133 1360 1265 1439 pendere
1287 1381 1304 1422 a
1326 1360 1438 1439 regula.

110 1481 135 1520 ro
147 1463 219 1525 illud
242 1465 330 1524 etiam
353 1464 430 1523 scire
452 1462 559 1533 debes,
584 1459 692 1544 [quod]
717 1461 790 1523 baec
812 1463 946 1531 nomina,
971 1480 1047 1541 quae
1063 1463 1169 1524 Graeci
1192 1461 1365 1523 neutraliter
1387 1463 1438 1522 de-

147 1564 310 1634 clinarunt,
341 1564 461 1626 Latinos
489 1567 577 1626 etiam
605 1565 748 1625 feminine
776 1564 893 1625 dixisse.
940 1563 1235 1626 emblema:.Graeci
1257 1563 1359 1625 dicunt
1381 1563 1438 1626 boc

147 1665 307 1736 emblema,
332 1666 428 1727 Latini
451 1666 590 1746 dicebant
603 1664 677 1727 baec
693 1665 853 1733 emblema;
879 1665 984 1727 Graeci
1000 1665 1100 1727 dicum
1116 1665 1172 1726 boc
1187 1666 1320 1735 scbcma,
1342 1666 1438 1727 Latini

146 1768 285 1830 dicebant
306 1767 380 1828 haec
402 1769 537 1838 schema;
561 1768 618 1829 boc
633 1785 753 1848 pegma,
777 1767 921 1828 diadema.
952 1766 1043 1829 babes
1059 1767 1193 1847 exempla
1209 1767 1435 1830 innumerabilia

146 1878 175 1931 et
202 1871 279 1951 apud
301 1870 435 1931 Plautum
466 1879 495 1930 et
523 1869 600 1950 apud
628 1872 766 1948 antiquos
798 1877 828 1931 et
855 1887 890 1938 er
919 1868 1016 1947 aliqua
1043 1879 1127 1949 parte
1150 1870 1227 1950 apud
1251 1870 1434 1932 Ciceronem.

108 1990 213 2033 terrain
242 1974 282 2033 ait
308 1972 429 2033 Plautus
458 1973 622 2052 ‘processit
648 1972 814 2033 Mercurius
847 1989 913 2031 cum
947 1970 1046 2032 s'errili
1078 1971 1228 2033 schema’.
1272 1973 1296 2032 si
1329 1990 1437 2051 graece

144 2073 336 2145 declinasset,
361 2079 446 2135 ‘cum
470 2073 637 2136 schemate'
660 2074 774 2135 diceret
804 2070 834 2153 [a
856 2091 963 2151 graeca
986 2072 1196 2154 declinatione]
1221 2093 1236 2133 a
1258 2093 1381 2153 graeco,
1405 2083 1437 2135 ut

146 2184 263 2237 teneret
290 2194 383 2254 genus
412 2183 559 2237 neutrum.
604 2173 696 2236 habes
726 2183 755 2236 et
781 2177 813 2234 in
836 2174 979 2236 Cicerone
1002 2176 1055 2234 ‘tu
1079 2174 1120 2234 de
1143 2177 1223 2253 peri
1231 2178 1433 2254 petasmis’.

110 2273 112 2275 ’
142 2279 168 2364 si
198 2288 275 2338 esset
302 2287 456 2349 neutrum,
491 2277 528 2338 ab
557 2277 613 2338 boc
640 2279 868 2358 peripetasmate
897 2277 1023 2347 laceret,
1053 2276 1100 2337 bis
1128 2284 1157 2337 et
1185 2276 1222 2338 ab
1249 2275 1296 2338 bis
1317 2279 1435 2360 peripe-

142 2379 323 2441 tasmatibus.

105 2585 129 2623 ,ο
537 2564 540 2569 ·
623 2596 626 2601 ,
662 2562 709 2609 uu
732 2561 912 2610 annnoom

227 2668 333 2747 lucipit
354 2675 482 2728 tractare
503 2660 542 2728 'de
565 2667 708 2746 analogia.
745 2667 816 2729 dicit
837 2667 925 2748 plane
947 2670 1228 2748 ‘quotienscumque
1251 2670 1292 2729 vis
1314 2672 1504 2736 nominatae,
1520 2679 1551 2727 15

142 2768 304 2840 declinare,
334 2789 459 2850 sequere
487 2769 679 2848 analogiam'.
726 2788 801 2848 quae
829 2769 1053 2848 estanalogiai
1081 2772 1253 2849 conparatio
1282 2771 1431 2833 similium.

142 2871 238 2931 latine
253 2874 408 2952 proportio
431 2872 552 2933 dicitur:
582 2871 714 2950 analogia
742 2889 862 2950 graece,
891 2871 981 2932 latine
1008 2874 1170 2951 proportio.
1215 2872 1267 2932 sed
1290 2875 1328 2933 ita
1351 2873 1432 2934 illam

141 2973 254 3044 debuit,
279 2974 431 3053 ‘analogia
454 2981 498 3033 est
519 2975 718 3053 conparatio'.
754 2974 786 3034 lit
808 2980 875 3033 octo
898 2973 1008 3041 modis:
1038 2983 1071 3034 ut
1092 2974 1151 3034 sint
1171 2993 1222 3034 sex
1245 2972 1313 3035 illae
1334 2983 1433 3054 partes

104 3093 216 3152 aequae
245 3075 382 3137 accidunt
410 3077 524 3137 nomini
551 3078 676 3144 similes:
704 3093 754 3136 ser
784 3082 883 3136 autem
911 3075 1058 3136 accidunt,
1076 3076 1188 3136 nomini
1216 3078 1285 3146 ista,
1309 3076 1433 3156 qualitas

141 3179 314 3257 conparatio
336 3172 431 3256 genus
453 3196 595 3238 numerus
616 3178 708 3255 ligura
732 3194 830 3247 casus,
854 3194 923 3236 ecce
938 3195 988 3236 ser
1005 3187 1118 3257 partes:
1142 3180 1238 3239 exitus
1253 3177 1430 3257 syllabarum

140 3286 172 3339 ut
192 3281 230 3339 sit
251 3279 369 3348 similis;
393 3286 463 3359 puta
485 3277 556 3339 illud
580 3281 610 3338 in
633 3297 669 3339 us
692 3280 751 3338 exit
773 3286 803 3338 et
822 3277 893 3338 illud
917 3279 947 3338 in
970 3296 1019 3338 us:
1041 3278 1287 3358 paenultimarum
1309 3283 1384 3341 ratio
1399 3289 1432 3342 ut

139 3381 175 3439 sit
196 3379 315 3450 similiS,
338 3389 371 3442 ut
392 3387 438 3441 aut
462 3379 578 3441 vocales
601 3378 760 3460 [syllabae]
783 3381 842 3440 sint
863 3387 914 3441 aut
935 3390 1146 3442 consonantes:
1172 3382 1279 3442 deinde
1302 3390 1334 3442 ut
1355 3391 1430 3444 tem·

140 3499 208 3559 pora
237 3484 296 3542 sint
323 3483 445 3550 similia:
475 3484 500 3542 si
529 3481 578 3541 illa
607 3480 706 3541 brevis
729 3491 786 3555 est,
811 3489 840 3541 et
862 3479 911 3541 illa
935 3480 1032 3543 brevis
1055 3484 1101 3543 sit.
1146 3483 1184 3544 de
1205 3485 1270 3544 istis
1292 3484 1430 3546 omnibus

102 3583 228 3644 corebus
256 3586 295 3645 si.
309 3603 400 3645 unum
430 3586 526 3644 minus
548 3584 650 3648 luerit,
681 3584 739 3642 iam
762 3600 822 3643 non
845 3590 903 3644 stat
923 3583 1072 3663 analogia;
1096 3585 1131 3646 de
1155 3584 1202 3646 bis
1224 3585 1328 3657 rebus,
1352 3606 1428 3667 quae

140 3687 252 3763 positae
279 3693 348 3747 sunt
377 3686 454 3766 apud
485 3686 656 3754 Caesarem,
686 3684 782 3764 siquid
810 3685 909 3746 minus
936 3685 1040 3754 luerit,
1069 3687 1126 3746 iam
1156 3705 1216 3748 non
1242 3687 1331 3749 stabit
1354 3690 1429 3750 ratio

208 3943 219 3992 l
242 3951 380 4003 sequantur
399 3941 483 3991 ABG
550 3939 566 3990 3
586 3940 645 4002 quid
665 3941 792 4005 pertinent
809 3939 844 3988 dc
862 3940 929 4003 quod
955 3942 1082 4005 pertinent
1101 3941 1140 3990 Oa
1160 3956 1239 4004 quare
1256 3944 1382 4008 pertinent
1402 3943 1426 3991 A

139 4025 200 4072 qnae
219 4013 344 4077 pertinent
363 4010 388 4059 B
458 4010 525 4060 {lad
551 4009 919 4076 regulasBodregulamC
989 4010 1021 4061 10
1039 4011 1234 4060 declinanturG
1303 4013 1333 4063 ll
1352 4011 1426 4062 ierni-

138 4080 234 4128 ninoA
254 4079 512 4129 femininumctem
531 4080 555 4128 B
627 4081 657 4128 12
673 4095 758 4129 scema
776 4080 963 4130 conrtnnterB
1051 4082 1082 4132 13
1100 4081 1292 4130 innumerabilia
1310 4091 1337 4130 ut
1357 4084 1425 4148 apud

26 4170 30 4180 ·
138 4149 218 4202 ABG
309 4151 341 4201 14
365 4160 389 4198 et
407 4151 474 4214 apud
495 4149 716 4214 antiquosBGo*
734 4158 777 4199 ant
795 4151 861 4215 apud
882 4151 1043 4214 antiquosA
1133 4150 1165 4200 15
1184 4151 1318 4217 processit]
1339 4155 1425 4202 Plnnt.
1514 4147 1517 4152 ⁸

137 4220 258 4285 Amphitr.
272 4223 340 4281 prol.
360 4220 408 4269 117
481 4220 513 4270 tc
529 4220 681 4269 declinasset
697 4219 779 4270 ABG
795 4220 983 4270 declinaretur
1053 4221 1087 4284 dn
1105 4236 1198 4287 graeca
1216 4221 1385 4271 declinatione
1400 4224 1426 4272 B

205 4291 236 4339 17
255 4298 354 4338 teneres
374 4289 461 4339 ABG
530 4291 553 4337 iu
574 4287 705 4354 Cicerone]
725 4292 751 4339 a'n
774 4290 851 4340 Verr.
872 4297 920 4340 aet.
939 4305 990 4344 aee,
1009 4291 1051 4340 1111
1075 4291 1119 4354 ta,
1137 4291 1172 4341 28
1191 4306 1257 4339 nnuc
1274 4292 1306 4341 de
1324 4292 1426 4356 peripe-

136 4360 249 4409 tasmatis
274 4358 523 4422 quemadmodum
547 4366 571 4407 te
595 4360 718 4424 expedire
743 4359 887 4409 nonitabes
975 4360 1007 4408 de
1025 4362 1209 4426 perepetosmis
1228 4361 1252 4408 A
1339 4360 1373 4409 20
1393 4377 1425 4410 oa

136 4444 258 4478 nnauoora
278 4429 316 4486 (id
340 4437 378 4477 est
395 4429 456 4479 add.
473 4426 518 4490 a*)
545 4444 719 4480 rnoronrrone
743 4430 831 4496 incipit
857 4437 964 4479 tractore
978 4430 1014 4479 de
1032 4431 1152 4496 analogia
1170 4429 1195 4479 A
1216 4444 1273 4480 urcr
1293 4444 1424 4480 rnacrarr

136 4513 168 4546 or
185 4513 310 4548 ereccon
331 4498 383 4549 BG
451 4497 484 4548 23
508 4498 584 4548 latine
606 4500 737 4564 proportio
762 4499 854 4549 dicitur
872 4499 991 4563 analogia
1013 4516 1103 4565 graece
1128 4502 1205 4550 latine
1226 4502 1355 4564 proportio
1377 4501 1424 4550 Ba

136 4568 212 4617 latine
229 4569 361 4633 proportio
381 4569 472 4618 dicitur
490 4569 625 4633 analogiae
642 4584 733 4635 graece
750 4568 826 4617 latine
845 4570 976 4634 proportio
1002 4569 1094 4619 dicitur
1111 4571 1132 4621 G
1148 4572 1311 4636 proportione
1331 4570 1424 4618 dicitur

136 4638 253 4704 analogia
271 4646 363 4702 grdeee
382 4637 459 4687 latine
477 4640 606 4703 proportio
622 4638 646 4686 A
717 4638 881 4690 educuntur
899 4640 920 4689 C
985 4640 1099 4702 fortasse
1116 4641 1143 4690 lit
1161 4654 1252 4689 novem
1268 4639 1358 4699 modin,
1375 4643 1425 4689 atii

133 4710 216 4770 potiare
233 4709 297 4757 iilud
313 4710 483 4771 neglegentiae
506 4708 662 4758 tribuendum
680 4718 717 4759 ert
736 4710 902 4775 promanarunt,
922 4712 965 4774 qni
982 4718 1037 4762 orto
1058 4710 1145 4762 moder
1163 4726 1199 4760 ex
1211 4710 1293 4758 Seruii
1305 4722 1422 4759 commen-

135 4779 202 4828 tario
222 4780 332 4841 recepit,
351 4793 438 4826 nonmn
456 4785 500 4826 ont
515 4781 569 4840 ipse
590 4778 690 4829 addidit
708 4785 752 4827 nat
773 4779 874 4830 aliunde
891 4781 979 4844 petivit
1048 4782 1082 4832 25
1101 4780 1197 4830 similes
1215 4793 1260 4831 ont.
1276 4777 1354 4828 ABG

134 4847 168 4898 29
185 4855 209 4896 et
224 4847 266 4895 illa
285 4848 370 4897 breuis
389 4848 420 4896 sit
440 4848 511 4898 ABe
529 4856 553 4896 et
572 4847 614 4897 illo
634 4848 718 4899 breuis
735 4858 772 4900 est
791 4847 813 4900 C
