3346 5498
667 364 903 427 COMMENTVM
1369 363 1433 428 235

1249 475 1372 528 pera-1⁵
1385 473 1408 515 l..

142 553 293 613 invenitur
320 571 478 632 praeseus,
512 554 705 633 praeteritum
739 552 952 633 inperfectum,
985 556 1177 633 praeteritum
1210 556 1376 634 perfectum
1405 560 1435 614 et

141 653 469 736 plusquamperfectum
497 661 527 715 ει
553 656 694 716 futurum.
739 654 881 716 debemus
909 655 1042 735 diligenti
1075 658 1190 716 ratione
1216 658 1272 717 ista
1299 663 1434 735 tempora

142 756 284 835 colligere
308 766 336 818 et
357 759 400 817 sic
424 758 513 818 etiam
536 759 578 818 uti
600 759 671 838 ipsis
694 757 890 838 temporibus,
914 760 1053 837 quoniam
1069 760 1168 836 gravia
1184 760 1251 818 vitia
1265 760 1308 818 sic
1323 759 1435 818 faciunt

142 859 293 939 plerique:
317 858 402 920 multi
425 858 560 922 homines
582 867 706 920 utuntur
728 861 861 939 perlecto
876 879 931 939 pro
947 860 1253 941 plusquamperfecto,
1276 867 1327 920 aut
1348 878 1433 939 prae·

115 963 231 1023 sterito
253 980 309 1041 pro
331 963 446 1031 futuro,
477 973 527 1023 aut
549 962 700 1041 praesenti
721 981 776 1041 pro
799 961 1097 1042 plusquamperfecto.
1141 964 1261 1024 interim
1283 964 1361 1022 scire
1383 961 1433 1022 de·

142 1064 197 1124 bes
225 1065 305 1142 ipsas
333 1063 528 1125 definitiones.
579 1072 648 1144 puta
675 1082 817 1143 praeseus
844 1074 889 1126 est
916 1064 994 1144 quod
1023 1067 1135 1142 agitur,
1165 1065 1243 1142 quod
1271 1066 1302 1125 in
1329 1083 1363 1126 rc
1390 1071 1435 1124 εει

142 1168 279 1245 penituS,
312 1165 390 1245 quod
414 1173 484 1227 tunc
507 1173 565 1237 est,
596 1185 664 1227 cum
688 1170 732 1227 frt:
762 1167 818 1227 boc
841 1175 886 1228 est
907 1186 1062 1247 praesens
1091 1168 1116 1226 si
1139 1165 1219 1228 dicas
1240 1165 1322 1245 lego:
1346 1184 1434 1226 nemo

145 1267 199 1328 tibi
221 1276 321 1348 potest
344 1268 443 1329 dicere
465 1268 547 1347 lego,
571 1271 629 1329 nisi
652 1271 703 1348 qui
726 1268 823 1329 adbuc
845 1270 905 1347 agit
926 1269 983 1329 hoc
1005 1269 1144 1330 officium.
1172 1270 1371 1348 inperfectum
1392 1278 1436 1329 est

143 1370 223 1451 quod
251 1371 394 1430 omissum
422 1378 479 1440 est,
510 1371 562 1432 sed
591 1390 651 1431 non
680 1370 861 1451 conpletum,
892 1380 926 1431 ut
952 1369 1101 1450 legebam:
1131 1373 1181 1451 qui
1209 1371 1280 1432 dicit
1301 1370 1435 1449 legebam

102 1498 129 1536 m
145 1473 232 1534 docet
256 1491 287 1533 se
309 1473 420 1533 desisse
442 1492 497 1533 nec
519 1473 688 1552 conplesse:
712 1473 769 1534 boc
792 1481 836 1534 est
857 1474 1070 1553 inperfectum,
1094 1474 1145 1534 ubi
1159 1475 1312 1535 ambimus
1326 1471 1435 1550 aliquid

145 1594 200 1636 uec
223 1574 433 1655 conplevimus.
478 1577 644 1654 perlectum
673 1584 732 1647 est,
760 1575 811 1637 ubi
839 1576 1043 1656 conplevimus
1070 1575 1159 1656 paulo
1181 1583 1264 1647 ante,
1288 1574 1338 1637 ubi
1359 1577 1435 1636 iusta

144 1680 208 1757 ipsa
235 1678 380 1757 perfectio
411 1684 469 1747 ost,
498 1677 526 1738 id
556 1685 599 1737 εει
625 1677 697 1757 legi,
727 1697 762 1740 ac
789 1680 814 1739 si
842 1678 921 1740 dicas
949 1677 1055 1739 ‘modo
1083 1677 1172 1749 desii,
1200 1680 1258 1739 iarn
1280 1685 1379 1738 tamen
1403 1696 1436 1739 re

145 1784 293 1858 peracta’.
337 1778 657 1860 plusquamperfectum
682 1789 726 1842 est
750 1779 837 1864 [iam]
867 1799 916 1841 res
944 1780 1014 1841 olim
1037 1780 1187 1860 conpleta,
1210 1788 1243 1841 ut
1263 1787 1334 1859 puta
1355 1779 1435 1858 lege·

146 1900 218 1944 ram.
264 1882 396 1942 futurum
419 1881 563 1961 estquod
587 1883 714 1943 necdum
736 1884 845 1944 factum
869 1890 927 1953 est,
952 1883 1003 1944 sed
1025 1883 1091 1943 lieri
1111 1890 1222 1962 potest,
1245 1881 1342 1960 legam
1363 1883 1436 1942 scri·

104 2006 132 2046 ιε
146 1983 224 2044 bam.
261 1979 434 2061 ergosiqui
456 1986 495 2045 ita
519 1985 672 2062 loquatur,
696 1985 839 2063 numquid
862 2004 921 2045 non
945 1983 998 2045 tibi
1021 1983 1135 2046 videtur
1159 1983 1164 2068 Ι
1187 1986 1315 2064 pessime
1337 1984 1436 2063 loqui?

146 2085 229 2146 verbi
252 2105 339 2146 causa
362 2086 535 2148 festinanter
551 2088 632 2148 vadis
647 2090 748 2149 nescio
771 2106 829 2165 quo
852 2107 905 2167 per
927 2087 1071 2167 plateam,
1095 2089 1228 2148 occurrit
1249 2087 1304 2151 tibi
1326 2087 1439 2147 amicus

146 2197 175 2248 et
197 2189 268 2248 dicit
296 2187 349 2248 tibi
377 2191 453 2267 ‘quo
476 2189 592 2249 vadisf’
621 2199 653 2250 ut
674 2189 823 2259 advertas,
853 2207 941 2267 quam
965 2191 1063 2268 gravia
1084 2191 1129 2249 sic
1150 2191 1224 2249 fiunt
1245 2190 1322 2249 vitia.
1368 2187 1439 2247 dicit

146 2288 198 2351 tibi
228 2292 302 2369 ‘quo
331 2280 499 2361 festinast',
529 2292 602 2352 dicis
629 2291 681 2352 ‘ad
711 2291 888 2353 auditorium
912 2293 1047 2353 festiuo'.
1092 2293 1238 2371 ‘quaref'
1273 2289 1389 2359 melius,
1412 2290 1438 2349 si
1465 2329 1470 2344 .

145 2391 369 2471 participialiter
396 2395 490 2454 utaris
513 2401 542 2454 ει
563 2394 643 2455 dicas
672 2396 829 2474 ‘quoniam
858 2395 990 2456 dicturus
1012 2395 1104 2454 sum’.
1150 2413 1219 2454 ecce
1242 2411 1296 2472 per
1318 2392 1437 2472 partici-

103 2497 227 2575 sepium
249 2512 321 2555 saue
343 2492 459 2555 locutus
481 2515 527 2557 es:
551 2497 649 2558 dixisti
673 2499 751 2558 enim
774 2506 803 2557 te
825 2497 952 2557 necdum
976 2498 1094 2565 fecisse,
1118 2496 1169 2556 sed
1193 2497 1338 2556 facturum
1363 2514 1437 2555 esse.
1483 2511 1486 2516 ’

145 2600 170 2658 si
192 2607 290 2658 autem
313 2599 356 2657 sic
385 2597 478 2668 dicas,
502 2599 577 2679 ‘quo
607 2600 747 2660 festinas?
781 2599 817 2660 ad
847 2599 1036 2660 auditorium.
1085 2599 1195 2678 quare?
1229 2597 1318 2658 bodie
1348 2597 1438 2666 dioo',

145 2699 353 2761 soloecismum
368 2701 473 2761 fecisti.
505 2701 605 2762 ‘dico'
629 2705 707 2763 enim
730 2721 790 2763 nou
813 2711 858 2762 est
878 2703 935 2763 nisi
958 2703 1022 2762 eius
1045 2703 1094 2780 qui
1117 2702 1191 2779 agit,
1216 2690 1267 2781 qui
1288 2702 1347 2760 iem
1370 2700 1440 2760 lacit

146 2803 202 2863 hoc
224 2804 332 2882 ipsum.
378 2821 448 2880 ergo
476 2805 552 2882 siqui
576 2803 647 2864 dicit
668 2804 774 2865 ‘bodie
801 2805 895 2871 dioo',
925 2804 974 2883 qui
997 2803 1092 2864 adbuc
1112 2803 1191 2864 vadit
1212 2801 1248 2862 ad
1271 2802 1438 2872 dicendum,

146 2906 205 2965 iam
220 2904 338 2965 videtur
354 2904 560 2966 soloecismum
585 2906 691 2990 lacere.
723 2906 760 2967 de
781 2904 831 2966 uta
854 2906 986 2975 redico,
1010 2905 1047 2966 dc
1070 2906 1283 2983 significatione
1304 2907 1438 2985 ipsorum

105 3027 135 3066 ss
148 3016 330 3087 temporum,
360 3026 448 3086 quem
472 3008 507 3067 ad
531 3009 651 3068 modum
675 3016 792 3069 utamur
819 3009 890 3088 ipsis
919 3007 1110 3088 temporibus.
1155 3007 1340 3069 definitiones
1362 3008 1440 3086 ipsas

148 3120 236 3179 tene,
269 3120 299 3170 et
322 3117 393 3169 tunc
415 3109 578 3188 intellegis,
603 3129 690 3191 quem
714 3111 750 3171 ad
773 3111 892 3171 modum
915 3113 958 3170 uti
980 3110 1098 3171 debeas.
1134 3128 1274 3190 praeseus
1296 3116 1341 3169 est
1362 3108 1440 3188 quod

148 3215 259 3290 agitur;
282 3214 478 3291 inperfectum
502 3215 580 3291 quod
604 3216 746 3274 omissum
770 3221 829 3282 est,
853 3212 904 3272 sed
927 3231 986 3273 non
1009 3210 1194 3292 conpletum;
1217 3212 1381 3291 perlectum
1397 3218 1441 3271 est

148 3315 225 3395 quod
249 3313 418 3394 conpletum
443 3323 499 3386 est,
524 3317 576 3377 sed
600 3315 687 3396 paulo
711 3323 792 3383 antc;
822 3315 1143 3395 plusquamperfectum
1166 3313 1245 3392 quod
1268 3312 1437 3392 conpletum

148 3427 192 3479 est
214 3417 299 3484 olim;
331 3416 460 3478 futurum
490 3419 567 3495 quod
596 3419 740 3479 imminet.
785 3435 856 3495 ergo
884 3418 963 3493 siqui
990 3416 1068 3478 dicat
1096 3419 1237 3486 ‘festiuo,
1261 3418 1328 3496 quia
1351 3416 1439 3475 hodio

110 3521 243 3590 sodico',
273 3537 334 3579 non
363 3519 438 3580 bene
465 3521 610 3599 loquitur,
642 3539 676 3580 ea
703 3522 819 3580 ratione
851 3521 990 3598 quoniam
1019 3537 1077 3579 non
1113 3519 1227 3580 videtur
1256 3517 1312 3578 boc
1339 3536 1438 3596 agere,

148 3623 199 3684 sed
223 3631 343 3683 acturus
366 3641 440 3682 εεεε.
488 3642 558 3702 ergo
581 3623 688 3683 melius
710 3621 781 3682 dicit
803 3621 953 3683 ‘dicturus
976 3624 1070 3682 sum'.
1102 3621 1106 3700 1

233 3724 308 3785 illud
324 3727 489 3801 quaesitum
506 3732 558 3794 est,
576 3734 674 3786 utrum
690 3743 848 3805 possumus
859 3725 959 3785 dicere
975 3730 1053 3784 ‘cras
1069 3723 1156 3783 dieo'.
1181 3721 1295 3785 subtilis
1306 3725 1441 3803 quaestio
1452 3730 1512 3791 tlt,
1526 3729 1558 3778 15

148 3837 201 3888 est.
231 3826 316 3887 multi
339 3846 410 3904 ergo
434 3830 613 3906 quaesivere,
638 3837 736 3889 utrum
752 3846 911 3907 possumus
926 3826 1026 3887 dicere
1047 3826 1125 3887 ‘cras
1147 3826 1242 3887 dico’:
1266 3845 1333 3888 cras
1347 3827 1441 3887 futuri

148 3932 290 4010 temporis
302 3937 354 3999 est,
369 3941 399 3989 ot
410 3929 475 3989 dico
487 3933 650 4009 praesentis
663 3933 805 4013 temporis
817 3939 874 3991 cst:
891 3939 990 3990 utrum
1003 3931 1095 4010 possit
1107 3931 1182 3991 ratio
1194 3931 1249 3990 ista
1261 3930 1439 3990 consentire.

109 4032 346 4100 merefinnum,
371 4051 430 4091 non
453 4041 557 4111 potest.
597 4035 706 4113 quare?
732 4035 800 4112 quia
823 4034 994 4113 discrepant
1015 4035 1071 4092 ista
1093 4039 1237 4111 tempora.
1276 4050 1348 4110 ergo
1371 4028 1441 4110 quid

147 4134 244 4194 liabeo
259 4134 376 4195 dicere?
394 4153 460 4194 nam
474 4154 540 4196 cras
555 4137 686 4197 futurum
699 4145 752 4205 est,
768 4136 834 4196 dico
849 4137 1015 4214 praesentis
1030 4136 1172 4214 temporis
1187 4145 1240 4194 εει.
1262 4152 1333 4212 ergo
1348 4133 1441 4193 mani·

147 4237 257 4298 festum
293 4245 337 4297 est
370 4239 507 4317 quoniam
541 4257 600 4298 non
628 4257 787 4317 possumus
815 4239 873 4298 hoc
900 4238 1009 4298 dicere.
1060 4240 1085 4297 si
1111 4236 1168 4298 boc
1195 4255 1255 4296 non
1284 4251 1442 4315 possumus

149 4339 257 4407 dicere,
282 4339 352 4417 quid
376 4341 433 4399 iarn
458 4338 601 4400 habemus
625 4340 742 4402 dicere?
764 4341 820 4401 hoc
843 4340 978 4410 dicimus,
1003 4343 1086 4401 ‘cras
1108 4340 1231 4401 dicam’.
1269 4336 1321 4398 sed
1344 4339 1369 4398 si
1384 4337 1441 4397 hoc

217 4528 361 4592 dplerique
380 4527 451 4575 multi
469 4526 586 4576 homines
599 4529 623 4575 A
642 4529 714 4578 multi
730 4528 844 4594 plerique
862 4528 978 4578 homiues
990 4527 1063 4578 Bca
1116 4528 1131 4576 5
1150 4528 1250 4576 interim
1263 4525 1335 4575 Bca
1351 4525 1440 4572 iterum

148 4596 173 4645 A
227 4597 616 4660 reamurbcaqnodtnA
666 4598 868 4663 Sinperfectum
888 4598 955 4661 quod
968 4599 1041 4648 ABG
1092 4598 1122 4648 ll
1144 4600 1209 4646 iusta
1222 4596 1288 4647 Bca
1306 4596 1376 4643 iuxta
1395 4594 1442 4642 Ac

203 4668 233 4717 17
253 4665 337 4733 quam]
355 4669 423 4729 quod
436 4683 504 4717 corr.
519 4684 593 4730 quam
609 4670 641 4718 C.-
652 4670 767 4725 fortusse
782 4670 901 4732 quoniam
951 4667 982 4719 18
996 4669 1109 4731 sortasse
1122 4668 1251 4731 ‘queret'
1268 4665 1332 4713 dicis
1348 4663 1441 4713 ‘bodie

147 4738 232 4789 dico’.
253 4737 343 4786 melius
415 4740 447 4788 23
468 4740 528 4800 quia
546 4737 629 4786 adhuc
647 4740 729 4790 ABG
810 4738 844 4788 34
863 4749 887 4787 et
904 4738 961 4788 dico
980 4739 1122 4804 proesentis
1141 4737 1260 4802 temporis
1276 4743 1314 4783 est
1335 4750 1382 4786 om.
1404 4734 1439 4792 A,

146 4808 238 4859 adda
308 4810 442 4858 consentiri
462 4808 514 4858 BC
583 4808 615 4858 35
634 4824 773 4872 quereum.
793 4809 827 4868 A.
848 4809 909 4861 add,
929 4825 946 4857 u
1017 4809 1051 4860 38
1067 4809 1126 4873 quid
1147 4809 1196 4857 iam
1215 4806 1338 4855 habemus
1357 4805 1441 4855 dicere

147 4894 193 4929 om.
213 4878 248 4937 A,
270 4878 330 4928 odd.
346 4895 363 4926 o
