3346 5498
121 366 161 429 88
687 364 840 428 l'OllPEll

121 554 162 617 cf.
189 551 303 617 Ianelli
325 550 421 616 catal.
443 551 524 616 bibl.
548 549 603 615 lat.
626 549 766 635 quaein
787 571 855 634 reg.
872 553 974 635 Ncap.
997 571 1079 614 mus.
1102 548 1204 614 Borb.
1227 558 1415 613 asservatur

122 679 153 742 p.
176 655 235 736 26,
264 654 415 718 Osannus
444 652 569 739 ephem.
600 651 665 717 litt.
692 651 769 716 Hal.
792 674 822 715 a.
848 652 928 717 1837
958 650 1116 736 supplem.
1145 674 1178 737 p·.
1200 650 1251 715 99.
1289 672 1331 714 ex
1352 650 1414 714 hoc

122 779 228 844 pauca
242 754 344 821 edidit
359 756 401 820 A.
416 755 525 819 Maius
541 753 636 838 class.
655 764 741 820 auct.
758 777 789 817 v.
806 754 837 818 V
853 776 884 839 p.
904 753 974 817 151.
1006 752 1145 839 denique
1166 775 1272 839 pauca
1293 753 1416 817 veteris

123 857 243 923 codicis
270 857 455 941 fragmenta
483 867 615 921 servata
643 866 719 921 sunt
745 856 780 918 in
808 856 920 922 codice
946 855 1105 941 rescripto
1128 852 1416 941 Montepessulano

125 960 200 1023 141:
231 959 272 1022 cf.
297 955 393 1022 catal.
421 979 497 1042 geu.
526 961 583 1022 des
610 959 807 1022 manuscrits
834 957 892 1022 dos
918 956 1159 1043 bibliotheques
1187 957 1243 1021 des
1267 955 1415 1044 departe-

123 1082 214 1125 mcns
238 1060 255 1123 Ι
277 1083 309 1146 p.
325 1058 398 1123 338.
422 1060 457 1122 in
479 1081 516 1124 oo
539 1059 625 1124 enim
648 1059 820 1124 duodecim
843 1070 919 1125 sunt
940 1059 1147 1124 membranae
1170 1081 1212 1123 ex
1233 1058 1417 1144 antiquiore

123 1161 236 1227 codice
265 1170 382 1226 octavo
411 1159 463 1225 vel
492 1183 593 1240 nono,
627 1170 664 1224 ut
686 1160 834 1243 videtur,
869 1160 998 1227 saeculo
1025 1159 1143 1224 litteris
1174 1159 1418 1243 longobardicis

123 1263 246 1349 scripto
275 1272 440 1349 sumptae,
468 1263 502 1327 in
529 1263 648 1349 quibus
676 1262 796 1327 veteris
825 1264 1007 1350 scripturae
1029 1261 1171 1346 vestigia
1193 1263 1274 1328 satis
1304 1272 1418 1348 aperte

123 1365 295 1451 adparent.
340 1375 373 1429 et
395 1365 501 1430 maior
523 1365 653 1451 quidem
675 1386 751 1451 pars
775 1387 886 1430 earum
908 1365 1170 1431 membranarum
1192 1364 1235 1429 ad
1257 1363 1419 1428 Prisciani

123 1467 243 1533 librum
272 1476 424 1531 octavum
452 1469 603 1552 pertinet.
647 1467 681 1529 in
708 1476 861 1550 quattuor
888 1475 998 1531 autem
1025 1466 1223 1531 membranis
1256 1465 1418 1552 quaedam

124 1591 166 1632 ex
189 1577 331 1633 tractatu
346 1568 494 1654 Pompeii
510 1568 550 1632 de
573 1566 690 1634 litteris
714 1579 746 1633 et
769 1567 809 1632 de
832 1569 1021 1634 accentibus
1039 1568 1167 1655 'scripta
1188 1577 1281 1650 suut;
1305 1568 1338 1631 in
1352 1590 1419 1632 una

124 1690 202 1734 vero
231 1669 330 1733 etiam
352 1669 522 1757 inscriptio
546 1668 621 1735 libri
645 1669 724 1734 satis
747 1679 835 1734 certo
858 1668 1005 1756 adparet,
1028 1674 1152 1733 INCIP.
1177 1672 1422 1733 TBACTATVS

124 1774 304 1836 POMPEII
323 1777 447 1835 GRAM.
470 1773 529 1836 vix
551 1781 659 1835 autem
681 1794 762 1857 opus
785 1783 853 1836 erat
875 1784 913 1837 ut
933 1769 1030 1836 huius
1052 1770 1128 1836 libri
1151 1771 1349 1835 mentionem
1370 1773 1419 1836 sa·

125 1894 246 1954 cerem,
274 1874 339 1937 nisi
367 1872 453 1937 falsa
475 1872 515 1937 dc
537 1896 575 1939 eo
598 1873 701 1937 relata
723 1895 795 1937 esse
817 1872 964 1937 viderem
987 1874 1022 1938 in
1044 1871 1191 1957 catalogo
1215 1894 1315 1957 supra
1335 1871 1418 1937 iudi-

126 1986 210 2039 cato.
240 1998 314 2038 nam
336 1997 409 2039 cum
431 1974 479 2039 illi
502 1976 558 2062 qui
573 1973 759 2060 catalogum
782 1976 993 2040 confecerunt
1014 1999 1072 2061 pro
1095 1975 1306 2060 inscriptione
1322 1997 1419 2060 quam

125 2076 220 2162 posui
255 2075 334 2140 haec
367 2075 430 2161 legi
465 2078 680 2158 indicassent,
715 2082 874 2141 POMPEI
909 2083 967 2140 FE
988 2127 994 2140 .
1013 2132 1019 2144 .
1038 2125 1045 2140 .
1067 2082 1125 2140 DE
1153 2081 1212 2142 RE
1233 2125 1240 2140 .
1258 2124 1265 2139 .
1284 2124 1313 2157 .,
1345 2074 1419 2140 indo

125 2179 266 2242 excitata
299 2189 350 2242 ost
381 2180 508 2265 opinio,
541 2190 578 2243 ut
604 2178 752 2265 Pompeii
780 2179 871 2243 Festi
899 2180 939 2241 do
973 2180 1147 2244 verborum
1180 2176 1420 2261 significatione

125 2278 311 2364 fragmenta
338 2281 372 2343 in
400 2282 597 2346 membranis
626 2281 792 2367 rescriptis
821 2280 923 2344 latere
951 2279 1172 2345 crederentur.
1215 2279 1277 2344 hoc
1310 2300 1420 2343 errore

126 2378 256 2446 sublato
278 2403 343 2444 non
365 2393 416 2447 cst
439 2405 495 2446 cur
518 2383 637 2447 inistis
655 2383 847 2467 fragmentis
864 2381 1068 2446 excutiendis
1084 2403 1184 2468 opera
1199 2391 1419 2463 consumatur,

126 2505 190 2569 qua
213 2506 292 2547 sane
315 2484 525 2568 dignissimus
548 2485 679 2550 futurus
702 2495 773 2549 erat
794 2484 922 2548 Festus.

212 2636 295 2701 Sunt
324 2637 422 2701 etiam
450 2636 504 2701 alii
531 2635 658 2702 codices
687 2636 876 2723 conplures,
906 2638 941 2702 in
963 2637 1081 2723 quibus
1103 2634 1156 2700 vel
1178 2645 1288 2722 partes
1312 2637 1420 2723 operis

126 2738 272 2824 Pompeii
302 2738 444 2826 scriptae
472 2738 524 2802 vol
548 2749 705 2824 excerpta
727 2740 796 2803 eius
819 2762 892 2802 oum
915 2739 1078 2825 excerptis
1102 2736 1238 2802 aliorum
1260 2760 1422 2823 gramma·

127 2840 264 2903 tioorum
294 2841 463 2926 conposita
489 2851 576 2904 suut.
620 2863 696 2904 nam
723 2841 758 2904 in
785 2841 887 2906 libros
916 2840 956 2905 de
978 2841 1193 2926 grammatica
1216 2851 1286 2905 arte
1308 2839 1422 2905 infima

127 2952 236 3006 aetate
264 2965 307 3006 ex
334 2942 435 3005 variis
466 2943 654 3008 auctoribus
677 2941 848 3024 collectos,
873 2966 1010 3029 quorum
1033 2964 1171 3027 magnus
1194 2952 1245 3007 est
1266 2964 1421 3006 numerus

128 3043 161 3106 in
185 3043 368 3125 codicibus,
392 3042 495 3108 multa
517 3067 559 3109 ex
581 3045 728 3130 Pompeii
750 3044 834 3110 libro
857 3055 989 3131 recepta
1011 3053 1102 3126 sunt,
1131 3042 1212 3107 adeo
1233 3053 1271 3107 ut
1291 3053 1423 3130 praeter

126 3143 331 3210 Priscianum
362 3147 529 3211 Donatum
563 3146 714 3212 Servium
746 3145 867 3211 nullius
901 3147 1107 3232 grammatici
1139 3168 1257 3210 nomen
1290 3147 1325 3210 in
1356 3144 1422 3211 illis

127 3248 331 3334 frequentius
360 3251 419 3330 sit,
449 3271 545 3336 quam
573 3249 731 3336 Pompeii.
776 3248 834 3313 sed
862 3248 896 3312 in
923 3248 974 3312 his
996 3248 1152 3316 ¹omnibus
1185 3246 1266 3311 nihil
1298 3247 1421 3329 inveni,

127 3348 214 3435 quod
237 3349 425 3434 diligentius
449 3351 670 3437 quaerendum
686 3350 738 3416 vel
753 3349 797 3415 ad
812 3350 989 3416 editionem
1012 3350 1088 3416 libri
1108 3350 1330 3416 adhibendum
1350 3372 1422 3415 esso

127 3446 306 3516 videretur.
1207 3442 1221 3457 ⁸

212 3603 405 3670 Recentiore
433 3614 542 3670 aetate
570 3606 716 3691 Pompeii
744 3607 885 3692 primum
913 3607 1111 3673 mentionem
1137 3606 1260 3671 factam
1283 3626 1353 3671 esse
1375 3606 1424 3669 in·

128 3705 225 3770 venio
254 3728 274 3768 a
296 3706 460 3771 Ludovico
484 3706 656 3788 Carrione,
686 3709 740 3794 qui
762 3709 797 3772 in
819 3708 966 3774 Sallustii
989 3709 1143 3796 oporibus
1166 3707 1371 3794 Autverpiae
1393 3730 1422 3770 a.

131 3806 212 3870 1579
234 3805 331 3872 oditis
354 3808 540 3892 fragmenta
560 3808 772 3874 historiarum
788 3809 936 3877 Sallustii
950 3811 993 3876 ab
1014 3811 1075 3875 hoo
1089 3808 1300 3895 grammatico
1323 3808 1425 3873 citata

119 3931 172 3987 ox
193 3907 278 3973 libro
300 3932 400 3973 manu
423 3911 546 3994 scripto
569 3909 754 3976 Coloniensi
777 3912 900 3998 primus
922 3910 1069 3998 protulit.
1115 3912 1156 3977 de
1178 3911 1291 3975 codice
1314 3921 1424 3975 autem

129 4032 193 4096 quo
215 4033 293 4073 usus
317 4021 368 4074 est
389 4011 469 4075 haec
492 4011 607 4076 scribit
630 4011 730 4077 schol.
753 4014 787 4076 in
805 4013 881 4078 Sall.
897 4012 974 4079 hist.
990 4013 1109 4098 fragm.
1132 4038 1164 4101 p.
1179 4012 1254 4093 233,
1277 4015 1347 4075 ‘est
1369 4034 1424 4076 au-

129 4122 195 4175 tem
223 4110 274 4195 (ut
300 4111 335 4175 id
363 4113 511 4198 peruiam
540 4114 704 4197 moneam)
731 4114 905 4199 Pompeius
935 4115 1190 4198 Grammaticus3
1219 4113 1312 4179 euius
1341 4113 1425 4180 liber

131 4213 191 4278 sub
214 4213 343 4277 nomine
367 4215 472 4300 Sergii
495 4214 732 4301 antiquissimis
755 4214 874 4280 litteris
904 4216 1044 4301 scriptus
1067 4240 1084 4281 o
1106 4214 1308 4282 bibliotheca
1330 4213 1425 4281 Colo-

56 4347 58 4351 *
129 4314 236 4380 niensi
257 4315 352 4380 nobis
375 4317 417 4381 ab
441 4316 562 4402 optimo
586 4327 618 4381 et
640 4317 850 4402 integerrimo
874 4319 945 4383 viro
961 4317 1138 4383 Melchiore
1156 4316 1325 4403 Hittorpio
1349 4339 1424 4403 sup·

131 4416 297 4504 peditatus
326 4427 392 4500 est,
421 4441 579 4505 quemquo
607 4419 764 4504 Pompeio
792 4420 1008 4503 assemimus,
1037 4420 1124 4507 quod
1144 4420 1179 4484 iu
1202 4443 1241 4485 eo
1263 4420 1425 4506 quaedam

131 4529 256 4601 essent,
282 4539 374 4604 ‘quae
407 4541 427 4582 a
449 4520 541 4584 Beda
573 4518 683 4586 libello
718 4521 759 4585 de
792 4522 919 4601 metris,
948 4522 1102 4609 Pompeio
1131 4521 1229 4587 tribui
1250 4521 1423 4604 videbam3

131 4621 318 4708 opinionem
340 4643 446 4684 meam
467 4622 630 4705 posterius
653 4622 717 4688 alio
741 4632 850 4687 vetere
874 4622 1006 4689 doctiss.
1037 4624 1176 4689 Puteani
1198 4621 1282 4688 libro
1307 4645 1425 4710 appro-

132 4721 259 4786 bante’.
302 4731 417 4808 postea
444 4722 584 4788 Iacobus
612 4722 799 4788 Fridericus
833 4724 1057 4810 Heusingcrus
1084 4724 1424 4791 Wolfenbuttelanum

132 4823 276 4888 codicem
302 4835 418 4896 nactus
425 4872 435 4909 ,
464 4846 538 4889 oum
563 4823 669 4892 Mallii
698 4824 862 4891 Theodori
892 4826 1013 4894 librum
1041 4835 1074 4892 et
1096 4824 1178 4896 alios
1201 4826 1242 4895 de
1265 4837 1336 4894 arto
1359 4848 1423 4895 me·
