3346 5498
724 281 899 344 nuuvttu
1394 279 1455 344 511

1253 403 1276 444 p.
1292 394 1392 433 root-oo
1406 391 1431 434 P.

135 534 139 540 ,
169 476 239 531 suot
261 470 355 539 modi,
385 489 440 550 per
461 489 534 550 quos
557 473 655 531 omnia
678 468 767 531 verba
790 478 920 531 cursant.
965 474 1024 532 ianr
1046 471 1082 531 ad
1105 471 1229 533 iormam
1253 474 1340 532 unius
1363 473 1455 542 verbi,

169 555 248 636 quorl
270 557 488 634 percurrimus,
517 574 727 636 percurramus
755 554 846 616 verba
875 564 975 617 cetera
997 557 1151 625 similiter,
1176 576 1242 617 amo
1265 576 1345 618 arnas
1367 567 1454 628 amat,

170 647 256 701 canto
278 647 377 702 cantas
400 650 511 711 cantat,
534 641 620 720 pulso
643 642 743 720 pulsas
766 641 876 720 pulsat,
898 643 984 702 lreno
1006 643 1105 701 frenas
1119 643 1230 712 frenat,
1255 660 1337 703 armo
1359 660 1457 703 armas

170 733 281 795 armat,
304 728 436 805 inpugno
459 729 605 805 inpugnas
627 729 785 805 inpugnat,
809 735 895 806 capto
911 734 1011 805 captas
1025 734 1138 805 captat,
1162 746 1235 806 paro
1251 745 1337 807 paras
1360 735 1454 806 parat,

143 827 275 889 sseparo
297 830 417 891 separas
439 821 573 890 separat,
597 830 704 872 accuso
726 830 848 873 accusas
868 818 1000 880 accusat,
1025 806 1030 892 Ι
1055 812 1161 873 mando
1183 813 1305 873 manrlas
1327 813 1453 883 mandat,

168 914 259 974 gravo
280 914 384 972 gravas
406 903 522 973 gravat,
546 896 611 956 lavo
633 896 712 957 lavas
734 896 824 965 lavat,
848 914 959 973 genero
974 914 1100 974 generas
1117 904 1255 974 generat,
1279 915 1349 958 ereo
1370 917 1455 958 ereas

168 988 263 1050 creat,
287 981 348 1058 ligo
370 980 442 1058 ligas
465 982 551 1057 ligat,
580 980 669 1058 alligo
697 980 799 1058 alligas
826 982 942 1060 alligat,
970 983 1105 1042 saeribco
1127 983 1276 1042 sacrificas
1299 984 1454 1052 sacrificat,

168 1069 227 1126 cito
250 1067 325 1127 citas
346 1068 430 1136 citat,
455 1066 577 1126 vulnero
592 1066 728 1127 vulneras
745 1067 891 1136 vulnerat,
915 1086 1033 1128 macero
1048 1085 1180 1127 maceras
1195 1075 1333 1137 macerat,
1356 1067 1455 1128 lacero

168 1151 281 1212 laceras
303 1151 429 1221 lacerat,
454 1171 506 1212 aro
528 1170 594 1212 aras
616 1159 694 1222 arat,
719 1151 799 1212 calco
821 1151 917 1212 calcas
939 1152 1045 1222 calcat,
1070 1170 1201 1212 memoro
1224 1169 1371 1212 memoras
1393 1171 1454 1213 me-

129 1252 155 1291 ro
164 1243 276 1305 morat,
306 1237 399 1297 calcio
426 1236 533 1296 calcias
562 1236 681 1306 calciat,
705 1236 783 1297 lanio
805 1238 899 1298 lanias
921 1237 1027 1307 laniat,
1058 1239 1205 1314 investigo
1226 1239 1386 1314 investigas
1409 1240 1454 1298 in·

168 1323 310 1398 vestigat,
334 1321 409 1381 vallo
432 1321 520 1382 vallas
543 1321 645 1392 vallat,
670 1323 756 1382 domo
778 1321 878 1383 domas
901 1322 1014 1392 domat,
1038 1322 1228 1383 circumvalla
1249 1322 1454 1383 circumvallas

167 1406 378 1474 circumvallat,
402 1425 491 1466 curvo
513 1424 618 1466 curvas
640 1415 751 1476 curvat,
775 1407 891 1467 medico
914 1408 1044 1468 medicas
1066 1407 1202 1476 medicat,
1226 1407 1360 1467 consulto
1383 1425 1452 1468 eon·

167 1492 258 1552 sultas
281 1491 442 1561 consultat,
466 1492 571 1551 intimo
599 1493 719 1552 intimas
746 1494 877 1563 intimat,
908 1495 1028 1553 insinuo
1056 1494 1189 1553 insinuas
1216 1494 1362 1560 insinuat,
1391 1494 1452 1553 lre-

104 1600 111 1612 0
166 1584 277 1657 quanto
299 1578 472 1656 frequentas
488 1578 672 1656 frequentat,
696 1577 815 1638 celebro
829 1576 965 1638 celebras
980 1576 1125 1648 celebrat,
1149 1579 1285 1638 ministro
1302 1579 1453 1638 ministras

128 1680 153 1720 rs
166 1664 329 1730 ministrat,
361 1662 448 1741 palpo
476 1661 579 1740 palpas
607 1661 718 1741 palpat,
748 1664 829 1723 socio
857 1665 953 1723 socias
981 1665 1086 1732 sociat,
1115 1671 1197 1723 muto
1225 1671 1321 1722 mutas
1349 1671 1451 1732 mutat,

166 1747 282 1826 postulo
309 1747 440 1825 pustulas
468 1746 611 1825 postulat,
641 1766 749 1826 quasso
777 1766 898 1827 quassas
927 1755 1059 1827 quassat,
1090 1748 1315 1809 denso‘densas
1338 1749 1451 1817 densat,

165 1850 274 1893 enervo
302 1851 425 1893 enervas
452 1840 586 1902 enervat,
621 1834 754 1893 eviscero
788 1835 936 1893 evisceras
969 1835 1128 1902 eviscerat,
1157 1831 1284 1892 verbero
1311 1832 1453 1894 verberas

165 1917 317 1986 verberat,
341 1924 436 1977 macto
459 1923 570 1978 mactas
592 1925 714 1986 mactat,
738 1918 808 1995 lugo
831 1920 915 1994 lugas
936 1920 1027 1994 lugat,
1052 1917 1174 1978 elimino
1197 1917 1334 1978 climinas
1356 1919 1452 1979 elimi-

166 2010 229 2072 nat,
254 2001 318 2062 celo
340 2003 419 2062 celas
441 2003 531 2071 celat,
555 2005 640 2079 signo
663 2004 762 2080 signas
785 2004 896 2078 signat,
920 2021 992 2063 sono
1015 2020 1101 2063 sonas
1123 2010 1224 2072 sonat,
1248 2002 1359 2063 ventilo
1381 2022 1451 2064 veo·

126 2087 234 2148 rutilas
260 2087 398 2156 ventilat,
427 2089 570 2148 contristo
597 2090 754 2148 contristas
782 2089 951 2156 contristat,
981 2105 1087 2146 sereno
1120 2106 1240 2148 serenas
1273 2096 1393 2149 serenat
1422 2095 1453 2148 et

165 2172 232 2232 alia.
275 2173 341 2233 istis
369 2171 507 2232 omnibus
534 2172 660 2232 adicitur
688 2190 703 2231 r
731 2172 844 2241 littera,
874 2180 903 2232 et
931 2174 1005 2232 liunt
1032 2174 1160 2250 passiva,
1185 2182 1217 2233 ut
1239 2192 1322 2234 amor
1344 2175 1452 2234 amaris
1531 2183 1541 2199 ‘

164 2266 293 2326 amatur,
325 2257 427 2336 pulsor
453 2256 581 2335 pulsaris
608 2256 757 2336 pulsatur,
786 2260 871 2316 scc‘or
905 2259 1017 2317 secaris
1050 2265 1182 2327 secatur,
1214 2276 1305 2318 curor
1337 2260 1451 2318 curaris

164 2352 295 2403 curatur.
340 2345 383 2401 sic
411 2344 510 2402 onmia
537 2343 688 2421 percurris
716 2360 770 2420 per
799 2341 865 2402 illos
893 2341 1011 2411 modos,
1044 2361 1119 2421 quos
1146 2345 1284 2422 superius
1312 2343 1450 2412 diximus,

165 2428 358 2488 indicativum
382 2427 589 2506 imperativum
612 2429 774 2506 optativum
797 2428 1017 2488 coniunctivnm
1039 2429 1198 2488 inlinitum.
1243 2440 1312 2488 sane
1336 2447 1372 2487 ex
1395 2428 1451 2489 boc

125 2528 255 2581 assono,
285 2529 343 2591 quo
371 2511 460 2572 verba
489 2513 583 2572 activa
612 2512 828 2581 ordinavimus,
859 2512 887 2571 irl
917 2519 962 2572 est
991 2511 1102 2592 quibus
1132 2532 1186 2574 nos
1218 2530 1306 2589 agere
1338 2512 1450 2593 aliquid

164 2598 379 2674 significamus,
403 2604 473 2658 sunt
495 2596 609 2656 similes
631 2598 706 2665 soni,
730 2596 781 2657 sed
805 2595 840 2657 ael
863 2596 955 2658 verba
977 2599 1128 2676 pertinent
1152 2597 1307 2658 neutralia.
1337 2597 1388 2657 serl
1413 2617 1449 2657 ne

163 2691 192 2743 te
215 2690 410 2751 commoveat,
434 2700 526 2760 quare
549 2682 689 2743 (licuntur
711 2682 872 2751 neutralia,
901 2682 974 2743 lraec
997 2685 1074 2742 ratio
1096 2690 1156 2751 est,
1185 2684 1256 2761 quia
1278 2700 1334 2741 nec
1359 2690 1449 2759 agunt

162 2767 274 2846 aliquid
298 2786 352 2826 nec
375 2769 537 2846 patiuntur,
561 2775 593 2827 ut
615 2777 659 2828 est
682 2776 728 2828 sto
751 2770 833 2828 iaceo
854 2766 932 2827 cubo
954 2767 1053 2827 sedeo.
1084 2767 1156 2826 baec
1179 2769 1210 2826 in
1232 2766 1309 2825 nullu
1333 2768 1448 2826 actione

163 2860 246 2921 sunt,
275 2853 305 2911 in
334 2852 411 2912 nulla
440 2855 588 2931 passione.
639 2860 708 2912 sunt
730 2853 787 2913 alia
815 2851 961 2913 neutralia
990 2851 1084 2911 abusu
1112 2851 1205 2920 dicu,
1236 2869 1310 2931 quae
1338 2850 1449 2912 babent

125 2939 325 3005 coactionem,
350 2937 400 2997 secl
424 2939 594 3016 passionem
616 2936 728 2997 nullam
752 2935 799 3016 [ut
821 2944 903 2996 eerto
924 2934 1016 2996 babet
1037 2938 1193 3005 actionem,
1217 2936 1269 2996 sed
1292 2955 1351 2996 non
1374 2936 1448 2996 dici·

163 3041 228 3083 mus
249 3019 378 3100 certor],
403 3032 435 3082 ut
457 3039 556 3082 curro.
586 3041 622 3082 ex
644 3040 702 3101 quo
724 3041 797 3082 souo
820 3021 910 3082 multa
933 3029 1011 3089 suut,
1034 3038 1109 3100 quac
1132 3040 1199 3081 cum
1215 3017 1220 3101 Ι
1236 3024 1266 3081 in
1289 3039 1307 3080 o
1329 3029 1447 3090 exeunt,

162 3126 196 3167 or
218 3126 275 3167 non
298 3108 471 3175 arlnuttunt,
496 3115 528 3167 ut
549 3106 622 3166 baec
638 3104 741 3176 rerba,
765 3124 863 3185 pugno
885 3123 999 3184 pugnas
1021 3114 1145 3184 pugnat,
1170 3105 1247 3166 bello
1269 3105 1362 3167 bellas
1385 3105 1447 3167 bel·

162 3192 216 3262 lat,
241 3210 315 3252 cerro
337 3211 426 3251 cenas
449 3199 549 3260 cenat,
573 3199 641 3251 nato
663 3199 748 3251 natas
770 3198 859 3259 natat,
883 3189 1001 3251 ambulo
1024 3189 1156 3252 ambulas
1179 3190 1319 3261 ambulat,
1343 3193 1448 3268 navigo

162 3279 283 3354 navigas
306 3278 436 3353 navigat,
461 3295 594 3336 commeo
610 3295 757 3336 commeas
772 3283 932 3344 commeat,
956 3284 1058 3335 aestuo
1073 3283 1191 3336 aestuas
1212 3283 1339 3346 aestuat,
1355 3294 1448 3352 regno

122 3381 268 3439 ssregnas
296 3369 416 3438 regnat,
445 3361 511 3438 gelo
540 3361 620 3438 gelas
652 3360 746 3438 gelat,
776 3360 842 3420 tlico
870 3361 951 3420 ‹licas
979 3359 1072 3429 dicat,
1101 3360 1187 3420 exulo
1214 3360 1315 3421 exulas
1337 3360 1446 3430 exulat,

161 3449 294 3507 sacrifico
323 3447 471 3506 sacrificas
498 3447 658 3516 sacrificat,
687 3445 832 3506 eaebiuuo
860 3445 1021 3506 caebinnas
1042 3444 1209 3505 cacbinnat.
1253 3445 1447 3506 haecomnia

162 3535 276 3612 primae
300 3532 517 3608 coniugatiouis
539 3538 624 3599 sunt,
647 3533 716 3611 quia
739 3530 899 3591 secundam
921 3548 1078 3609 personam
1095 3530 1281 3591 haecomnia
1305 3529 1393 3592 verba
1416 3533 1447 3591 in

160 3637 193 3678 as
208 3615 350 3696 syllabam
368 3619 504 3685 mittunt,
529 3625 561 3676 ut
576 3624 662 3676 canto
678 3624 794 3684 cantaS,
818 3615 905 3695 pulso
927 3615 1043 3694 pulsas,
1068 3618 1153 3675 l'reno
1175 3617 1290 3685 irenae,
1314 3618 1446 3696 inpugno

161 3704 321 3781 inpugnas,
351 3720 433 3760 arum
462 3720 572 3769 armas,
603 3701 676 3761 salto
699 3700 801 3769 saltas,
825 3719 914 3760 curvo
937 3718 1057 3769 cnrvaS,
1085 3717 1185 3779 pugno
1207 3718 1331 3780 pugnas.
1375 3719 1447 3779 ergo

121 3786 270 3847 mandisti
293 3789 418 3865 primaru
441 3789 689 3864 coniugationem,
712 3788 789 3846 seire
812 3784 904 3846 debes
925 3785 1084 3845 secundam
1108 3784 1191 3846 verbi
1214 3804 1370 3864 personam
1392 3805 1447 3867 pcr

160 3892 192 3934 as
214 3871 355 3951 syllabam
378 3873 471 3931 exire.
516 3891 584 3932 nam
607 3871 676 3932 inde
700 3871 810 3931 dicitur
832 3871 1014 3946 coniugatio,
1043 3870 1121 3950 quorl
1143 3868 1204 3931 sibi
1225 3871 1261 3931 ad
1285 3889 1376 3932 uuum
1398 3891 1445 3932 so·

159 3975 230 4016 unm
258 3957 350 4016 multa
378 3959 537 4035 coniungat
568 3955 635 4036 [bas
664 3957 888 4034 coniugationes
916 3954 1019 4015 Graeci
1049 3955 1207 4034 συζυγίας
1228 3955 1357 4037 dicunt}
1401 3959 1445 4018 sie

159 4049 189 4101 et
211 4041 319 4102 similia
342 4044 439 4102 onruia
463 4045 581 4102 inventa
604 4041 640 4102 arl
662 4043 739 4101 banc
761 4042 923 4120 percurris.

243 4125 378 4186 Secunda
412 4135 509 4188 autem
542 4128 711 4203 coniugatio
742 4135 788 4186 est
821 4145 896 4205 quae
931 4127 961 4185 in
990 4126 1119 4186 secunda
1146 4126 1285 4186 similiter
1317 4145 1444 4206 persona

118 4230 144 4274 ta
158 4213 313 4291 rpraeritnr
336 4220 366 4270 et
389 4213 449 4270 exit
472 4231 525 4291 per
548 4231 595 4280 es,
619 4219 651 4270 ut
668 4218 755 4271 tenco
772 4218 871 4280 tenes,
896 4209 1026 4290 praebeo
1040 4211 1181 4290 praebes,
1205 4230 1311 4273 moneo
1331 4231 1442 4281 mones,

243 4415 256 4464 l
278 4423 411 4462 cursantur
427 4415 472 4471 Ἐς
555 4416 572 4464 2
589 4414 657 4478 quod
677 4414 802 4464 currimus
819 4428 996 4480 percurramus
1010 4421 1094 4465 cetero
1111 4416 1189 4466 uerba
1205 4429 1222 4471 ς
1237 4415 1304 4478 quod
1319 4416 1441 4464 currimns

156 4485 233 4533 uerba
251 4495 335 4534 cetero
355 4483 379 4532 F
430 4484 462 4536 lo
481 4483 560 4534 caleio
579 4500 607 4534 as
623 4494 648 4534 nt
666 4485 690 4534 F
704 4484 788 4533 calceo
808 4483 906 4534 calceas
926 4483 1020 4534 calceat
1036 4499 1053 4543 ς
1122 4484 1156 4536 23
1173 4485 1327 4552 percurreris
1343 4484 1390 4540 re

156 4554 190 4605 29
208 4550 338 4619 passione]
362 4557 524 4617 possessione
540 4556 566 4603 F
650 4554 681 4605 31
705 4551 795 4620 multu]
817 4561 900 4602 mutue
920 4555 944 4602 F
1016 4552 1051 4607 ao
1067 4558 1173 4604 caeiuuo
1192 4570 1238 4603 nas
1258 4562 1298 4602 nat
1314 4554 1339 4604 F
1406 4552 1440 4604 37

155 4640 219 4686 quoe
234 4622 371 4673 secundam
391 4640 525 4689 personum
542 4624 630 4674 borum
650 4625 762 4674 omniurn
782 4624 915 4673 uerborum
935 4623 960 4671 iu
978 4638 1007 4672 es
1024 4625 1070 4680 rs
1139 4626 1173 4674 42
1190 4625 1344 4690 coniungant
1359 4623 1385 4673 F

155 4692 290 4759 συζυγίας
304 4693 437 4743 Pares-elius
454 4693 611 4760 σοζογίατα
625 4709 651 4755 ς,
664 4709 710 4744 orn.
731 4695 755 4744 F
803 4694 837 4744 43
854 4693 946 4743 similia
965 4693 997 4742 od
1014 4693 1079 4743 hanc
1095 4696 1179 4744 omnia
1197 4696 1300 4744 inuenta
1314 4694 1440 4759 percurris

153 4764 178 4814 F
194 4762 288 4812 similia
306 4765 390 4813 onrnin
405 4763 452 4814 bac
468 4764 544 4829 (lineo
560 4764 704 4829 Putscliue)
720 4765 822 4813 inuento
840 4764 967 4829 percurris
985 4765 1149 4819 §Porcellus
