3346 5498
286 387 349 454 356
831 391 1045 454 CONSENTll.

313 511 334 552 p.
348 500 406 541 20119.
419 499 445 540 10
458 497 481 538 P.

286 586 351 648 tur,
380 588 412 639 ut
439 579 475 639 ab
505 579 560 639 hac
589 586 675 640 nocte
703 580 786 640 clade
814 580 918 650 caede,
949 583 1080 642 noctium
1107 580 1235 641 cladium
1263 581 1408 641 caedium.
1442 581 1521 660 quod
1543 588 1573 642 et

288 683 385 760 ipsum
415 689 513 741 tamen
541 701 600 742 non
629 689 675 742 εει
701 688 892 761 perpetuum:
923 701 990 742 narn
1016 668 1088 743 sede
1116 683 1219 743 sedum
1248 684 1334 752 lacit,
1363 701 1422 742 non
1444 682 1570 744 sedium.

288 782 400 844 addunt
427 782 547 862 quidam
570 785 687 844 tertiam
711 784 859 860 regulam,
888 787 1026 864 qrrotiens
1052 788 1221 846 eommunia
1249 787 1368 845 nomina
1392 787 1572 845 nominativo

287 885 433 962 singulari
457 905 473 946 a
496 895 561 946 ets
585 886 693 948 litteris
717 889 930 956 terminantur,
955 895 986 948 ut
1008 894 1123 947 nostras
1139 886 1297 948 Privernas
1319 887 1444 965 optirnas
1466 904 1570 965 praeg-

287 1005 356 1047 nas:
380 994 443 1046 tum
466 989 546 1048 enim
569 989 744 1048 nostratium
773 987 990 1049 Privernatium
1013 989 1198 1067 optimatium
1221 989 1425 1067 praegnatium
1447 990 1597 1059 iaciunts

288 1089 569 1168 quoniamquidem
592 1098 730 1150 neutrum
752 1108 846 1168 genus
868 1089 931 1150 illic
953 1092 1075 1150 insitum
1098 1096 1156 1160 est,
1180 1093 1228 1151 cui
1252 1093 1282 1151 in
1304 1090 1414 1169 plurali
1438 1092 1570 1151 nomina·

287 1194 348 1252 tivo
370 1193 538 1253 accusativo
553 1200 583 1252 et
605 1195 737 1253 vocativo
759 1195 769 1252 i
792 1192 891 1252 littera
915 1192 1069 1253 familiaris
1091 1200 1151 1261 est,
1175 1202 1207 1253 ut
1221 1192 1294 1253 haec
1309 1194 1451 1253 nostratia
1466 1192 1571 1253 borum

288 1295 474 1354 nostratium.
518 1293 571 1353 sed
609 1294 683 1353 haec
717 1293 818 1370 regula
851 1294 954 1354 eadem
987 1294 1059 1354 mihi
1092 1293 1223 1363 videtur,
1253 1313 1329 1373 quae
1356 1303 1401 1354 est
1423 1297 1570 1373 superior.

288 1415 355 1456 nam
384 1396 457 1456 haec
480 1397 595 1466 omnia,
618 1415 693 1474 quae
716 1396 845 1474 exenrpli
867 1414 955 1458 causa
976 1399 1139 1475 posuimus,
1163 1398 1327 1456 conmrunis
1349 1398 1470 1474 generis
1492 1403 1571 1456 sunt.

287 1498 356 1558 inde
385 1499 411 1558 si
439 1497 582 1575 eligamus
609 1498 765 1566 feminina,
794 1497 905 1558 facient
932 1497 968 1557 ab
991 1498 1045 1558 hac
1068 1506 1214 1567 nostrate,
1243 1497 1280 1557 ab
1310 1497 1365 1558 hac
1386 1498 1569 1566 Privernate,
1584 1516 1608 1555 ro

288 1599 325 1660 ab
348 1599 402 1660 hac
425 1601 580 1678 optimate,
610 1599 647 1660 ab
674 1600 729 1660 hae
757 1606 931 1678 praegnate,
961 1618 995 1659 ac
1022 1600 1147 1679 perinde
1177 1601 1258 1660 iuxta
1286 1601 1416 1678 priorem
1439 1599 1570 1677 regulam

288 1702 437 1779 genitivus
459 1701 584 1780 pluralis
606 1702 638 1761 in
660 1704 722 1763 ium
745 1709 843 1770 excat,
868 1702 1062 1782 exemploque
1078 1703 1216 1762 seminini
1231 1703 1351 1778 generis
1367 1704 1455 1761 etiarn
1472 1710 1570 1761 cetera

288 1822 397 1880 genera
427 1803 666 1864 declinabantur.
711 1812 741 1864 et
768 1804 817 1864 hic
852 1812 896 1864 est
924 1804 1006 1864 locus
1034 1805 1065 1863 in
1093 1823 1151 1883 qno
1179 1804 1308 1863 allicitur
1335 1811 1367 1862 ut
1395 1804 1570 1882 plerumque

280 1905 409 1982 regulae
431 1904 490 1965 sibi
512 1905 668 1966 videantur
696 1924 762 1966 esse
790 1907 966 1966 contrariae.
1011 1924 1078 1965 narn
1107 1913 1194 1984 prout
1216 1907 1335 1982 generis
1358 1907 1434 1964 ratio
1457 1905 1569 1973 suadet,

288 2026 342 2086 per
364 2005 485 2066 ablativi
502 2026 517 2066 e
534 2008 663 2068 litteram
686 2010 835 2086 genitivus
857 2008 981 2086 pluralis
1004 2010 1064 2067 erit
1081 2009 1110 2067 in
1127 2009 1188 2067 ium
1205 2007 1249 2067 vel
1273 2009 1303 2066 in
1326 2025 1375 2066 um
1398 2006 1570 2067 moderante
1583 2023 1607 2062 ιε

286 2109 448 2189 euphonia,
478 2128 535 2188 qua
563 2111 594 2168 in
624 2109 680 2169 hac
708 2111 868 2189 praecipue
896 2110 998 2187 regula
1021 2108 1236 2169 declinationes
1258 2108 1389 2168 directae
1412 2116 1481 2168 sunt
1504 2116 1533 2168 et
1555 2127 1571 2169 a

286 2231 397 2289 genere
420 2211 455 2272 ad
478 2229 571 2288 genus
593 2230 682 2291 saepe
700 2219 868 2290 usurpatae.
899 2218 1022 2289 utputa
1045 2211 1153 2271 abhoc
1176 2212 1258 2271 hoste
1281 2210 1411 2270 hostium
1434 2211 1570 2279 dicimus,

285 2332 353 2373 cum
384 2312 464 2372 nulla
494 2313 596 2390 regula
625 2315 656 2373 in
684 2315 746 2372 ium
774 2315 886 2390 «exigat,
915 2314 985 2392 quia
1007 2312 1203 2373 masculinum
1225 2312 1280 2372 hoc
1302 2330 1397 2390 genus
1419 2321 1474 2374 εει.
1518 2313 1572 2373 sed

286 2434 352 2475 cum
375 2414 411 2474 ab
435 2414 489 2473 hac
518 2415 601 2473 hoste
630 2415 738 2474 harum
765 2417 893 2476 boatium
920 2414 1067 2483 dicamus,
1091 2414 1253 2474 seeundum
1276 2414 1409 2491 regulam
1432 2415 1570 2475 seminini
1653 2475 1657 2484 ,

284 2519 404 2594 generis
426 2516 557 2575 hostiurn
579 2518 812 2594 praesumimus,
836 2516 913 2595 quod
937 2518 978 2576 ita
1001 2519 1090 2577 etiarn
1111 2516 1259 2595 euphonia
1282 2515 1467 2595 persuadeat.
1499 2519 1569 2577 item
1583 2533 1608 2572 ao

284 2627 387 2679 contra
403 2636 461 2677 non
478 2617 604 2677 dicimus
625 2619 805 2693 coelestium,
829 2619 883 2678 sed
904 2618 1079 2687 caelestum,
1103 2618 1259 2678 masculini
1274 2619 1394 2695 generis
1410 2617 1570 2678 ablativum

286 2721 520 2799 contemplantes
543 2718 579 2779 ab
602 2718 658 2778 hoc
681 2718 823 2780 caeleste:
853 2739 920 2779 nam
943 2720 1087 2779 feminino
1109 2737 1218 2797 genere
1242 2717 1278 2779 ab
1301 2718 1356 2779 bac
1379 2719 1502 2780 caelesti
1525 2719 1570 2780 di·

285 2826 389 2883 cimus.
434 2822 490 2881 hoc
518 2821 656 2880 videntur
684 2821 856 2882 observasse
884 2823 935 2900 qui
964 2821 1111 2882 inlautum
1135 2822 1371 2890 declinaverunt,
1400 2829 1434 2881 ut
1455 2841 1569 2883 mascu-

285 2925 338 2985 lini
368 2925 488 3001 generis
515 2922 675 2983 ablativum
704 2926 871 3001 cogitarent
903 2922 940 2984 ab
968 2922 1023 2982 hoc
1051 2924 1178 2992 infante,
1208 2925 1317 2983 omisso
1345 2922 1423 3002 quod
1451 2941 1470 2982 n
1499 2931 1529 2983 et
1556 2944 1570 2984 s

285 3027 394 3087 litteris
423 3026 620 3085 nominativus
648 3026 808 3103 singrdaris
842 3021 1072 3106 terpninaretur.
1117 3044 1188 3085 sane
1222 3025 1358 3105 plerique
1387 3043 1489 3085 omnes
1517 3025 1608 3086 hasas

284 3129 417 3207 regulas,
441 3145 517 3206 quae
540 3128 703 3203 genitivum
731 3130 761 3188 in
791 3129 852 3187 ium
881 3130 1015 3196 mittunt,
1045 3127 1149 3187 dicunt
1171 3129 1259 3186 etiam
1283 3128 1482 3186 accusativum
1504 3126 1569 3206 plu·

284 3230 378 3292 ralem
406 3230 437 3288 in
466 3230 491 3287 is
519 3230 652 3299 mittere,
683 3238 715 3289 ut
742 3228 795 3289 has
823 3230 944 3309 puppis,
975 3228 1028 3288 hos
1051 3231 1173 3297 montis,
1197 3228 1251 3288 hos
1273 3230 1440 3307 optimatis3
1463 3228 1515 3288 sed
1539 3230 1569 3288 in

284 3331 339 3391 hoc
362 3348 479 3410 quoque
502 3331 652 3408 sequenda
675 3340 719 3392 est
742 3331 899 3410 euphonia.
945 3331 1085 3410 pleraque
1113 3333 1193 3391 enirn
1216 3349 1251 3389 ex
1274 3328 1412 3394 omnibus
1433 3331 1500 3390 istis
1521 3348 1569 3389 re·

284 3485 331 3534 ede
350 3484 462 3533 noctium
480 3483 590 3532 cladium
608 3485 717 3537 aedium.
735 3485 859 3548 quaedam
877 3492 964 3534 contra
980 3485 1143 3533 inueniuntur
1160 3492 1185 3531 ut
1199 3481 1305 3531 muliere
1321 3481 1453 3531 mulierum
1473 3482 1571 3532 incitet
1637 3484 1640 3489 ’

226 3564 230 3574 “
284 3554 345 3603 sede
362 3554 451 3603 sedum
468 3568 517 3603 non
537 3553 635 3603 sedium
656 3554 716 3603 lacit
735 3554 831 3603 addunt
850 3554 881 3603 M
950 3555 1056 3604 leacde
1071 3549 1246 3617 —eaedium]
1263 3552 1309 3600 ede
1327 3552 1500 3601 -ediumL

284 3625 300 3671 4
323 3637 451 3688 praegnas
471 3626 701 3689 —praegnatium
724 3623 855 3673 Petschr'us
880 3625 986 3688 prignas
1003 3649 1036 3658 —
1060 3623 1212 3689 priguatiurn
1238 3621 1301 3670 ΒΜ
1307 3621 1346 3670 L:
1368 3622 1402 3683 cs.
1420 3621 1519 3674 Charis.
1539 3640 1568 3686 ρ.

287 3693 343 3755 111,
363 3694 395 3742 27
411 3692 472 3741 ‘sed
492 3694 663 3742 consuetudo’
683 3694 764 3756 inquit
781 3693 877 3741 Plinius
892 3698 935 3740 ‘ut
952 3694 1129 3759 praegnatium
1145 3693 1320 3755 optimatiunr'
1371 3690 1502 3741 hisceres
1519 3692 1571 3742 BL

355 3763 369 3810 7
389 3760 452 3809 haec
470 3764 592 3810 nostratia
611 3771 636 3810 et
655 3763 802 3811 nostratium
819 3761 883 3810 ΒΜ
892 3763 915 3810 L
985 3762 1133 3828 Ssuperior
1151 3771 1178 3809 ut
1196 3761 1267 3809 clade
1285 3776 1343 3811 nam
1360 3761 1392 3810 M
1461 3762 1570 3811 abinde

285 3830 415 3895 elegemus
435 3828 556 3879 lemiuina
575 3833 606 3880 ab
621 3830 668 3880 hac
685 3839 796 3880 nostrate
816 3831 848 3879 M
903 3829 999 3880 iaciunt
1015 3832 1039 3880 B
1099 3832 1129 3881 11
1144 3839 1283 3896 praegnata
1302 3831 1434 3881 Pet-sebius
1452 3831 1570 3895 priguate

284 3900 347 3950 BM
356 3901 377 3948 L
448 3899 479 3948 12
499 3910 572 3947 exeat
590 3901 707 3964 exemplo
724 3901 747 3949 L
765 3901 817 3949 exit
832 3915 881 3963 quo
899 3902 1015 3966 exemplo
1035 3901 1067 3950 M
1123 3902 1198 3950 etiam
1216 3910 1240 3950 et
1258 3912 1342 3951 cetera
1357 3900 1390 3949 M
1461 3901 1492 3950 tt
1512 3916 1569 3950 narn

284 3978 359 4033 prout
377 3982 455 4032 gener
470 3967 654 4032 (superscripto
672 3970 706 4031 is)
731 3972 794 4019 ratio
813 3969 903 4018 suadet
923 3986 968 4034 per
987 3971 1091 4020 ablatiui
1108 3986 1122 4020 ε
1140 3970 1246 4018 litteram
1265 3972 1394 4035 genitiuus
1411 3969 1456 4034 plt'r
1475 3971 1528 4019 exit
1544 3972 1570 4020 iu

284 4040 337 4087 ium
356 4037 538 4088 declinationes
556 4041 582 4088 s't
600 4038 748 4102 euioniae'q
763 4041 788 4088 iu
809 4039 857 4092 1ι..
877 4038 958 4100 (corr.
971 4039 1034 4103 hoc)
1048 4041 1180 4104 praecipue
1195 4040 1284 4104 regula
1297 4040 1442 4089 moderante
1460 4039 1570 4089 directae

284 4117 343 4157 sunt
361 4107 393 4156 M
415 4119 571 4172 namprout
593 4108 645 4173 (est
662 4110 723 4158 odd.
744 4108 781 4172 B)
806 4109 909 4173 generis
933 4111 995 4159 ratio
1019 4126 1065 4175 per
1088 4109 1225 4159 ablatiuum
1248 4109 1299 4173 (-ui
1318 4125 1386 4162 corr,
1406 4124 1478 4158 -uum
1498 4107 1570 4172 L)e

283 4178 391 4227 litteram
410 4176 494 4241 geneti
510 4179 556 4242 pl’i
573 4177 639 4241 (elit'
653 4181 713 4244 gerit
729 4178 788 4242 ph'rr
803 4177 841 4241 B)
859 4179 941 4243 exigit
959 4179 1133 4229 declinationis
1150 4178 1251 4228 colonia
1268 4195 1331 4243 qnae
1347 4181 1370 4228 ln
1386 4177 1434 4228 hac
1452 4178 1514 4242 (hoc
1533 4179 1571 4242 L)

283 4248 421 4313 praecipue
441 4248 529 4311 regula
545 4257 698 4299 monstrante
717 4249 828 4298 directae
844 4257 902 4297 sunt
916 4248 973 4298 BL
1044 4249 1077 4301 16
1094 4260 1119 4299 et
1137 4264 1152 4298 a
1167 4264 1261 4313 genere
1280 4248 1429 4297 femininum
1448 4260 1472 4297 et
1490 4265 1506 4298 a
1523 4265 1570 4313 ge-

284 4333 344 4368 nere
359 4331 413 4367 mas
432 4331 492 4380 sepe
511 4327 645 4383 ussurpate
662 4318 687 4367 L
759 4318 790 4368 17
809 4328 947 4381 usurpatae
961 4329 1019 4368 sunt
1036 4330 1063 4368 ut
1079 4329 1136 4384 pote
1155 4317 1188 4366 M
1258 4318 1291 4369 18
1309 4319 1369 4381 quia
1387 4318 1448 4367 ML
1467 4318 1569 4380 quando

282 4407 321 4439 m:
339 4386 408 4450 quod
424 4385 511 4435 mascl'
531 4391 597 4454 geni
615 4398 654 4439 est
671 4388 696 4438 B
766 4387 813 4437 sed
831 4403 887 4436 cum
906 4389 937 4437 ab
958 4389 1005 4438 hac
1022 4389 1083 4453 (huo
1100 4405 1144 4438 om.
1164 4387 1233 4450 BL)
1250 4388 1323 4437 hoste
1340 4389 1455 4437 dicamus
1474 4388 1540 4437 BM
1547 4387 1570 4436 L

352 4455 385 4506 20
405 4456 540 4522 persuadet
556 4458 588 4506 M
606 4458 742 4522 persudeat
755 4458 779 4507 L
851 4458 883 4507 21
904 4473 953 4507 non
973 4459 1081 4507 dicimus
1100 4459 1233 4508 masculini
1253 4457 1390 4507 caelestum
1409 4458 1510 4523 generis
1524 4457 1570 4505 ab·

283 4527 388 4577 latinum
411 4526 442 4575 M
460 4541 509 4575 nou
529 4527 637 4576 dicimus
656 4526 797 4576 masculino
815 4526 952 4577 caelestum
971 4528 1040 4594 gent·
1055 4527 1193 4578 ablatiuum
1211 4527 1238 4576 B
1260 4542 1308 4576 non
1331 4527 1439 4576 dicimus
1460 4528 1569 4576 caelesti

283 4597 388 4647 mascul'
406 4611 499 4660 genere
517 4596 621 4646 ablatiui
640 4598 678 4647 L:
702 4598 817 4652 sortuaae
833 4599 891 4646 item
910 4613 959 4649 nou
978 4606 1065 4646 contra
1084 4598 1198 4662 regulam
1219 4597 1329 4647 dicimus
1346 4597 1491 4647 caelestum.
1512 4613 1570 4646 cae·

283 4666 373 4716 lestum
388 4681 424 4715 ear
445 4668 524 4731 Verg.
541 4667 605 4719 Aen.
621 4667 666 4716 Vll
686 4668 737 4717 432
752 4669 835 4717 attulit
850 4670 999 4719 Priscianus
1012 4669 1028 4716 1.
1050 4666 1094 4715 Vll
1111 4683 1139 4730 p.
1153 4666 1213 4728 351,
1230 4667 1265 4715 22
1317 4667 1351 4716 22
1369 4666 1570 4732 contemplantes

284 4744 312 4783 ut
328 4737 359 4785 ab
379 4735 410 4785 M
461 4735 609 4786 femininum
626 4738 656 4786 ab
673 4736 722 4786 hac
740 4738 848 4787 caeleste
867 4737 975 4787 dicimus
994 4736 1027 4785 M
1043 4735 1169 4792 feminino,
1179 4738 1209 4784 ab
1223 4735 1269 4784 hae
1289 4734 1390 4784 caelesti
1408 4737 1434 4786 B
1452 4736 1569 4786 seminini

283 4805 315 4854 ab
329 4805 376 4854 hac
394 4804 485 4854 celeste
501 4805 525 4854 L
609 4806 641 4856 23
661 4807 796 4856 obseruare
813 4807 838 4857 B
855 4821 973 4856 seruasse
992 4806 1023 4855 M
1109 4806 1142 4857 24
1162 4801 1267 4872 omisso]
1288 4803 1335 4854 hoc
1354 4806 1448 4855 omisso
1468 4806 1499 4855 M

283 4875 317 4926 25
335 4873 482 4927 terminatur
500 4875 534 4927 M
