3346 5498
233 360 294 425 120
803 359 954 421 POllPEll

258 473 369 526 pot-fn
384 470 405 509 L.

233 569 321 630 quam
350 549 506 610 voluerunt
534 549 591 608 boc
619 547 719 608 dicere
746 550 794 608 isti
824 550 874 626 qui
901 550 1091 610 instituerunt
1119 557 1228 618 artem,
1264 566 1357 626 quare
1380 558 1519 630 quattuor

232 654 338 714 breves
360 671 414 730 pro
437 650 552 711 duabus
573 650 670 728 longis
691 656 849 730 ponantur.
895 650 1018 729 legimus
1039 657 1139 713 tamen
1161 653 1192 710 in
1214 653 1356 730 antiquis,
1385 671 1459 733 quae
1481 655 1521 713 sit

232 757 308 817 ratio
349 752 396 833 [ut
439 761 483 813 est
520 754 654 830 ‘genua
693 751 847 822 labant',
887 754 1041 812 ‘arietat
1072 755 1108 813 in
1136 759 1291 832 portas’,
1329 756 1521 815 ‘intexunt

233 857 384 923 abiete'‚
410 856 553 915 ‘tenuia
578 873 645 914 nec
666 853 799 925 lanae’,
822 873 919 933 genua
940 853 977 922 la,
1001 857 1115 923 arietat,
1140 854 1244 924 abiete,
1268 858 1367 918 tenuia
1383 876 1418 916 ex
1435 864 1519 936 quat-

232 968 299 1019 tuor
321 954 440 1037 syllabis
462 956 610 1036 spondeos
632 957 734 1017 iactos.
779 956 888 1026 abiete,
919 974 1021 1017 omnes
1049 956 1121 1017 tales
1150 954 1241 1038 suut].
1286 966 1423 1038 quattuor
1449 969 1549 1020 sunts

232 1061 339 1122 breves
360 1078 415 1139 pro
439 1058 553 1120 duabus
575 1058 696 1137 longis..
723 1058 775 1119 sed
798 1060 874 1119 scire
897 1057 988 1118 debes
1016 1057 1095 1119 nulla
1122 1061 1236 1119 rationo
1258 1058 1315 1119 hoc
1337 1079 1423 1140 posse
1445 1061 1521 1129 lieri,

233 1165 289 1224 nisi
312 1162 428 1242 quaudo
452 1160 519 1221 talia
542 1163 601 1221 sint
622 1163 684 1240 ipsa
709 1159 812 1229 verba,
837 1179 910 1240 quae
932 1181 986 1241 per
1009 1161 1201 1221 conlisionem
1224 1163 1339 1240 possint
1354 1161 1450 1223 lacere
1465 1181 1520 1241 po·

233 1266 379 1325 sitionem.
424 1263 630 1342 quodcumque
653 1263 741 1323 luerit
761 1263 899 1334 verbum,
925 1261 1003 1342 quod
1027 1265 1069 1323 sic
1091 1262 1256 1342 prolertu‘r,
1280 1263 1369 1324 debet
1383 1263 1440 1324 tale
1456 1283 1523 1325 esse

234 1366 372 1434 verbum,
398 1372 430 1424 ut
451 1367 531 1444 ipsae
554 1372 692 1444 quattuor
714 1364 842 1443 syllabae
864 1363 982 1426 collisae
1005 1366 1113 1425 iaciant
1141 1374 1201 1425 tres
1229 1374 1259 1425 et
1280 1364 1335 1425 bae
1358 1374 1417 1426 tres
1440 1369 1520 1446 posi-

234 1471 314 1529 tione
336 1467 445 1527 laciant
466 1466 585 1544 longam
609 1468 809 1545 superiorem,
838 1484 896 1544 quo
924 1466 1011 1526 modo
1034 1475 1105 1546 puta
1127 1469 1270 1528 ‘tenuia
1297 1486 1364 1527 nec
1386 1465 1521 1528 lauaez'
1539 1483 1565 1521 10

235 1559 346 1640 tenuia,
370 1570 482 1647 stringe
505 1568 578 1628 illud
600 1569 712 1637 tenvia,
744 1587 814 1629 ecce
836 1570 894 1629 iam
916 1570 1022 1647 positio
1041 1568 1046 1644 Ι
1066 1577 1119 1629 est.
1166 1581 1224 1648 quo
1251 1567 1340 1629 modo
1362 1577 1412 1630 ten
1433 1568 1524 1648 longa

235 1673 388 1748 esthoia
412 1691 428 1731 e
452 1670 559 1731 vocalis
582 1670 689 1730 desiuit
710 1672 740 1730 in
763 1687 782 1728 n
806 1679 835 1730 et
857 1673 1002 1750 excipitur
1026 1670 1062 1731 ab
1084 1690 1103 1731 u
1125 1669 1191 1730 loco
1213 1673 1402 1731 consonantis
1417 1673 1524 1750 posita,

189 1813 190 1816 =
237 1783 266 1834 et
289 1776 359 1834 iacit
380 1774 565 1852 superiorem
588 1771 717 1850 longam.
754 1773 908 1833 ‘arietat
929 1775 966 1832 in
988 1778 1147 1852 portas‘:
1178 1773 1297 1841 arietat,
1322 1772 1524 1851 stringcillud

190 1872 195 1884 '
235 1877 353 1943 arietat,
377 1894 409 1934 ar
432 1875 519 1952 longa
541 1875 573 1934 lit
594 1876 751 1954 positione,
775 1877 844 1953 quia
866 1877 876 1933 i
900 1876 1058 1935 transitio
1081 1876 1269 1935 consonantis
1284 1882 1468 1954 potestatem.
1494 1883 1527 1936 et

236 1982 370 2055 ‘genua
394 1976 554 2037 labant':
578 1995 684 2055 genua,
708 1978 819 2055 stringe
848 1975 921 2037 illud
944 1995 1035 2055 genra
1058 1976 1102 2047 la,
1132 1995 1147 2036 e
1171 1975 1277 2037 vocalis
1304 1977 1411 2037 desiuit
1437 1979 1469 2037 in
1493 1997 1524 2048 u,
1540 1990 1568 2030 1⁵

235 2079 284 2139 illa
307 2097 326 2138 ιι
348 2081 517 2157 stringitur,
543 2086 571 2138 et
593 2098 612 2138 ιι
634 2080 792 2139 transitio
814 2078 912 2139 locum
935 2080 1138 2148 consonantis,
1164 2086 1193 2138 et
1214 2080 1246 2139 lit
1260 2080 1407 2158 positione
1423 2078 1524 2158 longa.

235 2184 308 2241 istae
331 2191 401 2242 sunt
423 2180 564 2260 syllabae,
589 2199 664 2259 quae
687 2190 809 2260 possunt
830 2183 859 2241 in
883 2180 1101 2260 quadrisyllabo
1124 2182 1213 2241 exire.
1260 2198 1334 2257 quae
1351 2180 1440 2241 rerba
1456 2200 1527 2242 cum

236 2284 390 2363 coeperint
411 2302 465 2362 por
488 2284 727 2343 constrictionem
751 2284 780 2341 in
803 2291 864 2342 tres
886 2280 1012 2362 syllabas
1033 2282 1138 2359 redigi,
1161 2280 1240 2340 illam
1264 2284 1447 2360 superiorem
1472 2304 1527 2363 po-

236 2388 341 2446 sitione
364 2387 475 2445 iaciunt
495 2383 623 2462 longam.
649 2383 736 2464 plane
758 2386 835 2444 scire
858 2384 999 2444 debemus
1022 2384 1100 2462 quod
1122 2402 1180 2444 una
1194 2383 1304 2462 syllaba
1319 2384 1417 2445 brevis
1431 2403 1528 2446 unum

236 2486 327 2547 babet
350 2494 479 2565 ternpus,
504 2505 561 2546 una
584 2478 680 2566 longa
694 2486 752 2548 duo
774 2486 863 2547 babet
886 2495 1028 2567 tempora.
1543 2509 1570 2550 ao

771 2672 820 2734 DE
842 2674 1001 2734 PEllleS
1043 2702 1045 2706 ·

135 2813 224 2868 aaut
321 2794 415 2853 l’cdcs
438 2812 540 2853 omnes
563 2792 635 2855 GXX
659 2801 688 2853 et
710 2792 761 2853 llll
790 2801 865 2853 sunt.
912 2792 963 2853 scd
992 2792 1028 2852 de
1055 2792 1120 2852 istis
1149 2790 1275 2870 pedibus
1301 2794 1340 2851 ita
1370 2800 1530 2855 tractatum

136 2880 291 2956 4⁸⁰²5est..
338 2897 433 2974 primo
457 2894 548 2954 debes
571 2914 714 2973 quaerere
742 2914 832 2974 quare
855 2894 925 2954 dicti
954 2894 1150 2972 sonipedes.
1196 2893 1252 2954 bac
1280 2896 1409 2954 ratione:
1438 2914 1530 2974 quem

239 2998 274 3058 ad
299 2997 418 3058 modum
442 3016 495 3056 nm
517 2996 642 3075 pedibus
665 2984 843 3063 incedimus,
873 2998 916 3056 sic
939 2996 1025 3056 etiarn
1047 2995 1139 3075 pedes
1161 3013 1216 3074 per
1238 3015 1341 3058 versus
1363 3006 1530 3076 conputan-

240 3109 301 3169 tur,
326 3101 392 3179 quia
417 3108 445 3158 ot
469 3101 524 3177 ipsi
546 3117 600 3178 per
622 3098 714 3177 pedes
736 3098 912 3177 gradiuntur
935 3107 964 3159 ot
986 3117 1040 3177 per
1062 3098 1153 3178 pedes
1168 3097 1329 3158 ambulant.
1373 3099 1439 3159 ideo
1456 3118 1531 3178 crgo
1545 3121 1572 3161 us

239 3203 309 3263 dicti
334 3200 401 3280 [por
425 3199 531 3280 metra]
556 3201 661 3281 pedes,
686 3201 762 3280 quod
784 3203 859 3282 ipsis
882 3203 1025 3270 nitamur,
1050 3203 1122 3280 ipsis
1148 3200 1319 3260 incedamus
1341 3219 1395 3279 per
1422 3209 1530 3263 metra.

238 3306 371 3365 inomni
395 3303 471 3382 podo
494 3300 565 3362 nibil
589 3303 666 3363 aliud
696 3303 786 3364 debes
816 3321 973 3381 quaerere,
1005 3305 1061 3363 nisi
1083 3303 1136 3362 has
1164 3322 1227 3371 res,
1258 3304 1338 3363 arsin
1367 3310 1397 3362 et
1419 3302 1530 3374 thesin,

239 3426 395 3467 turinorum
418 3403 611 3484 syllabarum,
635 3416 767 3485 tempus,
791 3405 1019 3474 resolutionem,
1043 3406 1182 3483 figuram,
1206 3411 1344 3465 metrum.

121 3528 208 3586 4⁶25st
322 3510 403 3568 llrsis
427 3515 456 3567 et
477 3507 569 3566 tbosis
585 3507 693 3568 dicitur
710 3509 831 3569 elevatio
855 3521 884 3569 et
903 3515 908 3582 1
928 3509 1043 3587 positio.
1068 3514 1100 3567 ut
1115 3507 1139 3566 si
1156 3505 1251 3565 dicam
1269 3524 1333 3584 ego,
1351 3524 1367 3566 e
1383 3508 1458 3567 arsis
1474 3515 1529 3577 ost,

122 3594 180 3655 480,
196 3597 226 3642 ¹⁴²
240 3627 276 3685 go
301 3607 389 3668 thesis
412 3616 463 3667 ost.
494 3611 540 3668 cui
565 3612 608 3669 rei
631 3611 767 3689 proficiat
789 3613 863 3669 arsis
886 3618 915 3670 et
937 3608 1041 3680 thosis,
1058 3607 1146 3688 paulo
1162 3614 1230 3688 post
1244 3608 1384 3669 dicemus.
1406 3609 1529 3670 interim
1543 3631 1570 3671 oo

240 3712 314 3770 arsis
343 3719 371 3769 ot
400 3709 489 3770 tlrosis
515 3710 621 3771 dicitur
651 3711 773 3772 elevatio
796 3719 825 3771 et
846 3714 963 3791 positio.
1009 3721 1040 3772 ut
1067 3719 1137 3791 puta
1165 3709 1273 3778 Roma3
1318 3709 1410 3771 Roma
1432 3712 1530 3790 prima
1597 3777 1605 3796 ,

310 3948 371 3997 3ιιι
396 3957 433 3996 est
460 3964 546 4013 genna
573 3949 659 3998 labant
682 3950 759 3998 arieto
788 3951 813 3998 in
839 3963 924 4015 portas
947 3949 1046 3999 habiete
1069 3950 1164 4013 iptexto
1183 3947 1265 3997 abiete
1285 3963 1372 3998 omnes
1390 3948 1455 3999 tales
1472 3960 1532 4001 suut

240 4020 422 4081 superscriptis
433 4027 494 4082 post
510 4027 595 4082 portas
611 4019 658 4078 its,
678 4034 761 4083 genua
780 4020 803 4068 la
823 4022 909 4069 arietat
930 4021 1010 4068 abiete
1028 4019 1112 4067 contria
1128 4033 1160 4065 ex
1176 4027 1283 4079 quatuor
1299 4019 1417 4068 breuibus
1433 4019 1531 4069 sillabis

241 4087 369 4152 spondeos
386 4087 465 4134 laotos
480 4089 503 4136 B
522 4100 546 4134 m
561 4098 599 4136 est
616 4104 700 4154 genna
721 4088 805 4137 labant
821 4093 909 4138 arietat
928 4092 951 4137 in
969 4098 1054 4153 portas
1067 4102 1150 4153 genua
1170 4087 1201 4138 lu.
1220 4089 1316 4136 arietat.
1334 4088 1425 4142 abiete.
1443 4091 1531 4140 tenuia

241 4173 273 4205 ex
289 4157 332 4204 liii
354 4158 471 4205 breuibus
490 4157 595 4221 syllabis
615 4159 741 4222 spondeos
762 4160 841 4208 iactos
860 4161 943 4208 abiete
961 4169 1029 4208 texto
1049 4159 1129 4206 abiete
1148 4171 1235 4205 omues
1253 4159 1316 4206 tales
1334 4167 1392 4206 sunt
1410 4160 1431 4207 0
1447 4169 1474 4209 ut
1493 4171 1531 4209 est

241 4240 325 4291 genita
343 4234 367 4274 et
384 4227 452 4275 inuio
473 4226 555 4275 labant
573 4230 722 4279 uarietatem
740 4231 764 4277 in
784 4240 870 4294 pomos
885 4230 952 4278 abiet
968 4245 999 4276 rx
1013 4238 1131 4291 qrrauuor
1144 4226 1249 4289 syllabis
1267 4227 1387 4277 breuibus
1399 4229 1531 4293 spondeus

241 4296 323 4347 luctus
342 4296 423 4344 abiete
444 4298 553 4344 instexto
577 4298 658 4346 abiete
677 4313 763 4347 omues
781 4301 844 4349 tales
863 4310 922 4348 sunt
943 4299 963 4346 L
982 4310 1008 4346 ut
1027 4308 1064 4346 est
1084 4311 1168 4362 gertus
1188 4332 1213 4346 ..
1229 4338 1234 4348 .
1250 4332 1255 4342 .
1269 4334 1277 4348 .
1290 4333 1314 4344 ..
1334 4298 1421 4346 latrant
1440 4301 1532 4348 arietat

241 4368 266 4416 ἰιι
285 4374 371 4431 portus
473 4364 571 4431 (genua
587 4368 609 4416 la
626 4369 715 4417 arietat
734 4371 816 4418 abiete
831 4372 914 4417 teutria
934 4368 994 4419 add.
1013 4366 1045 4416 ιι*
1063 4371 1087 4417 in
1102 4368 1195 4432 rnarp.)
1210 4381 1241 4415 ex
1258 4367 1303 4415 llll
1323 4367 1443 4417 breuibus
1462 4369 1531 4417 silla·

242 4439 280 4485 bis
298 4437 426 4501 spondeus
445 4436 525 4484 lactus
546 4473 571 4488 ..
592 4437 675 4486 sinete
694 4440 788 4488 intexto
803 4439 883 4488 abiete
901 4451 987 4486 omnes
1006 4436 1069 4486 tales
1087 4445 1145 4487 sunt
1166 4437 1188 4485 A
1250 4434 1344 4502 genua]
1370 4438 1450 4504 Verp.
1463 4439 1529 4491 Aen.

241 4504 357 4556 xiima
428 4503 527 4570 arietat]
552 4508 713 4573 Verp.Aen.
733 4509 767 4557 Xl
790 4509 843 4558 atto
913 4503 1036 4571 intexunt]
1060 4508 1139 4571 Verp.
1160 4507 1224 4555 Aen.
1245 4507 1266 4556 ll
1287 4505 1320 4556 lli
1389 4506 1528 4576 ltenuia]

246 4578 324 4639 Verp.
346 4591 432 4641 peorp.
452 4576 463 4624 l
487 4574 537 4625 397
607 4581 623 4626 7
643 4578 693 4627 nisi
713 4594 776 4642 quae
792 4579 851 4627 tolia
872 4578 924 4627 BG
940 4579 989 4625 nisi
1006 4579 1065 4626 tolia
1084 4575 1118 4626 a*
1138 4590 1221 4638 neque
1245 4575 1304 4624 talia
1323 4576 1424 4640 A(?)L
1497 4581 1530 4629 22

242 4644 757 4697 cxxorritBLLxxo1111Ac
826 4643 1138 4710 25quia]quasiABG
1207 4643 1464 4699 2bincedimusAC

241 4717 275 4765 27
294 4717 359 4767 orsis
381 4714 465 4780 (arses
483 4716 519 4779 Α)
542 4727 565 4765 ot
589 4716 668 4767 thesis
686 4733 805 4767 numerus
823 4718 955 4781 (numeros
974 4718 1005 4780 C)
1024 4717 1178 4780 syllabarum
1195 4714 1280 4764 Aac
1347 4715 1382 4766 30
1401 4717 1479 4783 paulo
1498 4732 1532 4754 -·—

243 4785 362 4836 etthesis
380 4801 426 4839 om.
447 4786 586 4849 A‚odd.a
637 4784 762 4852 dicemus]
784 4788 927 4837 uidebimus
945 4802 962 4835 α
1031 4787 1063 4838 31
1083 4787 1175 4835 dicitur
1192 4800 1236 4834 om.
1258 4785 1283 4833 Α
1337 4795 1443 4853 utputa
1460 4802 1532 4838 roma

243 4869 313 4904 roma
329 4856 481 4922 primuAG
