3346 5498
243 377 307 444 272
811 382 964 446 ΡΟΜΡΕΠ

269 502 291 544 p.
305 488 429 531 aua-951.

243 567 413 646 loquellaris
429 576 482 638 cst,
495 576 526 629 ut
541 577 610 629 sunt
624 568 691 629 iliae
705 585 768 638 sex,
782 588 839 630 oon
854 569 884 630 di
900 570 946 631 dis
960 589 994 631 re
1008 589 1040 633 se
1052 588 1108 632 am.
1125 571 1256 651 exceptis
1269 569 1329 632 illis
1340 589 1391 632 sex
1402 570 1537 653 reliquae

168 697 171 701 ·
244 689 348 731 omnes
369 669 501 732 casuales
516 678 593 731 suut.
621 679 776 750 praeterea
791 673 865 733 istae
879 672 962 751 ipsae
977 671 1123 742 casuales,
1145 672 1174 732 tu
1191 679 1236 733 est
1251 690 1325 752 quae
1340 672 1460 736 casibus
1472 692 1536 736 ser·

243 774 339 842 ciunt,
362 771 440 834 hauc
462 770 573 833 hahent
593 779 743 841 naturam,
765 780 799 834 ut
819 771 979 853 aliquando
998 775 1112 854 possint
1132 774 1309 844 cohaerere:
1330 781 1401 836 sunt
1420 773 1538 855 aliquae

143 883 204 948 tto,
216 885 232 933 4
245 892 322 953 quae
338 893 497 955 numquam
512 882 638 954 possunt
652 874 823 936 cohaerere.
839 893 958 956 semper
973 876 1134 938 cohaerent
1142 873 1210 937 illae
1222 877 1466 956 praepositiones,
1478 894 1537 938 con

244 977 275 1038 di
300 977 347 1038 dis
368 995 402 1037 re
424 994 456 1037 se
472 994 535 1038 am:
559 995 721 1057 numquam
736 982 816 1039 enim
831 978 1021 1040 inveniuntur
1042 986 1223 1058 segregatae.
1247 981 1287 1041 ita
1307 978 1442 1050 dicimus,
1463 991 1563 1040 con-⁶

243 1077 330 1139 duco.
354 1077 497 1160 numquid
513 1096 632 1158 possum
648 1078 748 1140 dicere
771 1084 840 1140 ‘con
856 1078 954 1149 duco’,
979 1088 1011 1139 ut
1024 1080 1084 1166 sipt
1098 1079 1175 1142 duae
1189 1083 1309 1163 pertesi
1325 1081 1405 1142 unde
1420 1080 1537 1142 intelle·

178 1193 182 1201 ·
243 1182 358 1260 gimusi
382 1182 521 1261 quoniam
545 1198 604 1241 uon
626 1199 746 1260 possum
770 1183 962 1261 interponere
986 1184 1114 1259 aliquid.
1146 1182 1279 1263 reliquae
1302 1184 1540 1264 praepositiones

242 1282 310 1344 ideo
325 1289 449 1364 apparet
470 1283 609 1362 quoniam
627 1290 755 1361 possunt
770 1284 931 1362 segregari,
955 1284 1094 1362 quoniam
1109 1286 1257 1365 recipiunt
1277 1283 1359 1346 verbi
1374 1286 1538 1365 interposi·

242 1386 364 1446 tionem.
388 1393 459 1465 puta
473 1383 563 1464 ‘apud
578 1385 733 1446 amicum’:
750 1386 919 1464 interpono,
935 1386 960 1444 si
976 1384 1051 1454 volo,
1067 1385 1163 1466 ‘apud
1178 1385 1261 1448 illum
1276 1389 1428 1457 emicum’,
1445 1386 1538 1467 ‘apud

243 1495 272 1548 te
287 1488 441 1556 amicum’;
458 1503 528 1547 ecce
542 1487 707 1566 interposui
728 1494 844 1566 partem
866 1486 1016 1547 orationis.
1045 1488 1077 1549 in
1098 1486 1158 1548 illis
1179 1487 1452 1569 praepositionibus
1474 1506 1537 1550 non
1550 1506 1575 1544 ao

242 1607 362 1669 possum
384 1588 500 1650 iacere:
524 1589 550 1649 si
571 1587 652 1649 dicas
673 1590 795 1668 recipio,
819 1606 879 1649 non
901 1606 1023 1669 possum
1038 1587 1139 1651 elicere
1161 1593 1214 1652 ‘re
1228 1590 1310 1652 illum
1327 1590 1439 1669 cipio’;
1463 1608 1537 1652 cou-

243 1692 328 1761 duco,
351 1709 411 1752 non
434 1709 555 1771 possum
578 1689 678 1751 dicere
700 1696 775 1752 ‘oon
798 1690 851 1751 tibi
874 1690 984 1761 dueo';
1006 1690 1126 1760 secubo,
1149 1710 1209 1754 uon
1224 1711 1345 1774 possum
1367 1692 1468 1753 dicere
1491 1696 1537 1752 ‘se

184 1854 191 1865 ,
242 1793 352 1856 abillo
375 1792 481 1854 ouho'.
527 1794 594 1872 quia
618 1811 678 1854 non
700 1800 798 1873 potest
820 1793 971 1873 interponi
993 1791 1118 1873 aliquid,
1151 1794 1367 1875 hincapparet
1394 1794 1536 1875 quoniam

242 1914 361 1978 semper
383 1878 553 1956 cohaerent.
599 1912 669 1974 ergo
692 1904 760 1956 sunt
785 1894 788 1975 l
811 1896 1048 1974 praepositiones
1070 1913 1189 1975 semper
1214 1895 1417 1958 cohaerentes.
1462 1898 1536 1957 item

241 2017 360 2079 semper
383 2017 443 2058 uon
465 1997 667 2066 cohaerentes,
690 1995 720 2056 id
744 2003 790 2057 est
811 2014 971 2075 numquam
994 1998 1196 2067 cohaerentes,
1213 2006 1283 2059 sunt
1303 1998 1380 2067 illae,
1404 1997 1484 2079 aputl
1507 2005 1576 2058 etas

148 2167 151 2175 ,
241 2120 344 2183 penes.
380 2102 420 2161 ita
443 2101 522 2161 enim
544 2098 621 2168 dico,
644 2098 887 2191 apudtamicum,
912 2118 1005 2179 penes
1026 2098 1168 2168 arbitros;
1191 2119 1250 2160 non
1272 2119 1430 2181 possumus
1444 2118 1535 2162 unam

241 2211 356 2285 partem
378 2203 521 2263 orationis
545 2199 657 2270 iacere,
681 2200 903 2280 apudamicum,
926 2210 960 2262 ut
981 2203 1020 2263 sit
1040 2220 1099 2264 una
1121 2220 1192 2282 pars
1214 2204 1370 2274 orationis,
1403 2221 1461 2264 nee
1482 2221 1536 2284 pe·

184 2331 186 2335 ¹
241 2304 424 2368 nesarbitros
445 2310 543 2384 potest
563 2301 736 2364 cohaerere.
777 2303 909 2384 reliquae
933 2321 1002 2364 vero
1032 2313 1061 2364 ct
1082 2303 1245 2366 cohaerere
1274 2313 1399 2384 possunt
1421 2311 1451 2365 et
1473 2303 1534 2366 elis·

241 2411 332 2489 iungi,
356 2416 389 2469 ut
411 2414 456 2467 est
477 2413 548 2486 puta
570 2422 641 2484 pro:
673 2424 728 2485 pro
751 2408 845 2466 amico
867 2404 982 2484 loquor,
1006 2424 1075 2467 ecce
1097 2407 1187 2468 modo
1209 2425 1269 2468 non
1291 2405 1440 2475 cohaesit:
1462 2424 1534 2486 pro-

239 2510 317 2580 tulit,
341 2508 428 2571 modo
452 2507 594 2603 cqhaesit.
624 2505 762 2569 similiter
784 2526 866 2588 prae,
889 2526 962 2587 prae
984 2506 1095 2578 dolore,
1118 2507 1266 2588 praetulit
1297 2507 1434 2569 similiter
1455 2516 1570 2577 antem

241 2622 309 2675 aute
332 2610 482 2691 tempium,
507 2612 532 2671 si
554 2610 636 2671 dicas
657 2608 802 2679 antetulit,
827 2618 859 2671 ut
881 2617 926 2670 est
948 2608 1144 2672 ‘antetulit
1171 2615 1368 2689 gressum'.
1409 2619 1534 2689 possunt

239 2714 307 2776 iliae
329 2732 433 2775 omnes
456 2720 484 2773 et
507 2710 668 2772 cohaerere
691 2719 721 2772 et
741 2711 880 2791 disiungi.
925 2730 998 2790 ergo
1025 2719 1095 2773 sunt
1122 2730 1198 2792 quae
1219 2730 1337 2793 semper
1359 2711 1532 2781 cohaerent,

239 2825 272 2879 ut
293 2815 443 2884 conduco;
466 2822 535 2875 sunt
556 2831 632 2894 quae
653 2831 771 2892 semper
793 2814 1012 2882 discernuntur,
1036 2821 1069 2874 ut
1090 2813 1168 2894 apud
1190 2821 1221 2875 et
1241 2832 1347 2894 pencs;
1371 2820 1442 2873 sunt
1456 2829 1534 2891 quae

240 2928 270 2981 et
291 2919 453 2981 cohaerent
481 2924 511 2977 et
531 2916 752 2985 discernuntur,
785 2925 816 2977 ut
843 2913 976 2993 reliquae
998 2934 1110 2977 omncs.
1155 2918 1229 2977 istae
1251 2925 1320 2977 sunt
1348 2933 1420 2994 ergo
1443 2934 1533 2996 prae·

238 3023 410 3103 positiones.
1545 3037 1570 3081 as

121 3135 181 3198 uta,
196 3136 225 3183 11
324 3123 540 3204 Praepositioni
562 3139 656 3181 unum
679 3120 795 3190 accidit,
819 3139 905 3182 casus
927 3129 1052 3192 tautum,
1077 3141 1132 3183 uec
1155 3140 1259 3183 omnes
1281 3139 1367 3183 casus
1381 3119 1462 3200 apud
1477 3119 1533 3181 La·

239 3231 326 3297 ticos,
349 3227 402 3288 sed
425 3223 484 3286 ‹luo
507 3231 631 3293 mutum,
654 3226 837 3285 aecusativus
859 3232 888 3285 et
915 3222 1066 3285 ablaticus.
1111 3223 1235 3303 legimus
1262 3225 1378 3284 iunctas
1403 3240 1534 3302 praepo·

238 3333 360 3392 sitiones
383 3335 412 3389 et
434 3328 530 3389 dativo
552 3328 642 3397 casui,
665 3328 781 3387 iunctas
802 3328 1037 3406 praepositiones
1059 3334 1090 3387 et
1109 3328 1246 3405 genetivo
1269 3327 1359 3387 casui.
1390 3323 1443 3385 seu
1466 3324 1532 3386 uhi-

237 3433 289 3494 uhi
310 3434 461 3495 inveneris
476 3429 553 3510 apud
570 3429 690 3490 Latinos
712 3430 961 3509 praepositionem
984 3433 1113 3489 iunctam
1136 3426 1181 3489 vel
1204 3428 1301 3489 dativo
1324 3424 1369 3488 vel
1383 3428 1533 3505 genetivo,

239 3535 366 3595 elocutio
389 3544 444 3602 est,
467 3550 561 3611 genus
584 3539 629 3592 est
651 3530 836 3592 elocutionis.
883 3539 1014 3591 ceterum
1544 3550 1571 3590 ao

440 3652 590 3695 crurum
613 3641 721 3694 tenus
743 3652 759 3694 a
782 3641 903 3693 mento
925 3633 1090 3712 palearia
1113 3632 1293 3712 pendent:

239 3746 323 3799 tenus
357 3738 407 3817 qui
441 3738 552 3798 nesciat
582 3735 832 3815 praepositionem
865 3735 948 3795 esset
984 3753 1104 3796 crurum
1134 3736 1184 3812 qui
1216 3735 1329 3796 nesciat
1361 3735 1532 3812 genetivum

194 3887 198 3894 ,
238 3835 326 3900 erse?
348 3846 379 3898 et
399 3845 500 3899 tamen
522 3856 617 3916 genus
640 3844 684 3896 est
706 3832 906 3922 elooultionis
945 3854 1014 3898 nam
1036 3839 1085 3916 qui
1107 3844 1167 3897 tom
1189 3836 1297 3897 stultus
1320 3843 1374 3905 est,
1397 3843 1431 3896 ut
1452 3834 1534 3898 (licat

239 3941 487 4020 praepositionem
516 3940 725 4000 cohaerentem
755 3940 910 4014 genetivo?
943 3938 1002 3999 uuo
1029 3948 1099 3999 sum
1126 3956 1197 4017 ergo
1225 3956 1311 3998 casus
1343 3938 1395 4017 qui
1427 3943 1533 3999 teuent

229 4043 501 4123 praepositionem,
525 4041 709 4102 accusativus
732 4046 761 4098 et
783 4038 934 4102 ablativus.
967 4041 1045 4121 apud
1061 4041 1182 4101 Latinos
1203 4039 1273 4100 illac
1294 4040 1531 4119 praepositiones
1544 4058 1569 4099 su

240 4143 344 4226 [quae]
373 4152 442 4205 sunt
470 4144 651 4204 accusativae
678 4158 734 4201 uec
761 4151 886 4220 possunt
913 4144 995 4221 iungi
1024 4140 1164 4211 ablativo,
1194 4151 1264 4221 puta
1291 4141 1327 4201 ad
1355 4139 1432 4220 apud
1461 4148 1531 4202 aute

181 4232 183 4234 ’
238 4247 394 4308 adversum
416 4247 459 4307 cis
481 4247 554 4305 citra
578 4252 608 4305 et
630 4242 770 4319 reliquae.
801 4243 874 4303 istae
890 4262 995 4306 omues
1019 4253 1075 4306 tam
1099 4243 1265 4323 singulares
1287 4261 1376 4321 quam
1399 4240 1531 4323 plurales

237 4355 320 4418 suut,
349 4347 426 4428 apud
460 4349 586 4409 amicum
620 4344 698 4425 apud
734 4347 858 4415 amicos,
890 4365 984 4425 penes
1006 4347 1153 4409 arbitrum
1180 4366 1272 4428 penes
1299 4344 1443 4417 arbitros,
1475 4364 1530 4427 per

309 4591 324 4640 7
343 4589 505 4655 aliquidem.
525 4587 611 4639 ABG
658 4585 675 4637 8
695 4593 800 4652 apparet
815 4601 884 4640 corr.
903 4593 959 4635 -ent
975 4585 1000 4634 Α
1018 4593 1141 4652 apparent
1160 4585 1210 4637 BC
1262 4586 1294 4636 14
1313 4585 1373 4635 item
1391 4599 1443 4634 uon
1462 4599 1529 4635 aem-

239 4676 284 4726 per
297 4661 462 4712 cohaerentes
480 4658 562 4709 ΑΒΘ
613 4658 645 4709 21
664 4654 789 4721 antetulit]
812 4657 892 4722 Verp.
910 4656 975 4706 Aen.
995 4657 1029 4706 Vi
1046 4656 1097 4707 uta
1150 4655 1182 4706 31
1202 4654 1314 4723 crurum]
1340 4657 1420 4721 Verg.
1438 4671 1528 4722 georg.

239 4733 272 4781 ili
287 4731 321 4783 53
391 4730 474 4797 pende
492 4745 560 4779 corr.
579 4729 674 4794 pendet
690 4726 715 4776 Α
786 4727 819 4776 32
845 4742 903 4778 esse
923 4728 1012 4789 priore
1036 4728 1091 4779 loco
1109 4742 1155 4779 ora.
1173 4726 1206 4788 A,
1222 4727 1363 4788 posteriore
1380 4741 1426 4779 oea.
1447 4726 1533 4778 Aac

307 4799 342 4852 33
358 4810 409 4851 tom
426 4817 473 4854 om.
489 4801 514 4848 A
520 4799 573 4850 BC
641 4797 675 4848 36
692 4813 757 4859 qnae
777 4805 836 4847 aunt
854 4799 1015 4848 accusatione
1033 4805 1093 4847 sum
1109 4796 1134 4846 A
1153 4810 1218 4859 quae
1232 4805 1291 4845 sunt
1307 4797 1470 4847 accusatiuae
1485 4811 1532 4848 ao·

237 4871 367 4922 cusatiuae
386 4880 445 4921 suut
462 4888 478 4920 a
547 4867 605 4936 nec]
628 4868 715 4917 nouG
