3346 5498
673 327 908 390 cuuuuurvu
1375 327 1439 392 279

1255 436 1413 491 paor-om„

148 517 284 596 praeteri
307 518 371 576 sine
392 517 456 575 sine
479 514 577 575 dubio.
623 517 720 584 iussit,
745 518 798 586 ait,
829 515 956 596 populus
978 516 1128 578 Romanus
1148 519 1306 595 ignoscere
1327 515 1386 577 illis
1408 525 1438 579 et

147 617 206 679 illis
227 627 257 678 et
284 616 343 677 illis
366 624 483 696 praeter
511 614 568 676 illis
592 617 642 696 (sie
665 617 779 678 locutus
803 622 872 697 est),
902 628 1019 695 praeter
1042 619 1254 679 romlemnatis.
1299 619 1438 698 quidest

147 718 235 781 modo
257 721 396 798 praeteri
420 720 483 779 siue
505 720 569 780 siue
592 718 690 779 dubio.
736 739 805 780 eece
828 720 865 780 de
888 722 941 780 ista
964 722 1025 800 ipsa
1050 739 1082 781 re
1108 721 1177 799 quid
1201 720 1327 781 diximus
1348 720 1437 800 paulo

145 822 232 883 antei
261 823 400 901 quoniam
428 822 524 881 omnis
551 822 728 899 praepositio
758 840 878 883 necesse
906 821 994 882 habet
1022 824 1049 883 ei
1071 823 1151 882 casui
1174 823 1270 900 iungi,
1300 823 1331 882 in
1354 824 1438 884 cuius

118 926 211 986 siura
234 925 400 993 transierit,
424 922 451 982 id
476 930 521 982 est
544 924 573 982 in
596 924 678 982 cuius
700 924 943 1017 significationem
960 924 1120 985 transierit.
1149 925 1211 984 sine
1235 923 1329 1001 qualis
1351 943 1435 1003 prae-

144 1027 251 1105 positio
274 1027 338 1086 estl
361 1023 499 1093 ablativa,
522 1027 586 1085 sine
610 1024 733 1104 templo,
758 1028 822 1085 sine
846 1025 975 1086 homine.
1020 1043 1092 1103 ergo
1115 1027 1251 1105 quoniam
1274 1028 1327 1086 ista
1351 1045 1436 1105 prae·

143 1129 252 1208 positio
275 1129 333 1188 iam
358 1144 416 1187 uon
440 1127 685 1203 significationem
708 1146 790 1187 suam
815 1126 911 1196 isabel,
936 1127 988 1187 sed
1011 1129 1118 1187 transit
1141 1129 1169 1188 in
1193 1129 1435 1205 significationem

143 1229 267 1292 alterius
290 1230 531 1309 praepositionis,
561 1246 682 1289 necesse
711 1229 813 1290 habuit
841 1230 867 1290 ei
890 1231 970 1289 casui
999 1231 1095 1306 iungi,
1125 1231 1171 1289 cui
1194 1231 1325 1307 iungitur
1348 1248 1381 1290 ea
1404 1232 1433 1290 iu
1516 1229 1520 1236 “

143 1333 227 1392 cuius
255 1332 498 1408 significationem
526 1331 647 1391 transiit.
694 1339 722 1390 ot
751 1330 806 1390 hoc
836 1348 890 1407 per
918 1328 981 1390 illas
1008 1349 1119 1391 omnes·
1167 1349 1237 1409 ergo
1262 1331 1341 1391 rides
1363 1351 1434 1411 quo·

105 1449 131 1487 1⁰
145 1435 225 1495 uiam
241 1453 301 1495 nou
317 1434 419 1494 vitiose
441 1432 530 1492 locuti
554 1442 636 1501 sunt,
661 1433 713 1493 sed
736 1432 906 1492 secundum·
923 1432 1077 1492 rationem.
1109 1451 1164 1493 nos
1179 1441 1277 1494 autem
1300 1441 1436 1512 putamus
1467 1477 1473 1483 -

144 1535 212 1596 ideo
239 1537 325 1596 istam
354 1554 418 1595 esse
448 1524 595 1602 vitiosam,
625 1536 691 1613 qrxia
715 1535 840 1612 primam
869 1537 963 1614 ipsam
987 1535 1160 1612 positionem
1184 1534 1317 1596 volumus
1339 1537 1435 1597 inten-

144 1637 230 1708 dere,
261 1656 320 1697 non
349 1635 591 1714 significationem
626 1637 718 1714 ipsius
752 1633 918 1716 [primam].
965 1643 1095 1696 ceterum
1123 1638 1146 1696 si
1175 1637 1309 1697 conleras
1338 1646 1366 1697 to
1398 1636 1435 1698 ad

144 1739 403 1819 significationem,
427 1740 558 1798 invenies
581 1740 695 1815 integra
718 1739 837 1797 ratione
854 1757 920 1797 esse
943 1736 1082 1798 locutum.
1108 1736 1111 1817 ζ

229 1841 307 1902 Dixit
340 1858 426 1900 unam
461 1859 524 1899 rem
554 1858 651 1900 reram
681 1838 813 1918 quidem,
842 1838 893 1899 sed
922 1858 955 1908 ex
987 1847 1069 1918 parte
1099 1841 1126 1898 ei
1155 1857 1215 1900 non
1243 1840 1535 1912 credendamtuus

105 1943 239 2004 uomnis
266 1942 459 2022 praepositio,
488 1943 541 2010 ait,
571 1950 629 2001 tam
659 1940 708 2000 diu
728 1941 915 2018 vpraepositio
946 1950 1003 2010 est,
1035 1959 1123 2020 quam
1152 1941 1201 2001 diu
1224 1921 1534 2020 praeponitur;⁴⁴³’⁴

144 2045 305 2124 postposita
332 2053 430 2104 autem
459 2052 623 2115 etnomen
652 2050 682 2102 et
709 2043 953 2120 significationem
970 2044 1137 2123 ‚propriam
1167 2043 1281 2103 amittit.
1328 2041 1433 2105 laisum

146 2154 203 2206 est:
224 2153 323 2226 potest
350 2147 427 2205 enim
457 2146 628 2224 praeposita·
654 2152 683 2203 et
706 2162 813 2204 nomen
837 2153 940 2204 tenere
964 2154 993 2204 et
1015 2145 1257 2223 significationem
1281 2146 1433 2223 propriam

146 2254 260 2316 teuere;
285 2255 397 2314 tamen,
421 2249 476 2306 etsi
500 2247 659 2325 postposita
683 2245 784 2314 luerit,
815 2245 912 2307 adhue
936 2264 1044 2306 nomen
1068 2265 1153 2307 sruxm
1178 2254 1267 2307 tenet.
1304 2246 1434 2308 Donatus

144 2367 230 2427 quem
260 2349 294 2408 ad
325 2347 445 2408 modum
474 2348 558 2417 dixit,
588 2366 692 2407 sensus
720 2366 807 2407 rerus
829 2354 888 2415 est,
913 2350 1064 2426 expressio
1087 2333 1146 2408 min
1170 2357 1214 2408 est
1238 2347 1335 2426 plena.
1380 2348 1433 2409 sed

104 2459 175 2512 astu
197 2450 274 2512 hauc
297 2453 441 2511 rationem
465 2458 547 2511 tene:
571 2451 750 2528 praepositio
767 2459 824 2509 tam
841 2448 890 2509 diu
909 2444 958 2513 ‘est
980 2469 1013 2510 re
1037 2468 1105 2509 rera
1129 2451 1321 2528 praepositio,
1346 2469 1432 2529 quam

143 2553 191 2615 diu
214 2554 421 2631 praeponitur,
451 2560 482 2611 ut
510 2560 578 2612 ante
609 2550 764 2629 templum,
793 2560 861 2630 post
888 2560 1018 2632 tempus:
1047 2558 1113 2630 post
1135 2554 1314 2630 praepositio
1337 2561 1382 2612 est
1404 2562 1434 2614 et

143 2656 349 2734 praeponitur,
379 2662 408 2714 et
435 2654 499 2713 iure
528 2662 625 2715 serrat
653 2661 683 2713 et
705 2672 812 2717 nomeu
835 2673 919 2714 suum
943 2662 973 2714 et
999 2653 1249 2732 significationem.
1296 2655 1383 2714 etiarn
1407 2654 1432 2714 si

99 2779 101 2781 ¹
143 2765 336 2837 postponatur
363 2758 428 2835 ipso
456 2775 524 2816 casu
552 2763 706 2826 manente,
737 2757 783 2816 oui
812 2755 986 2834 iungebatur
1009 2756 1190 2834 praeposita,
1221 2753 1311 2816 nihilo
1334 2757 1432 2817 minus

142 2861 327 2938 praepositio
362 2865 420 2927 est,
455 2864 523 2937 puta
555 2866 621 2937 post
645 2867 778 2936 tempus,
810 2866 926 2935 tempus
953 2867 1033 2936 post,
1056 2859 1193 2936 quoniam
1218 2866 1247 2918 et
1270 2858 1325 2917 hae
1348 2867 1432 2937 parte

101 2961 207 3041 ssipse
229 2979 315 3020 casus
338 2967 395 3032 est,
425 2967 454 3018 et
475 2958 523 3045 illa
554 2967 643 3037 parte¹
660 2961 722 3039 ipse
744 2978 831 3020 rasus
854 2967 911 3028 est,
941 2959 1121 3039 praepositio
1143 2967 1196 3019 est.
1242 2961 1431 3021 econtrario

140 3064 167 3122 si
193 3069 288 3122 mutet
314 3079 429 3130 rasum,
460 3062 519 3121 iam
547 3078 606 3120 uon
635 3070 678 3121 est
705 3062 896 3140 praepositio,
933 3068 964 3120 ut
991 3061 1015 3119 si
1042 3059 1123 3120 dicas
1151 3062 1236 3140 ‘post
1267 3066 1429 3140 tempore’,

141 3163 273 3240 ‘longo
300 3171 383 3242 post
411 3171 578 3241 temporo
607 3165 733 3223 veuit'.
780 3165 837 3223 iam
860 3163 1009 3240 qrroniam·
1023 3162 1144 3222 mutarit
1166 3181 1282 3230 rasum,
1308 3181 1432 3223 necesse

141 3262 284 3324 habetet
312 3263 373 3323 illie
401 3283 509 3324 nomen
532 3272 730 3332 commutare,
754 3272 783 3323 ot
806 3261 893 3322 lralxet
916 3263 1086 3323 adverbium
1110 3266 1183 3324 deri.
1227 3265 1356 3325 llouatus
1379 3284 1428 3325 au·

140 3375 202 3426 tem
224 3365 298 3425 dixit
320 3368 396 3425 ‘tam
419 3365 468 3424 diu
492 3367 672 3444 praepositio
696 3373 756 3434 rst,
781 3364 941 3442 quamdiu
964 3367 1170 3444 praeponitur;
1195 3368 1355 3446 postposita
1379 3385 1430 3426 au·

100 3486 127 3527 ao
142 3476 201 3529 tem
225 3469 323 3527 statim
346 3467 515 3526 adrerlxium
540 3473 611 3552 est{.
649 3467 752 3527 laisum
776 3474 834 3526 est:
860 3485 927 3526 uam
950 3476 980 3527 et
1002 3467 1163 3546 postposita
1185 3476 1281 3546 polest
1305 3469 1431 3528 inveniri

140 3570 331 3649 praepositio.
375 3571 400 3629 si
423 3571 500 3628 enim
524 3569 604 3629 dicas
627 3573 761 3648 ‘ternpus
784 3572 877 3648 post’,
907 3585 966 3644 quo
989 3569 1076 3628 modo
1099 3573 1281 3630 ‘transtra
1309 3588 1373 3648 per
1396 3579 1431 3630 et

141 3677 287 3744 remos’,
314 3673 316 3749 ᾗ
343 3689 412 3729 ecre
436 3673 596 3750 postposita
620 3681 677 3740 est,
704 3679 733 3730 et
755 3668 847 3731 nihilo
870 3671 966 3729 minus
988 3672 1166 3750 praepositio
1190 3679 1244 3732 est.
1276 3689 1346 3748 ergo
1371 3689 1429 3732 nou

142 3772 255 3833 ridetur
278 3772 352 3832 male
376 3771 568 3839 intellexisse,
599 3773 650 3832 sed
674 3771 895 3839 maledixisse,
921 3791 983 3832 rem
1006 3773 1101 3850 ipsam
1124 3791 1183 3832 non
1208 3771 1285 3832 bene
1308 3791 1429 3852 expres·

139 3877 229 3942 sisse;
260 3883 391 3934 cetorum
420 3893 539 3934 serrsum
568 3876 716 3951 integrum
744 3876 855 3952 posuit,
886 3875 1119 3953 praepositiones
1147 3874 1321 3954 plerumque
1345 3893 1429 3953 prae-

99 3978 211 4057 aspoui
245 3974 349 4035 solent,
387 3975 456 4051 quid
492 3984 536 4035 est
572 3983 670 4036 autem
708 3977 876 4055 praeposita
915 3975 958 4034 vel
996 3977 1173 4055 postposita,
1212 3977 1338 4036 diximus
1371 3979 1428 4037 ium

139 4078 286 4157 superius.

225 4178 471 4257 Praepositionos,
495 4179 612 4259 quando
636 4177 715 4239 solae
738 4188 814 4248 sunt,
838 4179 1011 4259 plerumque
1028 4181 1107 4259 ipsae
1129 4189 1288 4248 acuuntur;
1312 4179 1429 4260 quando

210 4383 223 4433 l
244 4383 348 4448 ignosce
365 4384 415 4434 illis
431 4383 502 4434 uua
572 4382 588 4433 3
606 4397 662 4431 ecee
682 4383 713 4431 de
728 4384 775 4432 ista
793 4383 850 4447 ipsa
868 4398 893 4431 re
911 4383 956 4432 doc
974 4385 1028 4432 loeo
1041 4399 1088 4435 om.
1107 4383 1158 4434 Bo
1227 4383 1301 4448 paulo
1320 4392 1377 4432 anto
1394 4383 1428 4432 Cb

140 4451 216 4518 paulo
235 4450 292 4516 pos't
311 4453 336 4501 B
409 4456 439 4504 12
457 4455 553 4518 prinmo
572 4463 697 4501 caeterum
717 4454 757 4502 A?
772 4468 841 4506 corr,
862 4454 969 4516 primam
989 4464 1014 4502 et
1032 4463 1143 4502 ceterum
1162 4470 1178 4502 a
1198 4455 1304 4518 primam
1320 4463 1344 4502 et
1361 4463 1426 4500 roto·

139 4538 195 4572 rum
218 4531 343 4584 expuncto
361 4524 423 4572 etB
492 4524 521 4572 li
543 4533 624 4587 potest
646 4524 711 4572 enim
737 4523 881 4587 praeposito
900 4539 916 4570 a
940 4531 1023 4587 potest
1044 4524 1198 4588 praepositio
1218 4524 1242 4572 Α
1260 4530 1341 4587 potest
1360 4523 1427 4571 enim

139 4593 296 4657 praepositio
318 4593 367 4641 BC
419 4595 451 4643 '2¹2
470 4602 493 4640 et
513 4594 552 4641 ius
571 4592 699 4641 seruatB
751 4593 785 4641 ⁰27
803 4588 889 4658 longo]
916 4594 994 4656 Verp.
1013 4592 1092 4646 bucol.
1115 4595 1138 4654 1,
1155 4591 1190 4642 30
1253 4591 1285 4642 ³1
1306 4589 1424 4656 transtra]

143 4663 224 4726 Verp.
245 4662 308 4711 Aea.
324 4663 345 4707 V
362 4662 413 4712 663
466 4662 499 4712 33
519 4665 678 4725 expressisse
696 4661 733 4711 ad
752 4677 874 4727 expresse
887 4662 959 4711 Anu
1010 4662 1044 4712 34
1062 4663 1262 4727 praepositiones
1280 4661 1427 4725 plerumque

137 4731 274 4797 (praeponi
293 4732 354 4784 add,
366 4734 396 4794 a)
416 4733 497 4782 solent
513 4733 574 4794 quid
594 4742 632 4781 est
650 4740 733 4781 autem
752 4732 898 4798 praeposita
916 4731 955 4780 uel
976 4733 1116 4798 postposita
1134 4731 1245 4779 diximus
1264 4729 1336 4779 An?
1354 4745 1426 4795 prae·

138 4802 279 4867 positiones
298 4802 445 4866 plerumque
461 4803 541 4852 solent
561 4802 662 4864 quidem
679 4803 799 4867 praeponi
818 4800 858 4850 uel
877 4802 994 4867 postponi
1013 4811 1039 4851 nt
1058 4802 1168 4850 diximus
1189 4800 1227 4850 Ob
