3346 5498
265 365 325 431 176
829 369 983 431 ΡΟΜΡΕΠ

287 476 446 531 pter-att.

262 576 418 618 nnmerum
442 575 500 617 non
524 555 645 626 haheat,
667 555 721 617 sed
743 565 774 617 ut
796 555 969 618 alterutrum
986 574 1045 617 non
1062 555 1182 626 lrabeat,
1204 557 1233 616 id
1258 564 1302 618 est
1324 566 1375 618 aut
1398 577 1553 621 numerum

261 658 440 737 singularem
464 665 514 718 aut
537 676 693 719 numerum
716 653 871 738 pluralem.
908 661 1100 720 inveniuntur
1122 658 1218 738 aliqua
1240 660 1360 721 nomina
1383 680 1459 740 quae
1481 662 1552 722 deii-

262 762 345 822 cinnt
370 763 400 820 in
429 779 554 821 numero
582 760 739 839 singulari,
769 760 863 840 aliqua
893 781 968 841 quae
997 760 1139 822 deliciunt
1163 763 1193 821 in
1217 780 1342 823 numero
1364 763 1481 843 plurali.
1526 771 1569 838 et¹

262 861 312 923 dat
334 862 467 942 exempla
495 864 525 923 in
548 880 670 942 genera:
700 862 737 923 de
767 862 901 943 exemplo
925 862 981 923 hoc
1003 861 1170 941 colligimus
1191 883 1246 945 per
1269 882 1386 943 genera.
1431 874 1501 945 puta
1521 867 1552 925 in

261 981 371 1042 genere
395 964 556 1026 masculino
580 983 655 1042 quac
678 974 747 1026 sunt
769 967 888 1027 nomina
910 972 1025 1025 tantum
1040 963 1130 1025 modo
1153 968 1269 1026 numeri
1292 966 1459 1045 singularis,
1481 969 1580 1028 itema

261 1075 427 1146 quaesunt
455 1075 568 1128 tautum
594 1067 682 1128 modo
708 1066 839 1146 pluralis.
885 1065 949 1126 vide
973 1068 1055 1144 quia,
1079 1066 1287 1147 quodcumque
1309 1068 1362 1129 tibi
1385 1069 1435 1131 dat
1457 1089 1553 1130 exem·

260 1167 360 1249 plum,
390 1170 439 1230 dat
466 1169 628 1231 secundum
659 1178 767 1242 artem,
795 1187 833 1229 ne
855 1185 994 1229 recurras
1016 1166 1052 1228 ad
1075 1171 1278 1230 anctoritatem
1301 1180 1332 1232 et
1353 1191 1475 1252 rumpas
1498 1172 1555 1233 hoc

142 1273 202 1335 432,
217 1275 248 1324 18
260 1271 358 1350 ipsum
388 1271 465 1350 quod
493 1273 642 1357 proponit.
688 1270 778 1331 multa
808 1273 885 1330 enim
917 1271 1064 1330 contraria
1089 1278 1166 1332 sunt.
1211 1273 1241 1331 in
1264 1289 1390 1333 numero
1412 1273 1554 1351 singulari

261 1390 371 1451 genere
390 1373 567 1443 masculino,
591 1383 624 1434 ut
646 1371 754 1453 pulvis:
778 1390 867 1433 nemo
882 1372 953 1432 dicit
967 1371 1120 1451 pulveres;
1145 1371 1196 1432 sed
1214 1381 1311 1434 tamen
1328 1371 1401 1435 dixit
1416 1375 1554 1445 Horatius

412 1473 655 1536 novendiales
677 1475 865 1554 dissipare
889 1473 1072 1553 pulveres.
1566 1492 1592 1532 ιο

260 1577 315 1636 iste
338 1576 374 1637 ad
398 1579 601 1639 auctoritatem
624 1576 725 1645 rediit;
750 1585 848 1638 tamen
872 1574 964 1636 deiros
986 1573 1084 1655 sciret
1108 1578 1225 1637 numeri
1247 1585 1362 1639 tantum
1385 1578 1472 1639 modo
1494 1581 1554 1641 sin·

260 1677 372 1757 gularis
395 1698 461 1740 esse
484 1679 541 1740 hoc
563 1681 668 1760 ipsum.
714 1687 743 1740 et
766 1687 809 1739 est
831 1696 928 1739 causa.
966 1696 1022 1757 qua
1045 1678 1177 1738 ratione?
1200 1698 1249 1740 res
1272 1682 1350 1740 enim
1373 1682 1428 1741 ista
1449 1682 1554 1742 indivi-

261 1780 317 1841 dua
352 1789 396 1841 est
428 1800 483 1842 nec
516 1789 612 1861 potest
645 1781 755 1842 hahere
792 1783 968 1847 sectionem;
1003 1786 1032 1839 et
1060 1782 1198 1859 qnoniam
1227 1800 1286 1841 non
1314 1790 1411 1860 potest
1443 1783 1553 1845 habere

262 1885 433 1952 sectionem,
458 1901 516 1944 non
540 1890 638 1963 potest
661 1881 772 1944 habere
791 1901 947 1944 numerum
971 1880 1126 1961 pluralem.
1157 1882 1268 1961 pulvis:
1293 1884 1436 1960 numquid
1459 1894 1555 1965 potest

260 1983 317 2046 hoc
340 1986 407 2047 loco
431 2005 497 2047 esse
520 1986 675 2047 dimidium
697 1985 793 2064 pulvis
809 1985 854 2045 vel
876 1983 926 2044 illo
950 1983 1015 2044 loco
1038 2003 1101 2044 esse
1125 1983 1277 2044 dimidium
1300 1985 1412 2064 pulvis?
1435 1996 1593 2048 natura-15

261 2089 330 2148 liter
356 2089 418 2167 ipsa
448 2107 497 2149 res
524 2088 674 2150 individua
698 2098 758 2156 est;
786 2086 897 2147 idcirco
919 2089 949 2146 in
972 2105 1096 2146 numero
1119 2085 1261 2164 singulari
1285 2093 1335 2168 est
1375 2106 1446 2167 ergo
1468 2109 1554 2150 usur·

260 2191 357 2268 pative
384 2189 433 2250 ille
463 2194 570 2270 posuit.
616 2179 687 2251 item
715 2188 764 2250 liic
792 2191 926 2267 sanguis,
955 2189 985 2248 hi
1015 2190 1172 2267 sanguines
1201 2207 1260 2249 non
1288 2188 1397 2249 lectum
1421 2199 1481 2259 est,
1505 2191 1554 2252 iric

261 2310 364 2361 cruor,
389 2290 419 2351 lri
443 2311 567 2354 cruores
590 2293 722 2371 legimus,
747 2299 777 2352 et
799 2291 856 2350 hoc
879 2291 1056 2369 usurpative.
1089 2309 1158 2351 ecce
1180 2288 1272 2350 habes
1294 2293 1413 2352 nomina
1436 2296 1554 2370 generis

261 2394 415 2455 masculini
442 2396 558 2455 numeri
586 2401 699 2455 tautum
728 2393 819 2473 modo
839 2393 1007 2471 singularis.
1051 2395 1122 2453 item
1145 2394 1175 2452 in
1198 2410 1309 2470 genere
1331 2394 1474 2454 feminino
1498 2413 1550 2455 nu-

261 2499 335 2557 meri
362 2505 476 2557 tantum
505 2496 662 2575 singularis
690 2496 763 2556 haec
793 2514 862 2575 pax,
893 2494 947 2557 hae
975 2514 1065 2574 paces
1094 2512 1152 2554 non
1181 2494 1266 2562 lacit;
1295 2494 1368 2555 haec
1394 2494 1461 2565 lux,
1497 2497 1593 2557 haeso

260 2598 341 2659 luces
363 2617 422 2659 non
445 2600 522 2660 lacit.
568 2608 727 2676 utrumque
755 2605 852 2658 tamen
882 2595 990 2658 lectum
1020 2604 1078 2657 est:
1108 2594 1199 2657 hahes
1221 2597 1250 2654 in
1274 2595 1413 2657 Sallustio
1436 2597 1552 2659 ‘bella

260 2709 367 2778 atque
395 2706 533 2780 paces'.
579 2702 650 2761 item
678 2703 708 2761 iu
742 2719 852 2777 genere
885 2707 992 2760 neutro
1028 2699 1144 2759 numeri
1174 2705 1286 2758 tantum
1317 2698 1490 2777 singularis,
1522 2710 1553 2761 ut

260 2821 363 2862 aurum
387 2802 485 2865 oleum
508 2803 661 2872 hordeum,
682 2813 710 2862 et
733 2800 870 2880 quicquid
888 2800 923 2861 ad
947 2800 1062 2881 pondus
1084 2818 1291 2860 mensuramve
1314 2801 1451 2862 retertur.
1481 2804 1551 2863 item

261 2905 381 2964 nomina
397 2907 514 2966 numeri
532 2914 643 2966 tantum
660 2902 781 2983 pluralis
796 2905 826 2964 in
843 2920 953 2982 genere
968 2901 1139 2973 masculino,
1160 2907 1300 2963 cancelli:
1323 2922 1382 2963 non
1397 2922 1552 2982 possumus

260 3007 361 3067 dicere
384 3005 556 3067 cancellum.
603 3007 678 3068 malc
702 3025 773 3084 ergo
796 3004 897 3066 dicunt
918 3005 1006 3065 ‘tolle
1028 3002 1192 3065 cancellum
1202 3008 1221 3074 ⁹,
1247 3004 1298 3064 sed
1322 3005 1447 3066 dicimus
1469 3006 1551 3067 ‘tolle
1565 3024 1592 3065 aa

259 3107 434 3169 cancellos’.
480 3118 510 3169 et
536 3109 731 3170 reddiderunt
759 3107 893 3187 plerique
917 3109 1075 3176 rationem,
1105 3102 1109 3182 Ι
1133 3108 1270 3185 quoniam
1294 3125 1353 3167 non
1376 3114 1474 3186 potest
1496 3110 1553 3169 ista

260 3229 309 3271 res
331 3210 368 3270 de
390 3230 446 3271 una
470 3229 503 3271 re
526 3213 605 3281 lieri,
629 3211 681 3272 sed
705 3210 742 3270 de
765 3208 873 3271 multis.
919 3209 1031 3270 idcirco
1054 3208 1209 3268 voluerunt
1226 3211 1341 3270 numeri
1365 3228 1431 3302 esse
1451 3211 1551 3291 plura-

258 3313 305 3374 lis.
336 3312 449 3374 idcirco
470 3332 592 3392 scopae,
616 3315 756 3394 qnoniam
779 3313 816 3372 de
839 3312 940 3372 multis
969 3319 1105 3372 constant
1127 3311 1229 3388 virgis,
1260 3313 1375 3371 numeri
1398 3320 1465 3373 sunt
1487 3312 1556 3392 pln-

259 3415 339 3476 ralis.
384 3416 496 3476 idcirco
526 3418 612 3476 ctiam
641 3415 750 3489 scalae,
781 3413 892 3475 idcirco
926 3416 1013 3474 etiarn
1041 3412 1217 3490 quadrigae,
1253 3411 1291 3472 ob
1318 3412 1394 3474 hanc
1423 3434 1550 3485 causam,

259 3517 458 3594 quoniamde
481 3518 605 3595 singulis
628 3517 718 3579 rebus
747 3536 806 3586 non
834 3525 916 3585 sunt,
940 3514 1052 3575 idcirco
1075 3515 1192 3575 numeri
1214 3522 1283 3575 sunt
1304 3514 1434 3594 pluralis.
1480 3513 1551 3596 ergo
1565 3534 1590 3573 oo

181 3619 186 3631 ’
259 3629 329 3679 sunt
351 3621 468 3680 nomina
492 3621 610 3697 generis
639 3620 793 3680 masculini
825 3618 944 3680 numeri
972 3624 1085 3678 tantum
1111 3615 1250 3696 pluralis,
1279 3635 1381 3678 manes
1410 3618 1550 3689 Quirites.

258 3719 387 3798 legimus
410 3727 439 3804 et
462 3719 588 3800 [genere
611 3720 788 3799 masculino]
812 3721 930 3781 numeri
952 3717 1112 3798 singularis
1134 3718 1295 3790 Quiritem,

411 3824 495 3902 quis
517 3832 550 3883 te
574 3822 772 3900 redonavit
793 3821 983 3893 Quiritem.

260 3923 347 3984 liuius
375 3926 573 3986 nominativus
602 3926 657 3985 crit
685 3925 831 3996 Quirites:
862 3943 920 3986 non
948 3943 1037 4003 quem
1065 3921 1244 3983 admodum
1269 3922 1354 4002 vulgo
1377 3925 1550 4002 loquuntur,

259 4025 310 4085 sed
327 4026 457 4098 Quirites
480 4028 521 4086 sic
545 4025 653 4088 lectum
678 4034 730 4087 est.
761 4008 833 4086 ilem
856 4029 972 4088 numeri
994 4033 1108 4087 tantum
1131 4025 1219 4085 modo
1242 4024 1365 4104 pluralis
1387 4028 1416 4086 in
1439 4047 1552 4106 genere
1566 4043 1592 4084 ae

258 4128 414 4198 feminino,
451 4128 599 4189 nundinae
632 4129 723 4189 leriae
751 4129 917 4208 quadrigae
945 4145 1068 4208 mappae
1097 4128 1224 4205 nuptiae.
1271 4147 1340 4187 erice
1369 4127 1426 4188 hoc
1454 4131 1551 4209 ipsum

329 4317 339 4366 l
363 4317 407 4365 sed
426 4327 452 4365 nt
471 4317 617 4366 alterutrum
634 4333 681 4366 non
701 4317 791 4367 lrabeat
808 4333 852 4367 om.
872 4317 906 4378 A,
922 4318 984 4367 add.
998 4332 1014 4365 c
1085 4315 1100 4363 4
1120 4313 1167 4364 hoe
1184 4315 1327 4381 colligimus
1345 4331 1413 4369 corr.
1435 4316 1482 4366 hoc
1499 4319 1552 4367 col·

258 4385 696 4453 legimusBlrocrollegimuan
716 4387 835 4438 hocloco
861 4388 1009 4451 collegimus
1027 4384 1052 4432 A
1124 4394 1185 4448 puta
1211 4387 1237 4433 in
1255 4401 1350 4451 genere
1369 4413 1402 4424 -
1421 4386 1437 4434 ii
1456 4403 1550 4452 genere

258 4458 399 4506 masculino
417 4468 443 4505 ιιι
461 4474 505 4506 orn.
528 4460 551 4505 A
567 4461 592 4508 in
609 4459 685 4508 litora
702 4462 773 4508 unirer
792 4474 887 4519 vernus,
906 4457 1002 4508 addo
1056 4454 1072 4504 il
1092 4457 1137 4504 sed
1155 4470 1200 4507 orn.
1218 4455 1252 4516 A,
1272 4457 1366 4509 adda
1418 4456 1547 4523 Horatius]

258 4527 441 4588 epod.li,48
513 4528 546 4578 10
569 4527 772 4578 nouendialisA
844 4529 875 4578 ll
899 4525 1005 4575 reditA
1078 4525 1108 4574 12
1129 4523 1177 4573 hoc
1196 4525 1273 4590 ipsud
1290 4525 1481 4587 nemea

259 4595 292 4646 ta
316 4605 340 4646 et
358 4598 476 4659 quoniam
501 4612 549 4647 nou
573 4598 765 4662 potesthabere
787 4599 925 4648 sectionem
947 4595 1021 4645 Bca
1040 4594 1097 4644 ideo
1117 4595 1141 4642 A
1214 4595 1244 4644 tt
1265 4593 1308 4644 illa
1327 4598 1412 4660 posuit
1431 4597 1481 4647 BG

258 4667 288 4716 21
310 4665 388 4717 habes
406 4685 452 4720 our.
473 4669 498 4716 A
570 4669 593 4716 in
609 4665 742 4733 Sallustio]
765 4669 820 4734 lag.
841 4667 889 4731 31,
908 4666 942 4718 20
1011 4666 1043 4715 24
1063 4666 1121 4713 item
1141 4665 1242 4713 nomina
1260 4666 1356 4714 numeri
1376 4674 1471 4715 tantum
1492 4665 1550 4731 plu—

257 4735 320 4786 ralis
340 4739 364 4786 iu
383 4753 476 4803 genere
498 4738 640 4789 masculino
658 4740 699 4789 Cn
724 4740 782 4788 item
802 4749 897 4788 tantum
919 4750 1050 4786 nunterum
1071 4735 1192 4799 pluralem
1214 4735 1348 4798 ingerere
1368 4736 1507 4786 masculino
1525 4739 1550 4787 A

258 4805 317 4854 item
336 4807 362 4856 in
380 4823 474 4873 genere
493 4818 581 4858 neutro
603 4811 698 4857 numeri
719 4818 814 4859 tautum
835 4808 940 4873 pluralis
963 4807 988 4854 in
1008 4821 1101 4871 genere
1122 4801 1260 4854 masculino
1276 4804 1301 4854 B
1376 4806 1481 4856 cancelli
1499 4823 1548 4857 om.

257 4875 343 4927 ABG
412 4879 445 4930 26
463 4877 612 4946 plerumque
632 4879 655 4928 A
726 4879 759 4932 33
778 4878 845 4946 quie]
861 4879 927 4931 llor.
944 4893 1021 4930 carra.
1041 4876 1061 4924 ll
1080 4877 1105 4938 7,
1123 4873 1140 4926 3
