3346 5498
639 383 709 445 ARS
739 383 775 444 lV
799 387 826 443 1.
851 387 869 442 2
1333 378 1398 444 465

136 508 157 549 p.
172 493 229 531 eres,
244 491 270 531 ss
284 489 306 529 r.
1212 503 1231 542 μ.
1247 491 1334 530 rar-ta
1348 489 1370 529 t„

261 573 402 639 intuor,
427 570 572 633 lnaclrii
595 580 682 632 sunt
703 572 741 631 bi
766 571 852 641 tibi,
877 574 1046 651 concipe,
1069 589 1193 648 reges:

109 675 189 734 idem
213 676 302 734 etiarn
325 674 405 734 aliud
428 674 465 733 ab
488 694 524 733 eo
545 677 741 753 compositum
764 676 796 735 in
814 674 878 735 vllt
901 674 978 734 libro
993 673 1162 735 Thebaidos
1183 673 1302 742 extulit,
1325 692 1396 733 ron-

110 784 191 853 tttor,
215 783 248 836 ut

138 952 152 961 .
261 898 413 958 namque
436 879 538 939 modo
561 881 733 940 intensos
756 886 867 938 utero
890 879 979 938 milri
1003 886 1161 939 contuor
1184 896 1301 939 enses.
1331 873 1336 958 Ι
1418 875 1425 890 “

83 997 97 1036 s
195 981 261 1041 Sola
291 983 388 1060 itaque
418 983 513 1060 prima
541 983 707 1058 coniugatio
729 980 857 1060 syllabas
879 982 1077 1058 genitivorum
1098 980 1227 1041 nominis
1249 979 1396 1040 custodire

110 1082 185 1142 solet
207 1085 238 1142 in
262 1083 346 1143 verbi
368 1083 569 1152 traductione,
593 1085 703 1143 notatis
725 1083 783 1143 illis
805 1084 908 1161 paucis
930 1081 1187 1143 terminationibus
1202 1083 1233 1142 in
1248 1101 1283 1141 co
1298 1081 1344 1141 vel
1366 1083 1396 1140 in

109 1195 140 1245 to
163 1185 208 1244 vel
231 1188 261 1244 in
285 1186 312 1245 lo
334 1185 379 1244 vel
400 1188 431 1244 in
454 1186 538 1244 cinor
560 1185 606 1244 vel
628 1185 659 1244 in
689 1186 748 1245 cito
771 1185 817 1244 vel
839 1186 870 1245 in
893 1203 930 1244 uo
953 1204 969 1244 a
991 1193 1095 1263 quarta
1117 1184 1314 1245 declinatione
1336 1189 1395 1243 tra·

20 1352 32 1368 ,
84 1283 209 1345 ‘ductis
232 1285 277 1365 [et
305 1288 335 1346 in
357 1289 385 1346 io
407 1307 423 1346 a
445 1284 579 1366 quinta],
608 1293 637 1345 et
664 1270 767 1365 siquae
796 1293 865 1347 sunt
886 1286 960 1346 tales
983 1286 1196 1356 derivationes,
1218 1305 1291 1366 quas
1313 1287 1396 1365 quasi

111 1396 232 1467 praeter
253 1388 378 1448 aliarum
400 1407 512 1449 morem
527 1396 698 1449 crescentes
712 1389 850 1467 superius
872 1387 1109 1459 observavimus;
1132 1387 1184 1448 illo
1206 1407 1323 1468 quoque
1345 1405 1396 1465 ge-

71 1520 97 1558 10
111 1490 266 1559 noratur,
291 1497 323 1550 ut
344 1491 439 1550 omnis
462 1490 640 1568 ambiguitas
662 1490 794 1560 tollatur,
818 1490 966 1559 addendo,
991 1487 1005 1569 l!
1028 1490 1116 1570 quod,
1139 1490 1209 1550 licet
1229 1489 1336 1569 duplex
1359 1491 1398 1550 sit

110 1593 279 1653 terminatio
303 1592 461 1653 latinorum
478 1594 508 1652 in
523 1593 667 1672 positione
683 1592 856 1661 verborum,
880 1593 909 1652 id
932 1599 977 1652 est
999 1600 1050 1652 aut
1072 1611 1089 1651 o
1111 1600 1161 1653 aut
1184 1609 1218 1651 or
1240 1591 1397 1652 indicativo

110 1695 262 1772 praesenti
291 1695 443 1764 desinens,
473 1693 585 1774 absque
614 1696 777 1774 corruptis,
807 1714 882 1774 quae
913 1693 1024 1772 regulis
1052 1693 1202 1772 analogiae
1224 1700 1342 1762 carent,
1365 1699 1400 1753 ut

110 1814 177 1855 sum
200 1813 232 1855 es
254 1802 313 1864 est,
337 1816 458 1875 possum
479 1816 602 1876 prosum
626 1797 682 1857 edo
697 1805 726 1857 et
742 1797 902 1867 similibus,
925 1796 1079 1857 sciendum
1102 1797 1199 1856 estin
1222 1813 1256 1855 or
1278 1795 1400 1875 quidem

110 1897 273 1958 desinentia
296 1897 397 1967 verba,
420 1901 444 1959 si
467 1901 580 1978 passiva
603 1901 672 1968 sint,
695 1917 816 1959 suorum
832 1901 993 1960 activorum
1009 1898 1245 1975 coniugationcm
1268 1916 1398 1967 servare,

72 2025 97 2066 ιο
111 2000 140 2058 id
163 2007 224 2068 est,
247 2000 308 2059 sive
331 2000 439 2061 vocalis
460 2017 513 2061 seu
536 2018 702 2062 consonans
724 2002 763 2061 sit
784 2007 852 2061 ante
874 2021 907 2069 ο,
939 2000 1038 2062 addita
1061 2019 1077 2060 r
1099 2000 1198 2060 littera
1220 2018 1279 2060 non
1302 2007 1399 2061 muta·

112 2108 160 2161 tur
182 2102 365 2178 coniugatio,
389 2105 413 2162 si
437 2110 607 2182 permaneat
630 2103 733 2162 eadem
756 2101 839 2162 verbi
862 2103 1053 2180 significatio,
1077 2109 1109 2163 ut
1131 2119 1203 2161 curo
1225 2120 1324 2172 curor,
1347 2102 1398 2163 do·

111 2203 165 2263 ceo
186 2203 311 2272 doceor,
341 2204 439 2265 scribo
468 2204 597 2274 scribor,
626 2205 712 2264 audio
734 2203 853 2275 audior;
878 2212 990 2266 mutato
1012 2223 1083 2265 vero
1105 2221 1216 2281 genere
1239 2204 1285 2264 vel
1307 2205 1399 2282 signi·

112 2307 246 2366 ticatione
269 2306 367 2375 verbi,
392 2307 461 2367 licet
483 2307 555 2367 nibil
578 2306 656 2367 aliud
679 2307 736 2367 nisi
758 2325 773 2366 r
795 2307 944 2377 adsumat,
969 2315 1067 2368 tamen
1090 2325 1148 2367 non
1172 2306 1309 2368 observat
1331 2325 1399 2367 eau-

112 2409 179 2467 dem
198 2410 444 2484 coniugatiouem,
461 2417 493 2470 ut
504 2428 614 2488 sperno
629 2411 747 2488 spernis
758 2427 885 2489 sperner
900 2411 1066 2490 sperneris,
1088 2427 1232 2489 aspernor
1249 2408 1401 2487 deponens

71 2538 98 2576 zo
112 2511 298 2589 aspernaris;
321 2513 471 2590 conspicio
493 2513 642 2591 conspicis
664 2513 776 2591 aspicio
798 2514 905 2591 aspicis
928 2514 1096 2592 conspicior
1118 2512 1300 2590 conspiceris
1322 2511 1399 2589 aspi·

111 2613 173 2671 rior
204 2613 359 2691 aspiceris,
394 2616 550 2692 conspicor
583 2613 736 2693 deponens
768 2615 965 2693 conspicaris;
1002 2621 1103 2676 sterno
1139 2613 1248 2675 sternis
1282 2620 1401 2673 sternor

111 2717 272 2784 sterneris,
296 2722 472 2776 consternor
494 2724 593 2777 autem
616 2716 767 2796 deponens
790 2718 1007 2786 constemaris;
1031 2717 1106 2778 lacio
1130 2722 1285 2784 neutrum,
1308 2716 1400 2792 grati·

112 2819 183 2878 beor
205 2818 394 2895 gratificaris,
418 2818 552 2878 ludificor
574 2818 751 2889 ludificaris;
775 2820 871 2880 sentio
886 2819 958 2879 item
973 2819 1080 2887 sentis,
1096 2817 1234 2879 adsentor
1249 2816 1401 2895 deponens

112 2920 291 2989 arlsentaris;
314 2937 386 2998 gero
408 2923 504 2996 geris,
528 2923 694 2998 morigeror
711 2922 912 2997 morigeraris.
943 2928 972 2979 et
995 2940 1011 2979 e
1034 2919 1155 2999 quidem
1177 2917 1317 2979 babentia
1333 2925 1400 2978 ante

71 3046 99 3086 es
113 3041 146 3081 or
169 3022 316 3083 secundae
345 3030 413 3082 sunt
441 3025 673 3100 coniugationis,
703 3041 758 3082 ceu
780 3030 848 3083 ante
871 3023 1063 3090 dictumest,
1087 3028 1120 3082 ut
1141 3021 1235 3081 liceor
1257 3012 1421 3101 polliceor*

112 3124 233 3184 medeor
256 3142 326 3184 reor
347 3143 464 3185 mereor
486 3127 632 3185 misereor
654 3142 760 3184 vereor·
781 3125 877 3184 lateor
900 3130 998 3193 tueor,
1023 3131 1052 3183 et
1075 3142 1149 3203 quae
1173 3142 1209 3184 ex
1231 3123 1278 3182 bis
1300 3125 1400 3199 singu·

20 3251 28 3260 ’
113 3226 148 3286 lis
170 3234 396 3306 componuntnr.
427 3228 436 3285 i
459 3235 557 3287 autern
574 3234 642 3287 ante
659 3245 692 3285 or
713 3225 852 3286 babentia
867 3225 1126 3287 observationibus
1140 3225 1253 3304 primae
1268 3225 1401 3285 carentia

113 3336 259 3406 eoguntur
288 3328 324 3388 ad
351 3337 486 3407 quartam
517 3330 618 3388 venire
647 3330 901 3405 coniugationem,
931 3335 964 3389 ut
991 3329 1115 3388 amicior
1138 3326 1277 3387 blandior
1299 3326 1401 3386 ordior

113 3431 224 3508 largior
246 3430 352 3489 molior
374 3433 514 3509 opperior
537 3433 643 3490 metior
666 3432 775 3491 sortior
790 3428 912 3510 peritior
934 3430 1100 3506 adsentior,
1124 3431 1256 3508 exeeptis
1278 3427 1401 3506 gradior

73 3556 100 3595 oo
114 3541 143 3592 et
166 3535 277 3592 morior
304 3542 333 3592 et
360 3534 470 3611 patior,
502 3551 577 3612 quae
601 3535 707 3594 tertiae
730 3539 799 3593 sunt
821 3541 977 3611 correptae
1000 3533 1103 3592 solius.
1147 3533 1229 3591 orior
1251 3538 1349 3591 autem
1371 3536 1402 3590 et

113 3637 211 3713 potior
232 3642 292 3694 tam
315 3637 420 3695 tertiae
443 3654 531 3714 quam
553 3642 677 3714 quartae
700 3635 841 3713 quosdam
864 3641 961 3694 motus
990 3633 1109 3695 babent.
1153 3633 1183 3692 in
1207 3651 1262 3692 uor
1283 3650 1400 3712 quoque

113 3736 281 3796 desinentia
303 3738 452 3816 primitiva
476 3740 581 3798 tertiae
605 3745 689 3806 sunt,
717 3744 750 3797 ut
771 3738 855 3797 truor
876 3737 985 3797 frueris
1014 3736 1112 3814 liquor
1133 3735 1273 3813 liqueris,
1296 3732 1402 3814 loquor

112 3837 259 3917 loqueris,
288 3858 397 3918 sequor
424 3843 569 3918 sequeris.
615 3857 741 3919 quorum
769 3841 937 3918 posteriora
960 3837 996 3898 ad
1019 3838 1245 3897 consonantimn
1267 3838 1401 3915 regulam

114 3942 264 4019 pertinere
292 3941 430 4002 videntur
458 3950 487 4001 et
514 3945 545 4002 in
574 3960 626 4001 cor
653 3941 852 4002 desinentium
875 3939 1036 4001 verbormn
1057 3939 1169 4001 babere
1192 3941 1399 4018 praeteritum,

75 4064 101 4105 as
115 4052 146 4102 ut
169 4043 283 4104 loeutus
306 4063 387 4112 svrru,
412 4051 532 4104 secutus
554 4064 631 4105 suur.
662 4043 893 4105 consonantibus
916 4062 986 4104 vero
1009 4042 1081 4104 solis
1102 4040 1348 4103 antecedentibus
1370 4044 1401 4102 iu

183 4316 195 4366 l
218 4314 310 4364 inaebii
328 4324 387 4364 sunt
403 4314 545 4379 (superser.
565 4314 591 4364 hi
611 4329 678 4365 cerr.
697 4315 723 4364 iu
741 4329 821 4380 marg,
841 4313 899 4378 qui)
915 4315 960 4366 tibi
977 4314 1000 4363 B
1017 4313 1114 4364 inaehls
1133 4324 1192 4366 eunt
1210 4315 1283 4366 tibit
1304 4311 1402 4364 inachio

561 4397 666 4440 essidome

116 4461 173 4502 sunt
194 4452 220 4500 lri
240 4453 283 4501 tibi
300 4454 318 4515 s
384 4411 624 4519 conciperegp‘essqs
643 4456 709 4503 idem
729 4451 754 4500 B
768 4453 872 4518 concipe
889 4468 963 4517 reges
982 4453 1111 4518 gessidem
1128 4454 1199 4519 regio
1218 4452 1285 4501 idem
1302 4453 1324 4500 P
1341 4465 1401 4500 con·

116 4524 200 4587 cipere
223 4537 296 4588 reges
317 4524 382 4572 idem
403 4523 434 4584 ts
516 4525 532 4573 2
551 4525 577 4572 in
592 4524 638 4572 Vll
658 4523 720 4573 libro
739 4524 779 4573 P:
796 4521 862 4572 Stat.
883 4522 974 4573 Acbill.
995 4523 1004 4571 l
1024 4523 1082 4576 131.
1106 4522 1141 4584 cf.
1158 4524 1242 4572 Prisc.
1264 4524 1281 4574 l,
1302 4521 1359 4571 Vlll
1372 4535 1399 4584 p.

116 4594 176 4652 ott,
195 4594 225 4642 12
296 4591 414 4656 detero]
439 4600 545 4657 utroque
563 4609 629 4644 corr.
650 4603 768 4654 utrosque
786 4591 813 4640 B
830 4600 981 4655 uteroquet
1050 4588 1134 4657 enses]
1156 4607 1212 4641 esse
1231 4591 1257 4641 B
1326 4589 1400 4640 avet

117 4663 141 4711 in
162 4661 185 4711 1ο
203 4662 241 4709 vel
257 4664 282 4711 in
301 4664 373 4711 cinor
389 4662 480 4711 onr.B
549 4661 950 4723 oetintoaqointoom.81
1018 4660 1313 4724 tluliarumsaliorum
1332 4675 1400 4710 corr.

116 4732 221 4780 aliarum
244 4731 387 4782 doliorum
406 4734 444 4783 l’t
515 4734 548 4784 18
564 4734 752 4783 nisirtantum
768 4729 885 4780 adsumat
898 4746 947 4782 non
964 4730 1122 4781 obseruatB
1195 4729 1224 4779 ro
1243 4730 1401 4795 coniugatio·

118 4799 183 4867 nem]
200 4802 450 4868 significationem?
497 4805 595 4869 spernis
614 4802 730 4856 omBP
781 4800 816 4851 28
833 4800 948 4852 blandior
960 4801 1056 4869 largior
1069 4801 1154 4851 ordior
1172 4798 1291 4865 languior
1302 4799 1403 4850 mollior

117 4872 261 4936 operiorP
331 4872 365 4923 ab
382 4874 479 4938 partior
496 4889 542 4925 om.
562 4874 587 4921 P
654 4871 784 4925 adsentior
802 4885 848 4928 om,
867 4870 893 4921 B
960 4870 994 4923 35
1014 4878 1116 4923 secutus
1133 4883 1190 4923 sum
1209 4877 1233 4921 et
1251 4869 1348 4937 reliqua
1362 4871 1388 4924 P
