<?xml version="1.0" encoding="UTF-8"?>
<!DOCTYPE html PUBLIC "-//W3C//DTD XHTML 1.0 Transitional//EN"
    "http://www.w3.org/TR/xhtml1/DTD/xhtml1-transitional.dtd">
<html xmlns="http://www.w3.org/1999/xhtml" xml:lang="en" lang="en">
 <head>
  <title>
</title>
<meta http-equiv="Content-Type" content="text/html;charset=utf-8" />
  <meta name='ocr-system' content='tesseract 3.04.00' />
  <meta name='ocr-capabilities' content='ocr_page ocr_carea ocr_par ocr_line ocrx_word'/>
</head>
<body>
  <div class='ocr_page' id='page_1' title='image "./grammaticilatin03keilgoog_0131.png"; bbox 0 0 3346 5498; ppageno 0'>
   <div class='ocr_carea' id='block_1_1' title="bbox 231 265 968 377">
    <p class='ocr_par' dir='ltr' id='par_1_1' title="bbox 231 265 968 377">
     <span class='ocr_line' id='line_1_1' title="bbox 231 265 968 377; baseline -0.001 0"><span class='ocrx_word' id='word_1_1' title='bbox 231 315 290 377; x_wconf 81' lang='lat'>118</span> <span class='ocrx_word' id='word_1_2' title='bbox 631 365 633 367; x_wconf 41' lang='lat'>&gt;</span> <span class='ocrx_word' id='word_1_3' title='bbox 801 265 968 377; x_wconf 51' lang='grc'>1011111111.</span> 
     </span>
    </p>
   </div>
   <div class='ocr_carea' id='block_1_2' title="bbox 121 425 1575 4145">
    <p class='ocr_par' dir='ltr' id='par_1_2' title="bbox 255 425 400 478">
     <span class='ocr_line' id='line_1_2' title="bbox 255 425 400 478; baseline 0 -15"><span class='ocrx_word' id='word_1_4' title='bbox 255 425 400 478; x_wconf 38' lang='lat' dir='ltr'>pronon.</span> 
     </span>
    </p>

    <p class='ocr_par' dir='ltr' id='par_1_3' title="bbox 215 502 1568 2212">
     <span class='ocr_line' id='line_1_3' title="bbox 231 502 1518 572; baseline -0.001 -5"><span class='ocrx_word' id='word_1_5' title='bbox 231 506 338 567; x_wconf 89' lang='lat' dir='ltr'>desinit</span> <span class='ocrx_word' id='word_1_6' title='bbox 360 507 389 564; x_wconf 93' lang='lat' dir='ltr'>in</span> <span class='ocrx_word' id='word_1_7' title='bbox 415 524 502 565; x_wconf 94' lang='lat' dir='ltr'>unam</span> <span class='ocrx_word' id='word_1_8' title='bbox 526 510 753 572; x_wconf 71' lang='lat' dir='ltr'>consonantem,</span> <span class='ocrx_word' id='word_1_9' title='bbox 782 502 833 563; x_wconf 92' lang='lat' dir='ltr'>sed</span> <span class='ocrx_word' id='word_1_10' title='bbox 855 504 886 564; x_wconf 89' lang='lat' dir='ltr'>in</span> <span class='ocrx_word' id='word_1_11' title='bbox 909 502 1040 564; x_wconf 81' lang='lat' dir='ltr'><strong>vocalem</strong></span> <span class='ocrx_word' id='word_1_12' title='bbox 1062 503 1170 564; x_wconf 89' lang='lat' dir='ltr'>desiuit</span> <span class='ocrx_word' id='word_1_13' title='bbox 1191 512 1240 565; x_wconf 92' lang='lat' dir='ltr'>aut</span> <span class='ocrx_word' id='word_1_14' title='bbox 1262 503 1369 566; x_wconf 81' lang='lat' dir='ltr'>desiuit</span> <span class='ocrx_word' id='word_1_15' title='bbox 1390 507 1422 567; x_wconf 92' lang='lat' dir='ltr'>in</span> <span class='ocrx_word' id='word_1_16' title='bbox 1444 505 1518 566; x_wconf 89' lang='lat' dir='ltr'>duas</span> 
     </span>
     <span class='ocr_line' id='line_1_4' title="bbox 231 604 1519 687; baseline 0 -19"><span class='ocrx_word' id='word_1_17' title='bbox 231 615 427 669; x_wconf 80' lang='lat' dir='ltr'>consonantes</span> <span class='ocrx_word' id='word_1_18' title='bbox 456 614 485 666; x_wconf 89' lang='lat' dir='ltr'>et</span> <span class='ocrx_word' id='word_1_19' title='bbox 512 625 567 685; x_wconf 93' lang='lat' dir='ltr'>pro</span> <span class='ocrx_word' id='word_1_20' title='bbox 596 604 743 666; x_wconf 88' lang='lat' dir='ltr'>voluntate</span> <span class='ocrx_word' id='word_1_21' title='bbox 770 604 905 666; x_wconf 86' lang='lat' dir='ltr'>hahetur.</span> <span class='ocrx_word' id='word_1_22' title='bbox 950 608 1001 685; x_wconf 90' lang='lat' dir='ltr'>qui</span> <span class='ocrx_word' id='word_1_23' title='bbox 1028 607 1140 667; x_wconf 90' lang='lat' dir='ltr'>nesciat</span> <span class='ocrx_word' id='word_1_24' title='bbox 1161 625 1280 667; x_wconf 86' lang='lat' dir='ltr'>omnem</span> <span class='ocrx_word' id='word_1_25' title='bbox 1301 609 1427 687; x_wconf 84' lang='lat' dir='ltr'>primam</span> <span class='ocrx_word' id='word_1_26' title='bbox 1450 626 1519 687; x_wconf 92' lang='lat' dir='ltr'>per-</span> 
     </span>
     <span class='ocr_line' id='line_1_5' title="bbox 232 706 1517 789; baseline -0.001 -18"><span class='ocrx_word' id='word_1_27' title='bbox 232 729 335 772; x_wconf 81' lang='lat' dir='ltr'>sonam</span> <span class='ocrx_word' id='word_1_28' title='bbox 358 707 441 768; x_wconf 90' lang='lat' dir='ltr'>verbi</span> <span class='ocrx_word' id='word_1_29' title='bbox 464 714 631 787; x_wconf 75' lang='lat' dir='ltr'>correptam</span> <span class='ocrx_word' id='word_1_30' title='bbox 656 726 721 768; x_wconf 85' lang='lat' dir='ltr'>esse</span> <span class='ocrx_word' id='word_1_31' title='bbox 732 706 844 786; x_wconf 81' lang='lat' dir='ltr'>absque</span> <span class='ocrx_word' id='word_1_32' title='bbox 866 707 1095 787; x_wconf 70' lang='lat' dir='ltr'>monosyllabis?</span> <span class='ocrx_word' id='word_1_33' title='bbox 1118 710 1278 788; x_wconf 85' lang='lat' dir='ltr'>‘incipio</span> <span class='ocrx_word' id='word_1_34' title='bbox 1301 727 1410 789; x_wconf 89' lang='lat' dir='ltr'>super</span> <span class='ocrx_word' id='word_1_35' title='bbox 1427 708 1517 770; x_wconf 91' lang='lat' dir='ltr'>his&#39;:</span> 
     </span>
     <span class='ocr_line' id='line_1_6' title="bbox 215 805 1519 891; baseline -0.002 -19"><span class='ocrx_word' id='word_1_36' title='bbox 215 805 356 891; x_wconf 88' lang='lat' dir='ltr'>incipio,</span> <span class='ocrx_word' id='word_1_37' title='bbox 381 829 398 870; x_wconf 96' lang='grc' dir='ltr'><strong>ο</strong></span> <span class='ocrx_word' id='word_1_38' title='bbox 420 809 520 871; x_wconf 82' lang='lat' dir='ltr'>brevis</span> <span class='ocrx_word' id='word_1_39' title='bbox 543 819 587 870; x_wconf 89' lang='lat' dir='ltr'>est</span> <span class='ocrx_word' id='word_1_40' title='bbox 609 807 781 870; x_wconf 77' lang='lat' dir='ltr'>naturaliter</span> <span class='ocrx_word' id='word_1_41' title='bbox 804 818 834 868; x_wconf 90' lang='lat' dir='ltr'>et</span> <span class='ocrx_word' id='word_1_42' title='bbox 855 817 953 870; x_wconf 91' lang='lat' dir='ltr'>tamen</span> <span class='ocrx_word' id='word_1_43' title='bbox 976 808 1061 887; x_wconf 85' lang='lat' dir='ltr'>longa</span> <span class='ocrx_word' id='word_1_44' title='bbox 1085 818 1130 870; x_wconf 91' lang='lat' dir='ltr'>est</span> <span class='ocrx_word' id='word_1_45' title='bbox 1151 810 1201 870; x_wconf 93' lang='lat' dir='ltr'>ibi.</span> <span class='ocrx_word' id='word_1_46' title='bbox 1245 812 1354 891; x_wconf 81' lang='lat' dir='ltr'>quare?</span> <span class='ocrx_word' id='word_1_47' title='bbox 1383 812 1451 888; x_wconf 90' lang='lat' dir='ltr'>quia</span> <span class='ocrx_word' id='word_1_48' title='bbox 1472 813 1519 871; x_wconf 89' lang='lat' dir='ltr'>in·</span> 
     </span>
     <span class='ocr_line' id='line_1_7' title="bbox 232 911 1547 994; baseline -0.005 -20"><span class='ocrx_word' id='word_1_49' title='bbox 232 915 309 994; x_wconf 91' lang='lat' dir='ltr'>cipio</span> <span class='ocrx_word' id='word_1_50' title='bbox 332 933 349 973; x_wconf 94' lang='lat' dir='ltr'>o</span> <span class='ocrx_word' id='word_1_51' title='bbox 371 919 485 992; x_wconf 83' lang='lat' dir='ltr'>partam</span> <span class='ocrx_word' id='word_1_52' title='bbox 508 914 647 972; x_wconf 87' lang='lat' dir='ltr'>terminat</span> <span class='ocrx_word' id='word_1_53' title='bbox 665 912 671 986; x_wconf 90' lang='grc' dir='ltr'>Ι</span> <span class='ocrx_word' id='word_1_54' title='bbox 690 911 839 970; x_wconf 89' lang='lat' dir='ltr'>orationis.</span> <span class='ocrx_word' id='word_1_55' title='bbox 884 912 950 990; x_wconf 88' lang='lat' dir='ltr'>ipse</span> <span class='ocrx_word' id='word_1_56' title='bbox 973 912 1060 972; x_wconf 89' lang='lat' dir='ltr'>etiam</span> <span class='ocrx_word' id='word_1_57' title='bbox 1082 913 1195 991; x_wconf 90' lang='lat' dir='ltr'>primus</span> <span class='ocrx_word' id='word_1_58' title='bbox 1209 931 1311 973; x_wconf 88' lang='lat' dir='ltr'>versus</span> <span class='ocrx_word' id='word_1_59' title='bbox 1333 918 1449 973; x_wconf 79' lang='lat' dir='ltr'>‘arma</span> <span class='ocrx_word' id='word_1_60' title='bbox 1471 913 1547 972; x_wconf 74' lang='lat' dir='ltr'>vis</span> 
     </span>
     <span class='ocr_line' id='line_1_8' title="bbox 231 1008 1521 1094; baseline -0.003 -17"><span class='ocrx_word' id='word_1_61' title='bbox 231 1033 384 1093; x_wconf 88' lang='lat' dir='ltr'>rumque</span> <span class='ocrx_word' id='word_1_62' title='bbox 407 1018 531 1074; x_wconf 89' lang='lat' dir='ltr'>cano’:</span> <span class='ocrx_word' id='word_1_63' title='bbox 555 1015 666 1073; x_wconf 86' lang='lat' dir='ltr'>armavi</span> <span class='ocrx_word' id='word_1_64' title='bbox 687 1008 849 1091; x_wconf 84' lang='lat' dir='ltr'>rum&#39;queca</span> <span class='ocrx_word' id='word_1_65' title='bbox 872 1021 969 1081; x_wconf 90' lang='lat' dir='ltr'>notro,</span> <span class='ocrx_word' id='word_1_66' title='bbox 993 1031 1032 1073; x_wconf 91' lang='lat' dir='ltr'>no</span> <span class='ocrx_word' id='word_1_67' title='bbox 1048 1012 1146 1074; x_wconf 88' lang='lat' dir='ltr'>brevis</span> <span class='ocrx_word' id='word_1_68' title='bbox 1162 1022 1219 1083; x_wconf 87' lang='lat' dir='ltr'>est,</span> <span class='ocrx_word' id='word_1_69' title='bbox 1242 1022 1341 1075; x_wconf 85' lang='lat' dir='ltr'>tamen</span> <span class='ocrx_word' id='word_1_70' title='bbox 1364 1011 1521 1094; x_wconf 84' lang='lat' dir='ltr'>prolonga</span> 
     </span>
     <span class='ocr_line' id='line_1_9' title="bbox 233 1113 1522 1195; baseline -0.004 -16"><span class='ocrx_word' id='word_1_71' title='bbox 233 1118 368 1179; x_wconf 87' lang='lat' dir='ltr'>habetur.</span> <span class='ocrx_word' id='word_1_72' title='bbox 413 1134 469 1176; x_wconf 87' lang='lat' dir='ltr'>nec</span> <span class='ocrx_word' id='word_1_73' title='bbox 492 1115 572 1176; x_wconf 88' lang='lat' dir='ltr'>dicas</span> <span class='ocrx_word' id='word_1_74' title='bbox 595 1113 675 1182; x_wconf 91' lang='lat' dir='ltr'>mihi,</span> <span class='ocrx_word' id='word_1_75' title='bbox 699 1114 846 1192; x_wconf 87' lang='lat' dir='ltr'>positione</span> <span class='ocrx_word' id='word_1_76' title='bbox 868 1116 900 1174; x_wconf 90' lang='lat' dir='ltr'>tit</span> <span class='ocrx_word' id='word_1_77' title='bbox 921 1113 1017 1192; x_wconf 85' lang='lat' dir='ltr'>longa.</span> <span class='ocrx_word' id='word_1_78' title='bbox 1048 1133 1122 1175; x_wconf 93' lang='lat' dir='ltr'>nou:</span> <span class='ocrx_word' id='word_1_79' title='bbox 1146 1134 1214 1176; x_wconf 92' lang='lat' dir='ltr'>nam</span> <span class='ocrx_word' id='word_1_80' title='bbox 1237 1114 1341 1195; x_wconf 88' lang='lat' dir='ltr'>hquida</span> <span class='ocrx_word' id='word_1_81' title='bbox 1365 1134 1424 1176; x_wconf 91' lang='lat' dir='ltr'>nou</span> <span class='ocrx_word' id='word_1_82' title='bbox 1440 1117 1522 1177; x_wconf 88' lang='lat' dir='ltr'>iurat</span> 
     </span>
     <span class='ocr_line' id='line_1_10' title="bbox 233 1215 1521 1299; baseline -0.002 -18"><span class='ocrx_word' id='word_1_83' title='bbox 233 1222 293 1281; x_wconf 87' lang='lat' dir='ltr'>nisi</span> <span class='ocrx_word' id='word_1_84' title='bbox 314 1222 345 1279; x_wconf 93' lang='lat' dir='ltr'>in</span> <span class='ocrx_word' id='word_1_85' title='bbox 367 1221 430 1299; x_wconf 90' lang='lat' dir='ltr'>ipsa</span> <span class='ocrx_word' id='word_1_86' title='bbox 453 1226 537 1297; x_wconf 87' lang='lat' dir='ltr'>parte</span> <span class='ocrx_word' id='word_1_87' title='bbox 560 1217 717 1283; x_wconf 90' lang='lat' dir='ltr'>orationis,</span> <span class='ocrx_word' id='word_1_88' title='bbox 742 1217 772 1275; x_wconf 91' lang='lat' dir='ltr'>iu</span> <span class='ocrx_word' id='word_1_89' title='bbox 795 1215 852 1276; x_wconf 90' lang='lat' dir='ltr'>alia</span> <span class='ocrx_word' id='word_1_90' title='bbox 874 1235 933 1276; x_wconf 92' lang='lat' dir='ltr'>non</span> <span class='ocrx_word' id='word_1_91' title='bbox 956 1218 1043 1277; x_wconf 82' lang='lat' dir='ltr'>iurat.</span> <span class='ocrx_word' id='word_1_92' title='bbox 1075 1216 1183 1296; x_wconf 86' lang='lat' dir='ltr'>liquida</span> <span class='ocrx_word' id='word_1_93' title='bbox 1206 1224 1268 1278; x_wconf 89' lang='lat' dir='ltr'>tum</span> <span class='ocrx_word' id='word_1_94' title='bbox 1291 1226 1387 1297; x_wconf 89' lang='lat' dir='ltr'>potest</span> <span class='ocrx_word' id='word_1_95' title='bbox 1408 1219 1521 1286; x_wconf 81' lang='lat' dir='ltr'>iurare,</span> 
     </span>
     <span class='ocr_line' id='line_1_11' title="bbox 234 1319 1523 1401; baseline -0.003 -19"><span class='ocrx_word' id='word_1_96' title='bbox 234 1323 370 1401; x_wconf 87' lang='lat' dir='ltr'>quotiens</span> <span class='ocrx_word' id='word_1_97' title='bbox 392 1322 424 1381; x_wconf 94' lang='lat' dir='ltr'>iu</span> <span class='ocrx_word' id='word_1_98' title='bbox 446 1320 510 1399; x_wconf 90' lang='lat' dir='ltr'>ipsa</span> <span class='ocrx_word' id='word_1_99' title='bbox 532 1325 616 1398; x_wconf 91' lang='lat' dir='ltr'>parte</span> <span class='ocrx_word' id='word_1_100' title='bbox 639 1319 780 1378; x_wconf 91' lang='lat' dir='ltr'>orationis</span> <span class='ocrx_word' id='word_1_101' title='bbox 803 1320 906 1387; x_wconf 86' lang='lat' dir='ltr'>tuerit;</span> <span class='ocrx_word' id='word_1_102' title='bbox 930 1320 1065 1399; x_wconf 86' lang='lat' dir='ltr'>quotiens</span> <span class='ocrx_word' id='word_1_103' title='bbox 1087 1320 1209 1379; x_wconf 87' lang='lat' dir='ltr'>veroin</span> <span class='ocrx_word' id='word_1_104' title='bbox 1233 1319 1288 1381; x_wconf 90' lang='lat' dir='ltr'>alia</span> <span class='ocrx_word' id='word_1_105' title='bbox 1310 1326 1396 1399; x_wconf 89' lang='lat' dir='ltr'>parte</span> <span class='ocrx_word' id='word_1_106' title='bbox 1411 1319 1523 1379; x_wconf 90' lang='lat' dir='ltr'>oratio·</span> 
     </span>
     <span class='ocr_line' id='line_1_12' title="bbox 233 1418 1565 1507; baseline -0.006 -22"><span class='ocrx_word' id='word_1_107' title='bbox 233 1424 279 1485; x_wconf 87' lang='lat' dir='ltr'>nis</span> <span class='ocrx_word' id='word_1_108' title='bbox 302 1423 404 1491; x_wconf 85' lang='lat' dir='ltr'>luerit,</span> <span class='ocrx_word' id='word_1_109' title='bbox 428 1439 487 1481; x_wconf 90' lang='lat' dir='ltr'>nou</span> <span class='ocrx_word' id='word_1_110' title='bbox 510 1422 598 1507; x_wconf 78' lang='lat' dir='ltr'>iuyat.</span> <span class='ocrx_word' id='word_1_111' title='bbox 644 1428 676 1480; x_wconf 90' lang='lat' dir='ltr'>ut</span> <span class='ocrx_word' id='word_1_112' title='bbox 698 1438 785 1498; x_wconf 85' lang='lat' dir='ltr'>quem</span> <span class='ocrx_word' id='word_1_113' title='bbox 808 1419 844 1480; x_wconf 88' lang='lat' dir='ltr'>ad</span> <span class='ocrx_word' id='word_1_114' title='bbox 871 1419 992 1481; x_wconf 91' lang='lat' dir='ltr'>modum</span> <span class='ocrx_word' id='word_1_115' title='bbox 1015 1418 1140 1482; x_wconf 81' lang='lat' dir='ltr'>diximus</span> <span class='ocrx_word' id='word_1_116' title='bbox 1168 1419 1240 1481; x_wconf 90' lang='lat' dir='ltr'>illud</span> <span class='ocrx_word' id='word_1_117' title='bbox 1263 1422 1398 1500; x_wconf 87' lang='lat' dir='ltr'>superius</span> <span class='ocrx_word' id='word_1_118' title='bbox 1421 1439 1521 1483; x_wconf 84' lang='lat' dir='ltr'>exem·</span> <span class='ocrx_word' id='word_1_119' title='bbox 1538 1439 1565 1477; x_wconf 85' lang='grc' dir='ltr'>ιο</span> 
     </span>
     <span class='ocr_line' id='line_1_13' title="bbox 233 1520 1523 1606; baseline -0.002 -22"><span class='ocrx_word' id='word_1_120' title='bbox 233 1523 315 1606; x_wconf 92' lang='lat' dir='ltr'>plum</span> <span class='ocrx_word' id='word_1_121' title='bbox 338 1525 448 1603; x_wconf 75' lang='lat' dir='ltr'>‘patris</span> <span class='ocrx_word' id='word_1_122' title='bbox 471 1525 583 1592; x_wconf 87' lang='lat' dir='ltr'>amor’,</span> <span class='ocrx_word' id='word_1_123' title='bbox 606 1540 645 1602; x_wconf 90' lang='lat' dir='ltr'>pa</span> <span class='ocrx_word' id='word_1_124' title='bbox 666 1520 733 1581; x_wconf 89' lang='lat' dir='ltr'>ideo</span> <span class='ocrx_word' id='word_1_125' title='bbox 756 1522 788 1581; x_wconf 88' lang='lat' dir='ltr'>ht</span> <span class='ocrx_word' id='word_1_126' title='bbox 808 1520 911 1599; x_wconf 84' lang='lat' dir='ltr'>longa,</span> <span class='ocrx_word' id='word_1_127' title='bbox 935 1524 1073 1599; x_wconf 85' lang='lat' dir='ltr'>quoniam</span> <span class='ocrx_word' id='word_1_128' title='bbox 1094 1524 1230 1602; x_wconf 88' lang='lat' dir='ltr'>seqnitur</span> <span class='ocrx_word' id='word_1_129' title='bbox 1252 1530 1309 1583; x_wconf 83' lang='lat' dir='ltr'>tet</span> <span class='ocrx_word' id='word_1_130' title='bbox 1322 1541 1347 1592; x_wconf 92' lang='lat' dir='ltr'>r,</span> <span class='ocrx_word' id='word_1_131' title='bbox 1372 1523 1442 1584; x_wconf 86' lang='lat' dir='ltr'>etin</span> <span class='ocrx_word' id='word_1_132' title='bbox 1461 1540 1523 1583; x_wconf 90' lang='lat' dir='ltr'>uua</span> 
     </span>
     <span class='ocr_line' id='line_1_14' title="bbox 234 1623 1524 1707; baseline -0.001 -21"><span class='ocrx_word' id='word_1_133' title='bbox 234 1634 318 1707; x_wconf 86' lang='lat' dir='ltr'>parte</span> <span class='ocrx_word' id='word_1_134' title='bbox 341 1626 481 1686; x_wconf 88' lang='lat' dir='ltr'>orationis</span> <span class='ocrx_word' id='word_1_135' title='bbox 504 1632 557 1684; x_wconf 90' lang='lat' dir='ltr'>est.</span> <span class='ocrx_word' id='word_1_136' title='bbox 602 1623 789 1684; x_wconf 91' lang='lat' dir='ltr'>econtrario</span> <span class='ocrx_word' id='word_1_137' title='bbox 813 1628 911 1684; x_wconf 83' lang='lat' dir='ltr'>‘arma</span> <span class='ocrx_word' id='word_1_138' title='bbox 933 1625 1088 1703; x_wconf 72' lang='lat' dir='ltr'>uirumque</span> <span class='ocrx_word' id='word_1_139' title='bbox 1111 1643 1185 1685; x_wconf 93' lang='lat' dir='ltr'>cano</span> <span class='ocrx_word' id='word_1_140' title='bbox 1208 1628 1282 1695; x_wconf 88' lang='lat' dir='ltr'>tro’,</span> <span class='ocrx_word' id='word_1_141' title='bbox 1305 1626 1336 1684; x_wconf 93' lang='lat' dir='ltr'>in</span> <span class='ocrx_word' id='word_1_142' title='bbox 1358 1623 1415 1685; x_wconf 91' lang='lat' dir='ltr'>alio</span> <span class='ocrx_word' id='word_1_143' title='bbox 1430 1623 1524 1685; x_wconf 81' lang='lat' dir='ltr'>verbo</span> 
     </span>
     <span class='ocr_line' id='line_1_15' title="bbox 235 1723 1525 1805; baseline -0.002 -17"><span class='ocrx_word' id='word_1_144' title='bbox 235 1736 280 1788; x_wconf 91' lang='lat' dir='ltr'>est</span> <span class='ocrx_word' id='word_1_145' title='bbox 302 1747 355 1797; x_wconf 90' lang='lat' dir='ltr'>no,</span> <span class='ocrx_word' id='word_1_146' title='bbox 379 1728 409 1786; x_wconf 91' lang='lat' dir='ltr'>iu</span> <span class='ocrx_word' id='word_1_147' title='bbox 432 1724 489 1785; x_wconf 92' lang='lat' dir='ltr'>alio</span> <span class='ocrx_word' id='word_1_148' title='bbox 512 1732 568 1785; x_wconf 91' lang='lat' dir='ltr'>tro.</span> <span class='ocrx_word' id='word_1_149' title='bbox 613 1724 670 1784; x_wconf 95' lang='lat' dir='ltr'>hoc</span> <span class='ocrx_word' id='word_1_150' title='bbox 691 1724 770 1804; x_wconf 90' lang='lat' dir='ltr'>apud</span> <span class='ocrx_word' id='word_1_151' title='bbox 786 1723 904 1785; x_wconf 90' lang='lat' dir='ltr'>Latinos</span> <span class='ocrx_word' id='word_1_152' title='bbox 926 1735 1073 1796; x_wconf 91' lang='lat' dir='ltr'>servatur,</span> <span class='ocrx_word' id='word_1_153' title='bbox 1097 1725 1174 1805; x_wconf 89' lang='lat' dir='ltr'>apud</span> <span class='ocrx_word' id='word_1_154' title='bbox 1197 1726 1326 1787; x_wconf 87' lang='lat' dir='ltr'>Graecos</span> <span class='ocrx_word' id='word_1_155' title='bbox 1348 1744 1409 1787; x_wconf 91' lang='lat' dir='ltr'>non</span> <span class='ocrx_word' id='word_1_156' title='bbox 1423 1744 1525 1786; x_wconf 86' lang='lat' dir='ltr'>serva-</span> 
     </span>
     <span class='ocr_line' id='line_1_16' title="bbox 237 1826 1526 1907; baseline -0.002 -17"><span class='ocrx_word' id='word_1_157' title='bbox 237 1839 294 1890; x_wconf 90' lang='lat' dir='ltr'>tur.</span> <span class='ocrx_word' id='word_1_158' title='bbox 340 1827 438 1888; x_wconf 93' lang='lat' dir='ltr'>nullus</span> <span class='ocrx_word' id='word_1_159' title='bbox 460 1846 558 1887; x_wconf 87' lang='lat' dir='ltr'>sermo</span> <span class='ocrx_word' id='word_1_160' title='bbox 580 1826 688 1887; x_wconf 91' lang='lat' dir='ltr'>latinus</span> <span class='ocrx_word' id='word_1_161' title='bbox 710 1834 810 1905; x_wconf 88' lang='lat' dir='ltr'>potest</span> <span class='ocrx_word' id='word_1_162' title='bbox 836 1827 900 1887; x_wconf 83' lang='lat' dir='ltr'>sieri</span> <span class='ocrx_word' id='word_1_163' title='bbox 928 1829 1076 1906; x_wconf 88' lang='lat' dir='ltr'>positione</span> <span class='ocrx_word' id='word_1_164' title='bbox 1098 1827 1203 1905; x_wconf 84' lang='lat' dir='ltr'>longus</span> <span class='ocrx_word' id='word_1_165' title='bbox 1224 1835 1368 1907; x_wconf 85' lang='lat' dir='ltr'>sequente</span> <span class='ocrx_word' id='word_1_166' title='bbox 1390 1835 1470 1889; x_wconf 89' lang='lat' dir='ltr'>muta</span> <span class='ocrx_word' id='word_1_167' title='bbox 1494 1837 1526 1888; x_wconf 86' lang='lat' dir='ltr'>et</span> 
     </span>
     <span class='ocr_line' id='line_1_17' title="bbox 235 1928 1568 2011; baseline -0.004 -20"><span class='ocrx_word' id='word_1_168' title='bbox 235 1931 346 2011; x_wconf 87' lang='lat' dir='ltr'>liquida</span> <span class='ocrx_word' id='word_1_169' title='bbox 373 1949 430 1991; x_wconf 93' lang='lat' dir='ltr'>una</span> <span class='ocrx_word' id='word_1_170' title='bbox 459 1931 491 1989; x_wconf 91' lang='lat' dir='ltr'>in</span> <span class='ocrx_word' id='word_1_171' title='bbox 518 1929 573 1988; x_wconf 92' lang='lat' dir='ltr'>alia</span> <span class='ocrx_word' id='word_1_172' title='bbox 601 1937 685 2008; x_wconf 89' lang='lat' dir='ltr'>parte</span> <span class='ocrx_word' id='word_1_173' title='bbox 713 1930 863 1988; x_wconf 82' lang='lat' dir='ltr'>orationis</span> <span class='ocrx_word' id='word_1_174' title='bbox 913 1931 1096 2008; x_wconf 88' lang='lat' dir='ltr'>apertissime</span> <span class='ocrx_word' id='word_1_175' title='bbox 1124 1928 1181 1989; x_wconf 91' lang='lat' dir='ltr'>hoc</span> <span class='ocrx_word' id='word_1_176' title='bbox 1214 1929 1287 1990; x_wconf 82' lang='lat' dir='ltr'>dixit</span> <span class='ocrx_word' id='word_1_177' title='bbox 1314 1930 1523 1999; x_wconf 86' lang='lat' dir='ltr'>Terentianus,</span> <span class='ocrx_word' id='word_1_178' title='bbox 1541 1947 1568 1986; x_wconf 79' lang='lat' dir='ltr'>as</span> 
     </span>
     <span class='ocr_line' id='line_1_18' title="bbox 236 2029 1526 2112; baseline -0.002 -20"><span class='ocrx_word' id='word_1_179' title='bbox 236 2035 299 2112; x_wconf 91' lang='lat' dir='ltr'>ipse</span> <span class='ocrx_word' id='word_1_180' title='bbox 322 2031 379 2092; x_wconf 92' lang='lat' dir='ltr'>hoc</span> <span class='ocrx_word' id='word_1_181' title='bbox 402 2031 478 2091; x_wconf 87' lang='lat' dir='ltr'>hene</span> <span class='ocrx_word' id='word_1_182' title='bbox 501 2029 610 2090; x_wconf 89' lang='lat' dir='ltr'>docuit.</span> <span class='ocrx_word' id='word_1_183' title='bbox 657 2030 708 2089; x_wconf 83' lang='lat' dir='ltr'>sed</span> <span class='ocrx_word' id='word_1_184' title='bbox 732 2029 811 2098; x_wconf 84' lang='lat' dir='ltr'>vide,</span> <span class='ocrx_word' id='word_1_185' title='bbox 835 2030 903 2109; x_wconf 90' lang='lat' dir='ltr'>quid</span> <span class='ocrx_word' id='word_1_186' title='bbox 928 2029 979 2090; x_wconf 91' lang='lat' dir='ltr'>tibi</span> <span class='ocrx_word' id='word_1_187' title='bbox 1002 2031 1077 2099; x_wconf 87' lang='lat' dir='ltr'>dixi,</span> <span class='ocrx_word' id='word_1_188' title='bbox 1103 2034 1262 2110; x_wconf 54' lang='lat' dir='ltr'>{sequente</span> <span class='ocrx_word' id='word_1_189' title='bbox 1284 2038 1365 2091; x_wconf 91' lang='lat' dir='ltr'>muta</span> <span class='ocrx_word' id='word_1_190' title='bbox 1388 2041 1417 2092; x_wconf 86' lang='lat' dir='ltr'>et</span> <span class='ocrx_word' id='word_1_191' title='bbox 1438 2030 1526 2110; x_wconf 85' lang='lat' dir='ltr'>liqui·</span> 
     </span>
     <span class='ocr_line' id='line_1_19' title="bbox 237 2131 1527 2212; baseline -0.001 -18"><span class='ocrx_word' id='word_1_192' title='bbox 237 2135 300 2195; x_wconf 86' lang='lat' dir='ltr'>da&#39;.</span> <span class='ocrx_word' id='word_1_193' title='bbox 347 2153 385 2193; x_wconf 93' lang='lat' dir='ltr'>ne</span> <span class='ocrx_word' id='word_1_194' title='bbox 407 2132 487 2193; x_wconf 89' lang='lat' dir='ltr'>dicas</span> <span class='ocrx_word' id='word_1_195' title='bbox 509 2132 581 2192; x_wconf 85' lang='lat' dir='ltr'>milri</span> <span class='ocrx_word' id='word_1_196' title='bbox 603 2131 697 2191; x_wconf 74' lang='lat' dir='ltr'>‘undo</span> <span class='ocrx_word' id='word_1_197' title='bbox 720 2134 813 2210; x_wconf 92' lang='lat' dir='ltr'>spissa</span> <span class='ocrx_word' id='word_1_198' title='bbox 837 2137 948 2200; x_wconf 91' lang='lat' dir='ltr'>coma’,</span> <span class='ocrx_word' id='word_1_199' title='bbox 972 2152 1064 2212; x_wconf 86' lang='lat' dir='ltr'>quare</span> <span class='ocrx_word' id='word_1_200' title='bbox 1086 2133 1124 2193; x_wconf 90' lang='lat' dir='ltr'>de</span> <span class='ocrx_word' id='word_1_201' title='bbox 1147 2132 1233 2210; x_wconf 82' lang='lat' dir='ltr'>longa</span> <span class='ocrx_word' id='word_1_202' title='bbox 1256 2134 1317 2193; x_wconf 80' lang='lat' dir='ltr'>est?</span> <span class='ocrx_word' id='word_1_203' title='bbox 1339 2135 1408 2212; x_wconf 91' lang='lat' dir='ltr'>quia</span> <span class='ocrx_word' id='word_1_204' title='bbox 1431 2152 1446 2193; x_wconf 90' lang='lat' dir='ltr'>s</span> <span class='ocrx_word' id='word_1_205' title='bbox 1467 2151 1527 2193; x_wconf 87' lang='lat' dir='ltr'>nec</span> 
     </span>
    </p>

    <p class='ocr_par' dir='ltr' id='par_1_4' title="bbox 237 2231 1571 2824">
     <span class='ocr_line' id='line_1_20' title="bbox 238 2231 1528 2316; baseline -0.001 -20"><span class='ocrx_word' id='word_1_206' title='bbox 238 2237 241 2316; x_wconf 77' lang='lat' dir='ltr'>l</span> <span class='ocrx_word' id='word_1_207' title='bbox 266 2245 345 2296; x_wconf 91' lang='lat' dir='ltr'>muta</span> <span class='ocrx_word' id='word_1_208' title='bbox 375 2243 421 2295; x_wconf 87' lang='lat' dir='ltr'>est</span> <span class='ocrx_word' id='word_1_209' title='bbox 448 2254 504 2295; x_wconf 91' lang='lat' dir='ltr'>nec</span> <span class='ocrx_word' id='word_1_210' title='bbox 537 2233 662 2314; x_wconf 81' lang='lat' dir='ltr'>liquida,</span> <span class='ocrx_word' id='word_1_211' title='bbox 691 2231 758 2292; x_wconf 91' lang='lat' dir='ltr'>ideo</span> <span class='ocrx_word' id='word_1_212' title='bbox 787 2233 819 2293; x_wconf 88' lang='lat' dir='ltr'>fit</span> <span class='ocrx_word' id='word_1_213' title='bbox 847 2231 943 2312; x_wconf 82' lang='lat' dir='ltr'>longa.</span> <span class='ocrx_word' id='word_1_214' title='bbox 990 2251 1061 2312; x_wconf 85' lang='lat' dir='ltr'>ergo</span> <span class='ocrx_word' id='word_1_215' title='bbox 1090 2237 1129 2296; x_wconf 90' lang='lat' dir='ltr'>ait</span> <span class='ocrx_word' id='word_1_216' title='bbox 1157 2236 1200 2294; x_wconf 90' lang='lat' dir='ltr'>sic</span> <span class='ocrx_word' id='word_1_217' title='bbox 1228 2235 1373 2301; x_wconf 82' lang='lat' dir='ltr'>Donatus,</span> <span class='ocrx_word' id='word_1_218' title='bbox 1397 2232 1528 2314; x_wconf 80' lang='lat' dir='ltr'>‘syllaba</span> 
     </span>
     <span class='ocr_line' id='line_1_21' title="bbox 237 2335 1527 2418; baseline -0.001 -22"><span class='ocrx_word' id='word_1_219' title='bbox 237 2357 311 2418; x_wconf 86' lang='lat' dir='ltr'>quae</span> <span class='ocrx_word' id='word_1_220' title='bbox 333 2346 448 2417; x_wconf 89' lang='lat' dir='ltr'>partem</span> <span class='ocrx_word' id='word_1_221' title='bbox 472 2338 611 2396; x_wconf 86' lang='lat' dir='ltr'>terminat</span> <span class='ocrx_word' id='word_1_222' title='bbox 633 2336 791 2404; x_wconf 91' lang='lat' dir='ltr'>orationis,</span> <span class='ocrx_word' id='word_1_223' title='bbox 821 2336 846 2394; x_wconf 94' lang='lat' dir='ltr'>si</span> <span class='ocrx_word' id='word_1_224' title='bbox 873 2337 902 2395; x_wconf 91' lang='lat' dir='ltr'>in</span> <span class='ocrx_word' id='word_1_225' title='bbox 930 2353 1019 2402; x_wconf 90' lang='lat' dir='ltr'>unam</span> <span class='ocrx_word' id='word_1_226' title='bbox 1048 2335 1162 2397; x_wconf 88' lang='lat' dir='ltr'>desinat</span> <span class='ocrx_word' id='word_1_227' title='bbox 1194 2345 1422 2405; x_wconf 88' lang='lat' dir='ltr'>consonantem,</span> <span class='ocrx_word' id='word_1_228' title='bbox 1447 2344 1477 2395; x_wconf 83' lang='lat' dir='ltr'>ct</span> <span class='ocrx_word' id='word_1_229' title='bbox 1498 2336 1527 2395; x_wconf 90' lang='lat' dir='ltr'>si</span> 
     </span>
     <span class='ocr_line' id='line_1_22' title="bbox 238 2436 1571 2517; baseline -0.001 -18"><span class='ocrx_word' id='word_1_230' title='bbox 238 2440 335 2500; x_wconf 86' lang='lat' dir='ltr'>brevis</span> <span class='ocrx_word' id='word_1_231' title='bbox 357 2441 407 2506; x_wconf 91' lang='lat' dir='ltr'>sit,</span> <span class='ocrx_word' id='word_1_232' title='bbox 431 2458 485 2517; x_wconf 83' lang='lat' dir='ltr'>pro</span> <span class='ocrx_word' id='word_1_233' title='bbox 508 2436 594 2516; x_wconf 84' lang='lat' dir='ltr'>louga</span> <span class='ocrx_word' id='word_1_234' title='bbox 616 2437 769 2497; x_wconf 85' lang='lat' dir='ltr'>hahetur’.</span> <span class='ocrx_word' id='word_1_235' title='bbox 815 2445 847 2496; x_wconf 96' lang='lat' dir='ltr'>ut</span> <span class='ocrx_word' id='word_1_236' title='bbox 872 2445 941 2516; x_wconf 86' lang='lat' dir='ltr'>puta</span> <span class='ocrx_word' id='word_1_237' title='bbox 964 2439 1061 2497; x_wconf 76' lang='lat' dir='ltr'>‘nam</span> <span class='ocrx_word' id='word_1_238' title='bbox 1090 2437 1160 2498; x_wconf 90' lang='lat' dir='ltr'>tibi</span> <span class='ocrx_word' id='word_1_239' title='bbox 1182 2436 1365 2516; x_wconf 78' lang='lat' dir='ltr'>Thymbre</span> <span class='ocrx_word' id='word_1_240' title='bbox 1386 2439 1527 2516; x_wconf 86' lang='lat' dir='ltr'>caput&#39;:</span> <span class='ocrx_word' id='word_1_241' title='bbox 1543 2458 1571 2498; x_wconf 79' lang='lat' dir='ltr'>ao</span> 
     </span>
     <span class='ocr_line' id='line_1_23' title="bbox 238 2538 1532 2621; baseline -0.003 -19"><span class='ocrx_word' id='word_1_242' title='bbox 238 2551 290 2621; x_wconf 91' lang='lat' dir='ltr'>put</span> <span class='ocrx_word' id='word_1_243' title='bbox 312 2539 410 2600; x_wconf 82' lang='lat' dir='ltr'>brevis</span> <span class='ocrx_word' id='word_1_244' title='bbox 433 2550 491 2609; x_wconf 88' lang='lat' dir='ltr'>cst,</span> <span class='ocrx_word' id='word_1_245' title='bbox 514 2539 566 2600; x_wconf 87' lang='lat' dir='ltr'>sed</span> <span class='ocrx_word' id='word_1_246' title='bbox 589 2549 698 2608; x_wconf 89' lang='lat' dir='ltr'>tamen,</span> <span class='ocrx_word' id='word_1_247' title='bbox 724 2541 864 2618; x_wconf 87' lang='lat' dir='ltr'>quoniam</span> <span class='ocrx_word' id='word_1_248' title='bbox 887 2557 906 2598; x_wconf 95' lang='lat' dir='ltr'>u</span> <span class='ocrx_word' id='word_1_249' title='bbox 928 2540 959 2598; x_wconf 92' lang='lat' dir='ltr'>in</span> <span class='ocrx_word' id='word_1_250' title='bbox 983 2557 1070 2600; x_wconf 89' lang='lat' dir='ltr'>unam</span> <span class='ocrx_word' id='word_1_251' title='bbox 1088 2538 1195 2600; x_wconf 88' lang='lat' dir='ltr'>desinit</span> <span class='ocrx_word' id='word_1_252' title='bbox 1211 2546 1433 2608; x_wconf 87' lang='lat' dir='ltr'>consonantem,</span> <span class='ocrx_word' id='word_1_253' title='bbox 1457 2539 1532 2599; x_wconf 87' lang='lat' dir='ltr'>licet</span> 
     </span>
     <span class='ocr_line' id='line_1_24' title="bbox 238 2639 1531 2721; baseline -0.002 -17"><span class='ocrx_word' id='word_1_254' title='bbox 238 2652 318 2704; x_wconf 91' lang='lat' dir='ltr'>muta</span> <span class='ocrx_word' id='word_1_255' title='bbox 341 2651 394 2712; x_wconf 88' lang='lat' dir='ltr'>est,</span> <span class='ocrx_word' id='word_1_256' title='bbox 414 2652 521 2710; x_wconf 90' lang='lat' dir='ltr'>tamen,</span> <span class='ocrx_word' id='word_1_257' title='bbox 546 2642 682 2720; x_wconf 87' lang='lat' dir='ltr'>quoniam</span> <span class='ocrx_word' id='word_1_258' title='bbox 705 2649 820 2720; x_wconf 87' lang='lat' dir='ltr'>partem</span> <span class='ocrx_word' id='word_1_259' title='bbox 843 2642 981 2711; x_wconf 83' lang='lat' dir='ltr'>terminat</span> <span class='ocrx_word' id='word_1_260' title='bbox 1003 2641 1154 2711; x_wconf 89' lang='lat' dir='ltr'>orationis,</span> <span class='ocrx_word' id='word_1_261' title='bbox 1177 2659 1233 2721; x_wconf 94' lang='lat' dir='ltr'>pro</span> <span class='ocrx_word' id='word_1_262' title='bbox 1254 2639 1342 2720; x_wconf 82' lang='lat' dir='ltr'>longa</span> <span class='ocrx_word' id='word_1_263' title='bbox 1358 2647 1410 2702; x_wconf 90' lang='lat' dir='ltr'>est.</span> <span class='ocrx_word' id='word_1_264' title='bbox 1434 2639 1531 2701; x_wconf 88' lang='lat' dir='ltr'>habes</span> 
     </span>
     <span class='ocr_line' id='line_1_25' title="bbox 237 2743 504 2824; baseline -0.011 -18"><span class='ocrx_word' id='word_1_265' title='bbox 237 2748 268 2806; x_wconf 89' lang='lat' dir='ltr'>in</span> <span class='ocrx_word' id='word_1_266' title='bbox 290 2747 353 2824; x_wconf 91' lang='lat' dir='ltr'>ipso</span> <span class='ocrx_word' id='word_1_267' title='bbox 375 2743 504 2821; x_wconf 82' lang='lat' dir='ltr'>Vergilio</span> 
     </span>
    </p>

    <p class='ocr_par' dir='ltr' id='par_1_5' title="bbox 194 2843 1338 2924">
     <span class='ocr_line' id='line_1_26' title="bbox 194 2843 1338 2924; baseline -0.001 -19"><span class='ocrx_word' id='word_1_268' title='bbox 194 2914 197 2922; x_wconf 31' lang='lat'>¹</span> <span class='ocrx_word' id='word_1_269' title='bbox 390 2846 482 2906; x_wconf 88' lang='lat' dir='ltr'>dona</span> <span class='ocrx_word' id='word_1_270' title='bbox 506 2844 641 2904; x_wconf 90' lang='lat' dir='ltr'>dehinc</span> <span class='ocrx_word' id='word_1_271' title='bbox 664 2864 751 2906; x_wconf 89' lang='lat' dir='ltr'>auro</span> <span class='ocrx_word' id='word_1_272' title='bbox 774 2847 899 2922; x_wconf 81' lang='lat' dir='ltr'>gravia</span> <span class='ocrx_word' id='word_1_273' title='bbox 921 2853 1101 2924; x_wconf 79' lang='lat' dir='ltr'>scutoque</span> <span class='ocrx_word' id='word_1_274' title='bbox 1124 2843 1338 2923; x_wconf 86' lang='lat' dir='ltr'>elephanto:</span> 
     </span>
    </p>

    <p class='ocr_par' dir='ltr' id='par_1_6' title="bbox 210 2947 1574 3334">
     <span class='ocr_line' id='line_1_27' title="bbox 210 2947 1574 3025; baseline 0.001 -18"><span class='ocrx_word' id='word_1_275' title='bbox 210 2961 215 2969; x_wconf 87' lang='grc'><em>·</em></span> <span class='ocrx_word' id='word_1_276' title='bbox 239 2949 315 3009; x_wconf 88' lang='lat' dir='ltr'>dona</span> <span class='ocrx_word' id='word_1_277' title='bbox 339 2947 446 3008; x_wconf 91' lang='lat' dir='ltr'>dehinc</span> <span class='ocrx_word' id='word_1_278' title='bbox 469 2965 542 3007; x_wconf 93' lang='lat' dir='ltr'>auro</span> <span class='ocrx_word' id='word_1_279' title='bbox 565 2949 679 3024; x_wconf 84' lang='lat' dir='ltr'>gravia,</span> <span class='ocrx_word' id='word_1_280' title='bbox 700 2957 773 3008; x_wconf 71' lang='lat' dir='ltr'>ecce</span> <span class='ocrx_word' id='word_1_281' title='bbox 796 2967 830 3007; x_wconf 91' lang='lat' dir='ltr'>ro</span> <span class='ocrx_word' id='word_1_282' title='bbox 852 2949 960 3024; x_wconf 84' lang='lat' dir='ltr'>gravia.</span> <span class='ocrx_word' id='word_1_283' title='bbox 1005 2949 1054 3025; x_wconf 87' lang='lat' dir='ltr'>qui</span> <span class='ocrx_word' id='word_1_284' title='bbox 1083 2948 1193 3007; x_wconf 88' lang='lat' dir='ltr'>nesciat</span> <span class='ocrx_word' id='word_1_285' title='bbox 1221 2964 1314 3022; x_wconf 84' lang='lat' dir='ltr'>genus</span> <span class='ocrx_word' id='word_1_286' title='bbox 1336 2955 1474 3010; x_wconf 86' lang='lat' dir='ltr'>neutrum</span> <span class='ocrx_word' id='word_1_287' title='bbox 1497 2947 1531 3007; x_wconf 92' lang='lat' dir='ltr'>in</span> <span class='ocrx_word' id='word_1_288' title='bbox 1546 2968 1574 3008; x_wconf 82' lang='lat'>25</span> 
     </span>
     <span class='ocr_line' id='line_1_28' title="bbox 240 3049 1533 3129; baseline -0.001 -19"><span class='ocrx_word' id='word_1_289' title='bbox 240 3070 363 3111; x_wconf 90' lang='lat' dir='ltr'>numero</span> <span class='ocrx_word' id='word_1_290' title='bbox 386 3049 494 3129; x_wconf 90' lang='lat' dir='ltr'>plurali</span> <span class='ocrx_word' id='word_1_291' title='bbox 517 3051 647 3126; x_wconf 76' lang='lat' dir='ltr'>corripi?</span> <span class='ocrx_word' id='word_1_292' title='bbox 676 3068 757 3110; x_wconf 90' lang='lat' dir='ltr'>arma</span> <span class='ocrx_word' id='word_1_293' title='bbox 786 3051 941 3127; x_wconf 84' lang='lat' dir='ltr'>virumque</span> <span class='ocrx_word' id='word_1_294' title='bbox 970 3066 1058 3108; x_wconf 91' lang='lat' dir='ltr'>cauo:</span> <span class='ocrx_word' id='word_1_295' title='bbox 1089 3067 1185 3117; x_wconf 89' lang='lat' dir='ltr'>arma,</span> <span class='ocrx_word' id='word_1_296' title='bbox 1214 3068 1229 3108; x_wconf 93' lang='lat' dir='ltr'>a</span> <span class='ocrx_word' id='word_1_297' title='bbox 1253 3049 1429 3126; x_wconf 92' lang='lat' dir='ltr'>corripitur,</span> <span class='ocrx_word' id='word_1_298' title='bbox 1458 3050 1533 3127; x_wconf 83' lang='lat' dir='ltr'>qrria</span> 
     </span>
     <span class='ocr_line' id='line_1_29' title="bbox 237 3147 1533 3232; baseline -0.005 -17"><span class='ocrx_word' id='word_1_299' title='bbox 237 3155 357 3232; x_wconf 77' lang='lat' dir='ltr'>generis</span> <span class='ocrx_word' id='word_1_300' title='bbox 380 3155 476 3213; x_wconf 87' lang='lat' dir='ltr'>neutri</span> <span class='ocrx_word' id='word_1_301' title='bbox 499 3161 552 3212; x_wconf 89' lang='lat' dir='ltr'>est.</span> <span class='ocrx_word' id='word_1_302' title='bbox 599 3169 669 3229; x_wconf 85' lang='lat' dir='ltr'>ergo</span> <span class='ocrx_word' id='word_1_303' title='bbox 692 3150 791 3220; x_wconf 91' lang='lat' dir='ltr'>hahes,</span> <span class='ocrx_word' id='word_1_304' title='bbox 816 3170 891 3230; x_wconf 85' lang='lat' dir='ltr'>quae</span> <span class='ocrx_word' id='word_1_305' title='bbox 913 3159 1027 3229; x_wconf 91' lang='lat' dir='ltr'>partem</span> <span class='ocrx_word' id='word_1_306' title='bbox 1051 3152 1189 3210; x_wconf 88' lang='lat' dir='ltr'>terminat</span> <span class='ocrx_word' id='word_1_307' title='bbox 1213 3151 1355 3211; x_wconf 88' lang='lat' dir='ltr'>orationis</span> <span class='ocrx_word' id='word_1_308' title='bbox 1379 3147 1460 3211; x_wconf 92' lang='lat' dir='ltr'>nulla</span> <span class='ocrx_word' id='word_1_309' title='bbox 1478 3168 1533 3209; x_wconf 88' lang='lat' dir='ltr'>vo-</span> 
     </span>
     <span class='ocr_line' id='line_1_30' title="bbox 240 3252 978 3334; baseline -0.008 -17"><span class='ocrx_word' id='word_1_310' title='bbox 240 3255 295 3318; x_wconf 89' lang='lat' dir='ltr'>cali</span> <span class='ocrx_word' id='word_1_311' title='bbox 318 3262 532 3334; x_wconf 83' lang='lat' dir='ltr'>consequente,</span> <span class='ocrx_word' id='word_1_312' title='bbox 558 3261 656 3314; x_wconf 91' lang='lat' dir='ltr'>tamen</span> <span class='ocrx_word' id='word_1_313' title='bbox 678 3272 733 3333; x_wconf 88' lang='lat' dir='ltr'>pro</span> <span class='ocrx_word' id='word_1_314' title='bbox 756 3253 844 3332; x_wconf 82' lang='lat' dir='ltr'>longa</span> <span class='ocrx_word' id='word_1_315' title='bbox 866 3252 978 3312; x_wconf 85' lang='lat' dir='ltr'>haberi.</span> 
     </span>
    </p>

    <p class='ocr_par' dir='ltr' id='par_1_7' title="bbox 121 3352 1532 3436">
     <span class='ocr_line' id='line_1_31' title="bbox 121 3352 1532 3436; baseline -0.004 -17"><span class='ocrx_word' id='word_1_316' title='bbox 121 3360 226 3420; x_wconf 61' lang='grc'>41129</span> <span class='ocrx_word' id='word_1_317' title='bbox 324 3359 396 3418; x_wconf 89' lang='lat' dir='ltr'>ltem</span> <span class='ocrx_word' id='word_1_318' title='bbox 420 3360 445 3418; x_wconf 91' lang='lat' dir='ltr'>si</span> <span class='ocrx_word' id='word_1_319' title='bbox 468 3355 672 3436; x_wconf 83' lang='lat' dir='ltr'>diphthongon</span> <span class='ocrx_word' id='word_1_320' title='bbox 696 3355 804 3415; x_wconf 86' lang='lat' dir='ltr'>vocalis</span> <span class='ocrx_word' id='word_1_321' title='bbox 827 3364 976 3434; x_wconf 81' lang='lat' dir='ltr'>sequatur.</span> <span class='ocrx_word' id='word_1_322' title='bbox 1022 3353 1117 3433; x_wconf 82' lang='lat' dir='ltr'>qualis</span> <span class='ocrx_word' id='word_1_323' title='bbox 1140 3355 1182 3414; x_wconf 81' lang='lat' dir='ltr'>vis</span> <span class='ocrx_word' id='word_1_324' title='bbox 1205 3354 1270 3415; x_wconf 91' lang='lat' dir='ltr'>talis</span> <span class='ocrx_word' id='word_1_325' title='bbox 1285 3356 1355 3416; x_wconf 68' lang='lat' dir='ltr'>,estl</span> <span class='ocrx_word' id='word_1_326' title='bbox 1377 3352 1426 3414; x_wconf 85' lang='lat' dir='ltr'>illa</span> <span class='ocrx_word' id='word_1_327' title='bbox 1443 3352 1532 3433; x_wconf 84' lang='lat' dir='ltr'>diph-</span> 
     </span>
    </p>

    <p class='ocr_par' dir='ltr' id='par_1_8' title="bbox 122 3435 1575 4145">
     <span class='ocr_line' id='line_1_32' title="bbox 122 3435 1574 3538; baseline -0.001 -19"><span class='ocrx_word' id='word_1_328' title='bbox 122 3435 181 3496; x_wconf 53' lang='grc' dir='ltr'>Μ’</span> <span class='ocrx_word' id='word_1_329' title='bbox 196 3449 225 3496; x_wconf 72' lang='lat'>¹4</span> <span class='ocrx_word' id='word_1_330' title='bbox 240 3460 367 3538; x_wconf 85' lang='lat' dir='ltr'>tlnmgus</span> <span class='ocrx_word' id='word_1_331' title='bbox 388 3460 458 3519; x_wconf 89' lang='lat' dir='ltr'>licet</span> <span class='ocrx_word' id='word_1_332' title='bbox 479 3456 653 3519; x_wconf 88' lang='lat' dir='ltr'>naturaliter</span> <span class='ocrx_word' id='word_1_333' title='bbox 676 3457 761 3534; x_wconf 81' lang='lat' dir='ltr'>longa</span> <span class='ocrx_word' id='word_1_334' title='bbox 784 3459 838 3526; x_wconf 89' lang='lat' dir='ltr'>sit,</span> <span class='ocrx_word' id='word_1_335' title='bbox 863 3466 960 3517; x_wconf 88' lang='lat' dir='ltr'>tamen</span> <span class='ocrx_word' id='word_1_336' title='bbox 983 3462 1080 3535; x_wconf 91' lang='lat' dir='ltr'>potest</span> <span class='ocrx_word' id='word_1_337' title='bbox 1100 3474 1156 3535; x_wconf 91' lang='lat' dir='ltr'>pro</span> <span class='ocrx_word' id='word_1_338' title='bbox 1178 3456 1261 3516; x_wconf 79' lang='lat' dir='ltr'>brevi</span> <span class='ocrx_word' id='word_1_339' title='bbox 1284 3457 1363 3535; x_wconf 91' lang='lat' dir='ltr'>poni.</span> <span class='ocrx_word' id='word_1_340' title='bbox 1388 3456 1533 3516; x_wconf 80' lang='lat' dir='ltr'>‘Musae</span> <span class='ocrx_word' id='word_1_341' title='bbox 1547 3478 1574 3519; x_wconf 84' lang='lat' dir='ltr'>ao</span> 
     </span>
     <span class='ocr_line' id='line_1_33' title="bbox 240 3555 1534 3637; baseline -0.003 -15"><span class='ocrx_word' id='word_1_342' title='bbox 240 3561 431 3622; x_wconf 78' lang='lat' dir='ltr'>Aonides&#39;:</span> <span class='ocrx_word' id='word_1_343' title='bbox 476 3561 576 3621; x_wconf 90' lang='lat' dir='ltr'>hlusae</span> <span class='ocrx_word' id='word_1_344' title='bbox 603 3559 752 3637; x_wconf 88' lang='lat' dir='ltr'>spondeus</span> <span class='ocrx_word' id='word_1_345' title='bbox 782 3568 840 3628; x_wconf 90' lang='lat' dir='ltr'>est,</span> <span class='ocrx_word' id='word_1_346' title='bbox 872 3560 940 3619; x_wconf 84' lang='lat' dir='ltr'>licut</span> <span class='ocrx_word' id='word_1_347' title='bbox 974 3566 1113 3637; x_wconf 84' lang='lat' dir='ltr'>sequatur</span> <span class='ocrx_word' id='word_1_348' title='bbox 1140 3558 1283 3626; x_wconf 64' lang='lat' dir='ltr'>nunidem</span> <span class='ocrx_word' id='word_1_349' title='bbox 1314 3576 1328 3617; x_wconf 90' lang='lat' dir='ltr'>a</span> <span class='ocrx_word' id='word_1_350' title='bbox 1357 3575 1416 3617; x_wconf 92' lang='lat' dir='ltr'>nou</span> <span class='ocrx_word' id='word_1_351' title='bbox 1444 3555 1534 3618; x_wconf 84' lang='lat' dir='ltr'>solvit</span> 
     </span>
     <span class='ocr_line' id='line_1_34' title="bbox 239 3656 1532 3739; baseline -0.001 -19"><span class='ocrx_word' id='word_1_352' title='bbox 239 3660 329 3721; x_wconf 88' lang='lat' dir='ltr'>illam.</span> <span class='ocrx_word' id='word_1_353' title='bbox 375 3664 404 3721; x_wconf 92' lang='lat' dir='ltr'>iu</span> <span class='ocrx_word' id='word_1_354' title='bbox 427 3659 477 3721; x_wconf 90' lang='lat' dir='ltr'>illo</span> <span class='ocrx_word' id='word_1_355' title='bbox 507 3660 641 3739; x_wconf 87' lang='lat' dir='ltr'>exemplo</span> <span class='ocrx_word' id='word_1_356' title='bbox 671 3660 834 3720; x_wconf 78' lang='lat' dir='ltr'>‘insulae</span> <span class='ocrx_word' id='word_1_357' title='bbox 863 3659 965 3720; x_wconf 91' lang='lat' dir='ltr'>lunio</span> <span class='ocrx_word' id='word_1_358' title='bbox 995 3662 1031 3720; x_wconf 92' lang='lat' dir='ltr'>in</span> <span class='ocrx_word' id='word_1_359' title='bbox 1059 3664 1205 3739; x_wconf 80' lang='lat' dir='ltr'>magno&#39;</span> <span class='ocrx_word' id='word_1_360' title='bbox 1235 3659 1368 3719; x_wconf 88' lang='lat' dir='ltr'>solvitur.</span> <span class='ocrx_word' id='word_1_361' title='bbox 1413 3656 1532 3719; x_wconf 87' lang='lat' dir='ltr'>insulae</span> 
     </span>
     <span class='ocr_line' id='line_1_35' title="bbox 241 3759 1535 3842; baseline 0 -20"><span class='ocrx_word' id='word_1_362' title='bbox 241 3762 458 3842; x_wconf 89' lang='lat' dir='ltr'>amphimacrus</span> <span class='ocrx_word' id='word_1_363' title='bbox 482 3771 539 3831; x_wconf 81' lang='lat' dir='ltr'>ost,</span> <span class='ocrx_word' id='word_1_364' title='bbox 569 3762 621 3822; x_wconf 89' lang='lat' dir='ltr'>scd</span> <span class='ocrx_word' id='word_1_365' title='bbox 649 3764 790 3839; x_wconf 90' lang='lat' dir='ltr'>quoniam</span> <span class='ocrx_word' id='word_1_366' title='bbox 817 3764 950 3841; x_wconf 81' lang='lat' dir='ltr'>sequitur</span> <span class='ocrx_word' id='word_1_367' title='bbox 973 3761 1069 3832; x_wconf 91' lang='lat' dir='ltr'>louio,</span> <span class='ocrx_word' id='word_1_368' title='bbox 1097 3765 1107 3823; x_wconf 91' lang='lat' dir='ltr'>i</span> <span class='ocrx_word' id='word_1_369' title='bbox 1130 3761 1238 3822; x_wconf 89' lang='lat' dir='ltr'>vocalis</span> <span class='ocrx_word' id='word_1_370' title='bbox 1266 3760 1350 3821; x_wconf 88' lang='lat' dir='ltr'>solvit</span> <span class='ocrx_word' id='word_1_371' title='bbox 1376 3759 1471 3830; x_wconf 89' lang='lat' dir='ltr'>illam,</span> <span class='ocrx_word' id='word_1_372' title='bbox 1503 3770 1535 3822; x_wconf 86' lang='lat' dir='ltr'>et</span> 
     </span>
     <span class='ocr_line' id='line_1_36' title="bbox 240 3859 1534 3943; baseline -0.001 -19"><span class='ocrx_word' id='word_1_373' title='bbox 240 3865 398 3942; x_wconf 90' lang='lat' dir='ltr'>incipimus</span> <span class='ocrx_word' id='word_1_374' title='bbox 421 3862 520 3924; x_wconf 89' lang='lat' dir='ltr'>dicere</span> <span class='ocrx_word' id='word_1_375' title='bbox 544 3883 602 3925; x_wconf 94' lang='lat' dir='ltr'>non</span> <span class='ocrx_word' id='word_1_376' title='bbox 626 3883 691 3924; x_wconf 86' lang='lat' dir='ltr'>esse</span> <span class='ocrx_word' id='word_1_377' title='bbox 707 3863 955 3942; x_wconf 84' lang='lat' dir='ltr'>amphimacrum,</span> <span class='ocrx_word' id='word_1_378' title='bbox 980 3863 1031 3923; x_wconf 85' lang='lat' dir='ltr'>sed</span> <span class='ocrx_word' id='word_1_379' title='bbox 1047 3863 1208 3943; x_wconf 73' lang='lat' dir='ltr'>dactylum,</span> <span class='ocrx_word' id='word_1_380' title='bbox 1232 3865 1374 3943; x_wconf 82' lang='lat' dir='ltr'>quoniam</span> <span class='ocrx_word' id='word_1_381' title='bbox 1398 3859 1534 3923; x_wconf 87' lang='lat' dir='ltr'>vocalem</span> 
     </span>
     <span class='ocr_line' id='line_1_37' title="bbox 241 3962 1575 4045; baseline 0.004 -22"><span class='ocrx_word' id='word_1_382' title='bbox 241 3963 350 4027; x_wconf 89' lang='lat' dir='ltr'>vocalis</span> <span class='ocrx_word' id='word_1_383' title='bbox 382 3967 521 4045; x_wconf 88' lang='lat' dir='ltr'>sequitur.</span> <span class='ocrx_word' id='word_1_384' title='bbox 567 3965 618 4026; x_wconf 88' lang='lat' dir='ltr'>sed</span> <span class='ocrx_word' id='word_1_385' title='bbox 646 3966 702 4025; x_wconf 92' lang='lat' dir='ltr'>hoc</span> <span class='ocrx_word' id='word_1_386' title='bbox 735 3968 794 4024; x_wconf 88' lang='lat' dir='ltr'>n&#39;on</span> <span class='ocrx_word' id='word_1_387' title='bbox 829 3975 873 4025; x_wconf 90' lang='lat' dir='ltr'>cst</span> <span class='ocrx_word' id='word_1_388' title='bbox 906 3964 956 4024; x_wconf 91' lang='lat' dir='ltr'>uhi</span> <span class='ocrx_word' id='word_1_389' title='bbox 983 3964 1099 4044; x_wconf 84' lang='lat' dir='ltr'>longam</span> <span class='ocrx_word' id='word_1_390' title='bbox 1127 3963 1267 4044; x_wconf 76' lang='lat' dir='ltr'>syllabam</span> <span class='ocrx_word' id='word_1_391' title='bbox 1295 3962 1404 4024; x_wconf 87' lang='lat' dir='ltr'>vocalis</span> <span class='ocrx_word' id='word_1_392' title='bbox 1431 3965 1575 4044; x_wconf 83' lang='lat' dir='ltr'>sequi-as</span> 
     </span>
     <span class='ocr_line' id='line_1_38' title="bbox 242 4064 1532 4145; baseline 0 -18"><span class='ocrx_word' id='word_1_393' title='bbox 242 4077 298 4128; x_wconf 93' lang='lat' dir='ltr'>tur.</span> <span class='ocrx_word' id='word_1_394' title='bbox 342 4085 410 4127; x_wconf 89' lang='lat' dir='ltr'>nam</span> <span class='ocrx_word' id='word_1_395' title='bbox 442 4068 488 4127; x_wconf 86' lang='lat' dir='ltr'>iao</span> <span class='ocrx_word' id='word_1_396' title='bbox 522 4066 609 4127; x_wconf 87' lang='lat' dir='ltr'>talem</span> <span class='ocrx_word' id='word_1_397' title='bbox 642 4085 774 4135; x_wconf 88' lang='lat' dir='ltr'>versum,</span> <span class='ocrx_word' id='word_1_398' title='bbox 805 4066 932 4128; x_wconf 75' lang='lat' dir='ltr'>‘insulas</span> <span class='ocrx_word' id='word_1_399' title='bbox 959 4067 1042 4128; x_wconf 90' lang='lat' dir='ltr'>lunio</span> <span class='ocrx_word' id='word_1_400' title='bbox 1069 4070 1099 4126; x_wconf 93' lang='lat' dir='ltr'>in</span> <span class='ocrx_word' id='word_1_401' title='bbox 1129 4072 1263 4145; x_wconf 82' lang='lat' dir='ltr'>magno&#39;3</span> <span class='ocrx_word' id='word_1_402' title='bbox 1290 4066 1334 4127; x_wconf 91' lang='lat' dir='ltr'>las</span> <span class='ocrx_word' id='word_1_403' title='bbox 1360 4064 1448 4145; x_wconf 80' lang='lat' dir='ltr'>longa</span> <span class='ocrx_word' id='word_1_404' title='bbox 1477 4075 1532 4137; x_wconf 84' lang='lat' dir='ltr'>est,</span> 
     </span>
    </p>
   </div>
   <div class='ocr_carea' id='block_1_3' title="bbox 245 4222 371 4230">
    <p class='ocr_par' dir='ltr' id='par_1_9' title="bbox 245 4222 371 4230">
     <span class='ocr_line' id='line_1_39' title="bbox 245 4222 371 4230; baseline -0.024 0"><span class='ocrx_word' id='word_1_405' title='bbox 245 4222 371 4230; x_wconf 76' lang='lat'><em>——-——-</em></span> 
     </span>
    </p>
   </div>
   <div class='ocr_carea' id='block_1_4' title="bbox 243 4320 1535 4581">
    <p class='ocr_par' dir='ltr' id='par_1_10' title="bbox 243 4320 1535 4580">
     <span class='ocr_line' id='line_1_40' title="bbox 312 4320 1534 4388; baseline -0.001 -14"><span class='ocrx_word' id='word_1_406' title='bbox 312 4320 450 4388; x_wconf 84' lang='lat' dir='ltr'>3iucipio]</span> <span class='ocrx_word' id='word_1_407' title='bbox 476 4323 554 4386; x_wconf 76' lang='lat' dir='ltr'>Verp.</span> <span class='ocrx_word' id='word_1_408' title='bbox 576 4322 639 4374; x_wconf 76' lang='lat' dir='ltr'>Aen</span> <span class='ocrx_word' id='word_1_409' title='bbox 662 4322 748 4371; x_wconf 81' lang='grc'>11318</span> <span class='ocrx_word' id='word_1_410' title='bbox 812 4322 912 4385; x_wconf 86' lang='lat' dir='ltr'>superis</span> <span class='ocrx_word' id='word_1_411' title='bbox 929 4321 1113 4386; x_wconf 82' lang='lat' dir='ltr'>BCsupcrius</span> <span class='ocrx_word' id='word_1_412' title='bbox 1130 4338 1198 4374; x_wconf 85' lang='lat' dir='ltr'>corr.</span> <span class='ocrx_word' id='word_1_413' title='bbox 1220 4323 1359 4387; x_wconf 80' lang='lat' dir='ltr'>superisA</span> <span class='ocrx_word' id='word_1_414' title='bbox 1415 4320 1446 4373; x_wconf 83' lang='lat'>13</span> <span class='ocrx_word' id='word_1_415' title='bbox 1462 4323 1534 4387; x_wconf 82' lang='lat' dir='ltr'>apud</span> 
     </span>
     <span class='ocr_line' id='line_1_41' title="bbox 243 4392 1533 4446; baseline -0.005 0"><span class='ocrx_word' id='word_1_416' title='bbox 243 4395 544 4446; x_wconf 80' lang='lat' dir='ltr'>Graecosuouservatnr</span> <span class='ocrx_word' id='word_1_417' title='bbox 562 4407 607 4444; x_wconf 88' lang='lat' dir='ltr'>om</span> <span class='ocrx_word' id='word_1_418' title='bbox 623 4392 688 4443; x_wconf 80' lang='lat' dir='ltr'>Ao</span> <span class='ocrx_word' id='word_1_419' title='bbox 703 4393 764 4446; x_wconf 71' lang='lat' dir='ltr'>ardel,</span> <span class='ocrx_word' id='word_1_420' title='bbox 777 4408 813 4441; x_wconf 83' lang='lat' dir='ltr'>oo</span> <span class='ocrx_word' id='word_1_421' title='bbox 869 4393 898 4441; x_wconf 84' lang='grc'>14</span> <span class='ocrx_word' id='word_1_422' title='bbox 914 4407 997 4440; x_wconf 80' lang='lat' dir='ltr'>sermo</span> <span class='ocrx_word' id='word_1_423' title='bbox 1010 4408 1078 4444; x_wconf 72' lang='lat' dir='ltr'>corr</span> <span class='ocrx_word' id='word_1_424' title='bbox 1093 4393 1221 4443; x_wconf 82' lang='lat' dir='ltr'>uersnsB</span> <span class='ocrx_word' id='word_1_425' title='bbox 1237 4408 1326 4442; x_wconf 85' lang='lat' dir='ltr'>uersus</span> <span class='ocrx_word' id='word_1_426' title='bbox 1340 4392 1387 4441; x_wconf 76' lang='lat' dir='ltr'>Ac</span> <span class='ocrx_word' id='word_1_427' title='bbox 1439 4393 1472 4443; x_wconf 82' lang='lat'>15</span> <span class='ocrx_word' id='word_1_428' title='bbox 1486 4393 1533 4441; x_wconf 86' lang='lat' dir='ltr'>Te</span> 
     </span>
     <span class='ocr_line' id='line_1_42' title="bbox 243 4459 1535 4581; baseline -0.003 -65"><span class='ocrx_word' id='word_1_429' title='bbox 243 4460 426 4529; x_wconf 84' lang='lat' dir='ltr'>rerrtiauus]o.</span> <span class='ocrx_word' id='word_1_430' title='bbox 449 4462 513 4512; x_wconf 82' lang='lat' dir='ltr'>llll2</span> <span class='ocrx_word' id='word_1_431' title='bbox 532 4478 587 4527; x_wconf 80' lang='lat' dir='ltr'>sqq.</span> <span class='ocrx_word' id='word_1_432' title='bbox 673 4462 708 4512; x_wconf 77' lang='lat'>20</span> <span class='ocrx_word' id='word_1_433' title='bbox 726 4478 783 4511; x_wconf 84' lang='lat' dir='ltr'>narn</span> <span class='ocrx_word' id='word_1_434' title='bbox 786 4459 899 4525; x_wconf 72' lang='lat' dir='ltr'>chrp</span> <span class='ocrx_word' id='word_1_435' title='bbox 920 4462 986 4512; x_wconf 78' lang='lat' dir='ltr'>Aeo.</span> <span class='ocrx_word' id='word_1_436' title='bbox 1007 4459 1099 4512; x_wconf 76' lang='lat' dir='ltr'>xant</span> <span class='ocrx_word' id='word_1_437' title='bbox 1187 4465 1221 4512; x_wconf 70' lang='grc'>22</span> <span class='ocrx_word' id='word_1_438' title='bbox 1234 4472 1347 4581; x_wconf 46' lang='lat' dir='ltr'>(partem</span> <span class='ocrx_word' id='word_1_439' title='bbox 1370 4463 1489 4511; x_wconf 84' lang='lat' dir='ltr'>terminat</span> <span class='ocrx_word' id='word_1_440' title='bbox 1508 4463 1535 4512; x_wconf 88' lang='lat' dir='ltr'><em>B</em></span> 
     </span>
    </p>
   </div>
   <div class='ocr_carea' id='block_1_5' title="bbox 244 4531 1536 4879">
    <p class='ocr_par' dir='ltr' id='par_1_11' title="bbox 244 4531 1536 4879">
     <span class='ocr_line' id='line_1_43' title="bbox 244 4531 1536 4601; baseline -0.001 -18"><span class='ocrx_word' id='word_1_441' title='bbox 244 4532 933 4601; x_wconf 77' lang='lat' dir='ltr'>partemteruuuuthternnnatpartemApartem</span> <span class='ocrx_word' id='word_1_442' title='bbox 954 4532 1131 4583; x_wconf 68' lang='lat' dir='ltr'>terminabitur</span> <span class='ocrx_word' id='word_1_443' title='bbox 1184 4535 1217 4582; x_wconf 78' lang='grc'>24</span> <span class='ocrx_word' id='word_1_444' title='bbox 1269 4532 1347 4582; x_wconf 86' lang='lat' dir='ltr'>uoC</span> <span class='ocrx_word' id='word_1_445' title='bbox 1371 4533 1450 4598; x_wconf 76' lang='lat' dir='ltr'>Verp.</span> <span class='ocrx_word' id='word_1_446' title='bbox 1464 4531 1536 4582; x_wconf 80' lang='lat' dir='ltr'>Aen</span> 
     </span>
     <span class='ocr_line' id='line_1_44' title="bbox 244 4601 1535 4666; baseline -0.002 -11"><span class='ocrx_word' id='word_1_447' title='bbox 244 4604 347 4655; x_wconf 81' lang='grc'>1111114</span> <span class='ocrx_word' id='word_1_448' title='bbox 431 4601 603 4666; x_wconf 76' lang='lat' dir='ltr'>cliplrautoi</span> <span class='ocrx_word' id='word_1_449' title='bbox 690 4603 891 4652; x_wconf 67' lang='lat' dir='ltr'>aodouocorr.</span> <span class='ocrx_word' id='word_1_450' title='bbox 906 4602 1011 4651; x_wconf 80' lang='lat' dir='ltr'>dontG</span> <span class='ocrx_word' id='word_1_451' title='bbox 1094 4602 1126 4653; x_wconf 90' lang='grc'>31</span> <span class='ocrx_word' id='word_1_452' title='bbox 1145 4602 1419 4665; x_wconf 79' lang='lat' dir='ltr'>sequaturaaonides</span> <span class='ocrx_word' id='word_1_453' title='bbox 1438 4616 1488 4650; x_wconf 92' lang='lat' dir='ltr'>non</span> <span class='ocrx_word' id='word_1_454' title='bbox 1508 4604 1535 4653; x_wconf 88' lang='lat' dir='ltr'><em>B</em></span> 
     </span>
     <span class='ocr_line' id='line_1_45' title="bbox 244 4668 1532 4738; baseline -0.002 -14"><span class='ocrx_word' id='word_1_455' title='bbox 244 4685 333 4738; x_wconf 89' lang='lat' dir='ltr'>sequat</span> <span class='ocrx_word' id='word_1_456' title='bbox 354 4689 369 4722; x_wconf 87' lang='lat' dir='ltr'>a</span> <span class='ocrx_word' id='word_1_457' title='bbox 392 4673 497 4721; x_wconf 82' lang='lat' dir='ltr'>aonides</span> <span class='ocrx_word' id='word_1_458' title='bbox 521 4687 570 4720; x_wconf 91' lang='lat' dir='ltr'>nou</span> <span class='ocrx_word' id='word_1_459' title='bbox 590 4673 610 4721; x_wconf 83' lang='lat' dir='ltr'><em>C</em></span> <span class='ocrx_word' id='word_1_460' title='bbox 632 4682 752 4734; x_wconf 80' lang='lat' dir='ltr'>sequatur</span> <span class='ocrx_word' id='word_1_461' title='bbox 770 4672 800 4734; x_wconf 85' lang='lat' dir='ltr'>(a</span> <span class='ocrx_word' id='word_1_462' title='bbox 818 4674 878 4722; x_wconf 82' lang='lat' dir='ltr'>odd.</span> <span class='ocrx_word' id='word_1_463' title='bbox 898 4669 945 4733; x_wconf 64' lang='grc' dir='ltr'>α’)</span> <span class='ocrx_word' id='word_1_464' title='bbox 964 4672 1062 4720; x_wconf 79' lang='grc' dir='ltr'><strong>οοοίοΙίο</strong></span> <span class='ocrx_word' id='word_1_465' title='bbox 1088 4688 1137 4722; x_wconf 92' lang='lat' dir='ltr'>non</span> <span class='ocrx_word' id='word_1_466' title='bbox 1155 4673 1180 4720; x_wconf 75' lang='lat' dir='ltr'><em>A</em></span> <span class='ocrx_word' id='word_1_467' title='bbox 1263 4672 1297 4722; x_wconf 80' lang='lat'>32</span> <span class='ocrx_word' id='word_1_468' title='bbox 1314 4668 1425 4738; x_wconf 85' lang='lat' dir='ltr'>insulae]</span> <span class='ocrx_word' id='word_1_469' title='bbox 1451 4673 1532 4737; x_wconf 70' lang='lat' dir='ltr'>Vero.</span> 
     </span>
     <span class='ocr_line' id='line_1_46' title="bbox 244 4741 1533 4805; baseline -0.002 -11"><span class='ocrx_word' id='word_1_470' title='bbox 244 4746 310 4798; x_wconf 82' lang='lat' dir='ltr'>Aea.</span> <span class='ocrx_word' id='word_1_471' title='bbox 330 4744 365 4794; x_wconf 84' lang='lat' dir='ltr'>lli</span> <span class='ocrx_word' id='word_1_472' title='bbox 384 4744 433 4795; x_wconf 76' lang='lat'>211</span> <span class='ocrx_word' id='word_1_473' title='bbox 505 4741 538 4792; x_wconf 78' lang='lat'>35</span> <span class='ocrx_word' id='word_1_474' title='bbox 556 4742 651 4790; x_wconf 87' lang='lat' dir='ltr'>vocalis</span> <span class='ocrx_word' id='word_1_475' title='bbox 670 4743 784 4804; x_wconf 84' lang='lat' dir='ltr'>seqnitur</span> <span class='ocrx_word' id='word_1_476' title='bbox 797 4743 842 4791; x_wconf 81' lang='lat' dir='ltr'>sed</span> <span class='ocrx_word' id='word_1_477' title='bbox 861 4741 909 4790; x_wconf 91' lang='lat' dir='ltr'>hoc</span> <span class='ocrx_word' id='word_1_478' title='bbox 927 4741 961 4789; x_wconf 88' lang='lat' dir='ltr'>ihi</span> <span class='ocrx_word' id='word_1_479' title='bbox 978 4742 1021 4790; x_wconf 91' lang='lat' dir='ltr'>ubi</span> <span class='ocrx_word' id='word_1_480' title='bbox 1039 4742 1140 4792; x_wconf 82' lang='lat' dir='ltr'>brevem</span> <span class='ocrx_word' id='word_1_481' title='bbox 1159 4741 1282 4805; x_wconf 84' lang='lat' dir='ltr'>syllabam</span> <span class='ocrx_word' id='word_1_482' title='bbox 1301 4742 1397 4792; x_wconf 86' lang='lat' dir='ltr'>vocalis</span> <span class='ocrx_word' id='word_1_483' title='bbox 1416 4743 1533 4805; x_wconf 88' lang='lat' dir='ltr'>sequitur</span> 
     </span>
     <span class='ocr_line' id='line_1_47' title="bbox 245 4812 1083 4879; baseline -0.005 -15"><span class='ocrx_word' id='word_1_484' title='bbox 245 4815 292 4864; x_wconf 82' lang='lat' dir='ltr'>sed</span> <span class='ocrx_word' id='word_1_485' title='bbox 309 4814 357 4864; x_wconf 88' lang='lat' dir='ltr'>hoc</span> <span class='ocrx_word' id='word_1_486' title='bbox 374 4829 423 4863; x_wconf 88' lang='lat' dir='ltr'>uon</span> <span class='ocrx_word' id='word_1_487' title='bbox 441 4823 479 4862; x_wconf 89' lang='lat' dir='ltr'>est</span> <span class='ocrx_word' id='word_1_488' title='bbox 495 4813 536 4861; x_wconf 92' lang='lat' dir='ltr'>uhi</span> <span class='ocrx_word' id='word_1_489' title='bbox 552 4813 653 4879; x_wconf 79' lang='lat' dir='ltr'>longum</span> <span class='ocrx_word' id='word_1_490' title='bbox 673 4812 797 4877; x_wconf 82' lang='lat' dir='ltr'>syllabam</span> <span class='ocrx_word' id='word_1_491' title='bbox 816 4812 909 4860; x_wconf 86' lang='lat' dir='ltr'>vocalis</span> <span class='ocrx_word' id='word_1_492' title='bbox 928 4813 1041 4873; x_wconf 63' lang='lat' dir='ltr'>munitur</span> <span class='ocrx_word' id='word_1_493' title='bbox 1059 4813 1083 4860; x_wconf 85' lang='lat' dir='ltr'><em>B</em></span> 
     </span>
    </p>
   </div>
   <div class='ocr_carea' id='block_1_6' title="bbox 0 0 1696 5498">
    <p class='ocr_par' dir='ltr' id='par_1_12' title="bbox 0 0 1696 5498">
     <span class='ocr_line' id='line_1_48' title="bbox 0 0 1696 5498; baseline 0 0"><span class='ocrx_word' id='word_1_494' title='bbox 0 0 1696 5498; x_wconf 95' lang='lat' dir='ltr'> </span> 
     </span>
    </p>
   </div>
  </div>
 </body>
</html>
