3346 5498
677 370 913 433 couucurvu
1377 337 1468 434 231'

1254 494 1277 535 p.
1290 481 1380 522 δοῦ-ιδ
1393 480 1416 521 1.

144 563 235 624 terito
257 560 424 641 inperfecto
440 568 469 621 et
484 562 584 621 tuturo
600 560 722 619 activam
745 557 835 619 babet
857 559 1100 630 declinationem,
1123 563 1284 640 praeterito
1305 562 1440 640 perlecto

144 673 174 724 et
195 663 486 743 plusquamperfecto
509 665 654 743 passivam
677 661 767 723 babet
789 661 1025 723 declinationem.
1069 662 1184 740 gaudeo
1206 661 1264 722 talc
1287 670 1332 723 εει
1354 663 1440 741 quale

143 765 253 834 doceo,
277 764 443 843 gaudebam
465 763 523 825 talc
547 775 592 825 εει
614 764 701 844 quale
723 763 876 833 docebam,
901 764 1035 842 gaudebo
1058 764 1116 825 tale
1139 774 1183 826 est
1205 765 1291 841 quale
1315 764 1439 826 docebo.

143 870 333 929 econtrario
357 869 437 927 venit
459 868 495 927 ad
519 873 636 946 tempus
658 867 840 946 perlectum,
869 869 985 944 gavisus
1007 886 1088 937 snm,
1111 868 1227 944 gavisus
1250 885 1347 927 eram:
1382 866 1440 928 talc

116 978 189 1031 sest
216 972 333 1048 gavisus
359 988 441 1038 snm,
470 988 504 1029 ac
531 971 557 1029 si
584 968 664 1029 dicas
692 968 796 1030 doctus
824 987 906 1037 snm;
935 968 991 1029 tale
1021 977 1065 1029 est
1095 970 1213 1046 gavisus
1235 987 1333 1038 eram,
1357 989 1391 1029 ac
1413 971 1439 1029 si

143 1073 224 1133 dicas
247 1072 352 1133 doctus
375 1091 467 1132 eram.
512 1090 584 1149 ergo
606 1091 665 1150 qno
688 1071 776 1131 modo
799 1070 987 1134 discriminas
1009 1072 1064 1131 ista
1087 1070 1195 1131 verba?
1233 1079 1266 1132 ut
1287 1089 1341 1150 per
1363 1078 1438 1131 tem·

81 1202 87 1210 ·
141 1194 216 1255 pora
245 1174 421 1235 dividantur.
448 1175 510 1234 sic
537 1181 634 1234 autem
664 1182 799 1253 tempora
826 1175 856 1232 in
886 1172 1026 1233 omnibus
1048 1172 1232 1241 dividuntur,
1258 1171 1437 1253 [indicativi]

142 1284 176 1336 nt
197 1295 337 1356 praesens
359 1285 477 1354 tempus
500 1283 529 1336 et
551 1277 744 1354 praeteritum
766 1277 964 1354 inpcrlectnm
988 1282 1017 1334 et
1039 1275 1169 1334 luturum
1185 1276 1307 1335 activam
1330 1275 1439 1335 habeat

142 1379 405 1456 significationem,
438 1379 632 1457 praeteritum
665 1378 833 1456 perlectum
867 1390 896 1437 ει
933 1376 1258 1456 plusquamperfectum
1290 1379 1438 1457 passivam

102 1479 252 1541 robabeat
266 1481 533 1558 significationem.
576 1478 691 1557 gaudeo
718 1478 884 1556 gaudebam
909 1477 1059 1556 gaudebo,
1087 1480 1144 1538 ista
1166 1480 1258 1539 activa
1280 1487 1363 1548 sunt;
1386 1497 1435 1557 ga·

142 1585 221 1644 visus
250 1601 317 1642 sum
340 1584 456 1660 gavisus
480 1600 560 1642 eram
583 1583 697 1661 passiva
720 1589 799 1642 sunt.
844 1580 937 1641 audeo
964 1580 1115 1652 similiter,
1139 1580 1285 1642 audebam
1307 1580 1437 1650 audebo;

141 1692 257 1764 tempus
279 1685 445 1763 perlectum
468 1703 554 1745 ausus
575 1702 656 1753 sum,
680 1702 769 1744 ausus
792 1702 883 1745 eram.
916 1693 945 1744 et
967 1683 1071 1744 dicunt
1092 1685 1148 1744 ista
1169 1683 1352 1763 inaequalia:
1376 1700 1437 1744 non

140 1789 221 1847 enim
245 1785 397 1866 aequalem
420 1785 531 1847 babent
552 1783 791 1846 declinationem.
825 1787 976 1864 praesenti
999 1788 1078 1846 enim
1102 1793 1130 1846 ει
1151 1787 1313 1865 praeterito
1334 1787 1437 1865 inper-

139 1890 219 1949 lectn
243 1897 272 1948 et
298 1889 399 1949 luturn
430 1889 525 1949 activa
553 1896 636 1956 sunt;
660 1889 823 1966 praeterito
845 1890 980 1968 perlecto
1003 1896 1032 1949 ει
1054 1887 1345 1968 plusquampcriecto
1368 1907 1434 1967 pas·

100 1991 203 2049 rssiva
234 1996 312 2050 sunt.
356 1990 471 2068 gaudeo
501 1997 530 2050 et
557 1991 652 2050 audeo
682 1990 816 2051 anomala
845 1989 993 2051 dicuntur.
1039 1998 1069 2051 et
1095 1991 1279 2050 coacervavit
1305 1990 1436 2051 Donatus

139 2090 232 2151 multa
265 2090 353 2153 verba
382 2101 411 2152 et
437 2091 509 2152 iecit
536 2093 621 2153 nobis
648 2093 869 2153 confusionem:
905 2094 944 2152 ait
966 2094 1023 2163 sic,
1047 2094 1104 2153 ista
1126 2090 1130 2173 Ι
1155 2093 1277 2153 conlusa
1298 2100 1382 2162 sunt,
1404 2093 1435 2153 ivl

140 2201 186 2254 cst
207 2193 342 2254 anomala
366 2203 450 2263 sunt,
475 2212 578 2254 vescor
600 2195 665 2254 iero
688 2194 744 2254 edo
766 2192 899 2273 prandeo
922 2193 992 2256 nolo
1014 2194 1091 2255 volo.
1136 2213 1205 2255 ecce
1232 2195 1288 2255 ista
1311 2213 1435 2255 revera

138 2294 306 2373 inaequalia
329 2305 396 2356 sunt
419 2295 507 2376 [dixit
527 2314 562 2356 re
584 2315 654 2356 vera
677 2298 745 2376 quia
767 2296 903 2357 anomala
926 2296 1019 2379 sunt].
1065 2295 1118 2357 sed
1141 2304 1239 2358 tamen
1263 2314 1323 2356 non
1346 2315 1436 2358 unam

67 2391 70 2396 ’
140 2397 318 2459 anomaliam
340 2397 451 2458 babent
472 2397 563 2458 verba
586 2399 693 2459 omnia.
732 2398 801 2458 nolo
824 2407 854 2459 et
874 2398 940 2459 volo
963 2398 1086 2459 alteram
1109 2396 1220 2459 babent
1242 2397 1433 2459 anomaliam:

97 2515 125 2556 ao
140 2518 209 2561 nam
232 2499 301 2560 nolo
324 2508 353 2560 et
375 2499 441 2560 vnlo
464 2499 599 2560 anomala
620 2508 698 2570 sunt,
722 2501 773 2562 sed
798 2520 857 2562 nnn
879 2503 921 2561 sic
943 2520 1030 2581 quem
1054 2499 1089 2560 ad
1113 2499 1234 2561 modum
1257 2499 1315 2570 illa,
1338 2500 1434 2562 auden

138 2600 264 2680 gaudeo.
296 2621 365 2663 nam
388 2621 457 2662 ecce
481 2601 551 2662 nolo
575 2601 654 2672 volo,
678 2601 876 2665 debueramus
897 2603 1062 2664 secundum
1084 2603 1219 2681 regulam
1242 2603 1342 2664 dicere
1365 2604 1434 2665 nolo

138 2702 216 2763 nolis
243 2702 331 2773 nolit,
362 2712 392 2764 et
420 2703 546 2764 dicimus
572 2703 643 2764 nolo
671 2722 732 2765 non
761 2707 802 2766 vis
830 2724 890 2766 nnn
913 2704 986 2774 vult;
1015 2708 1087 2766 item
1110 2704 1174 2766 voln
1197 2704 1271 2766 vobs
1292 2705 1378 2777 volit,
1404 2715 1435 2768 et

138 2805 265 2865 dicimus
294 2804 360 2864 volo
386 2806 430 2866 vis
459 2805 527 2865 vult.
571 2806 705 2867 anomala
727 2806 873 2868 scutalia
896 2809 1027 2878 ratione,
1050 2826 1110 2868 non
1134 2815 1166 2869 nt
1186 2807 1246 2868 illa.
1282 2810 1354 2869 item
1377 2809 1433 2870 edo

139 2906 308 2968 anomalum
332 2914 390 2978 est,
418 2906 553 2968 sednon
577 2916 622 2969 εει
642 2889 698 2980 ita,
729 2927 825 2986 neque
854 2928 942 2989 quem
971 2910 1008 2970 ad
1030 2910 1150 2970 modum
1173 2917 1311 2988 quattuor
1332 2913 1433 2989 priora

96 3025 127 3066 25
140 3029 235 3090 neque
258 3029 345 3090 quem
374 3009 411 3071 ad
439 3010 558 3072 modum
586 3013 641 3071 ista
669 3013 836 3091 sequentia;
865 3011 916 3072 sed
940 3030 1010 3073 ecce
1032 3011 1232 3074 debueramus
1254 3013 1355 3073 dicere
1376 3012 1433 3073 edo

139 3111 203 3173 edis
225 3111 300 3181 edit,
330 3119 359 3172 et
386 3113 512 3174 dicimus
538 3112 626 3173 modo
655 3113 710 3173 edo
740 3133 771 3174 es
799 3121 858 3182 cst,
888 3113 917 3173 id
941 3122 986 3174 est
1007 3114 1140 3175 comedo.
1188 3124 1217 3175 et
1238 3114 1322 3175 verbi
1343 3133 1432 3176 cansa

139 3214 196 3274 hnc
218 3216 317 3294 ipsum
340 3216 463 3275 comedo
486 3214 618 3275 comedis
640 3215 768 3275 comedit
791 3215 949 3276 deanmns
971 3216 1081 3285 dicere,
1106 3226 1135 3276 et
1158 3216 1285 3277 dicimus
1307 3216 1431 3277 comedo

138 3335 237 3377 comes
265 3326 386 3378 comest.
432 3335 503 3395 crgo
532 3317 611 3396 qnod
640 3316 724 3376 andis
757 3317 834 3396 apud
867 3318 1030 3388 Donatum,
1065 3321 1137 3378 ‘ista
1171 3317 1263 3378 verba
1296 3318 1429 3379 anomala

137 3405 234 3489 sunl',
269 3419 331 3479 noli
364 3426 469 3498 putare
502 3437 592 3479 unam
621 3419 797 3480 anomaliam
826 3437 905 3488 esse,
933 3420 964 3480 id
993 3429 1037 3481 est
1063 3439 1152 3481 unam
1180 3419 1429 3500 inaequalitatem.

99 3539 207 3581 aonam
236 3539 304 3580 ecce
333 3523 365 3580 in
393 3523 470 3591 istis,
499 3521 603 3587 idest
630 3520 724 3581 auden
753 3521 881 3599 gaudeo,
913 3520 968 3582 alia
998 3532 1056 3589 est;
1084 3524 1157 3583 item
1179 3524 1310 3591 inistis,
1333 3523 1364 3583 id
1386 3531 1432 3584 est

138 3622 209 3684 nolo
233 3623 315 3693 volo,
340 3622 396 3683 alia
420 3632 477 3692 est;
501 3625 626 3684 iteruin
650 3642 685 3683 en
708 3623 786 3702 quod
810 3633 856 3683 cst
877 3623 933 3684 edo
955 3623 1089 3684 similiter
1112 3624 1168 3685 alia
1191 3634 1245 3685 est.
1270 3623 1274 3705 l

222 3725 328 3805 lncipit
356 3734 482 3785 tractare
510 3725 547 3785 de
570 3725 615 3784 his
637 3724 749 3794 verbis,
779 3744 854 3805 quae
876 3725 966 3787 verba
989 3725 1117 3786 naturali
1139 3729 1255 3788 ratione
1277 3746 1337 3789 non
1359 3737 1548 3808 pos-43⁷,20

137 3836 207 3888 sunt
229 3835 288 3887 tota
305 3826 457 3887 declinari.
489 3827 558 3906 quid
583 3835 628 3886 est
649 3828 729 3887 tota?
752 3826 782 3887 id
805 3834 850 3888 εει
870 3847 926 3908 per
949 3848 1052 3889 omnes
1073 3848 1224 3909 personas,
1247 3849 1302 3909 per
1325 3849 1430 3892 ornnes

138 3928 250 3989 modos.
296 3947 351 3989 nec
374 3929 428 3989 tibi
451 3928 540 4008 aliqui
562 3930 652 3989 iaciat
673 3931 875 4009 quaestionem
898 3939 928 3991 et
949 3930 1026 3992 dicat
1048 3931 1117 4000 tibi,
1141 3931 1256 3992 declina
1279 3933 1353 3993 mihi
1373 3935 1429 3995 ista

100 4030 237 4091 caverba.
280 4033 398 4110 penitus
424 4049 484 4091 non
513 4030 708 4092 declinantur.
754 4040 824 4094 sunt
844 4032 934 4094 verba
956 4032 1069 4110 aliqua,
1093 4053 1169 4113 qnae
1192 4035 1281 4095 verba
1303 4035 1430 4096 naturali

138 4135 253 4193 ratione
276 4132 418 4193 defectiva
441 4142 509 4194 sunt
532 4142 561 4192 ct
582 4132 712 4212 perdunt
726 4136 804 4195 vires
827 4138 907 4195 omni
929 4137 1053 4197 ratione.
1085 4136 1200 4207 amabo,
1223 4146 1257 4197 ut
1270 4139 1308 4197 sit
1322 4137 1428 4199 amabo

140 4233 260 4294 verbum
289 4234 482 4305 blandientis,
513 4235 649 4307 ‘amabo,
679 4255 733 4298 cur
761 4256 887 4316 puerum
916 4237 1094 4317 adposuistis
1121 4239 1170 4300 hic
1192 4246 1260 4300 ante
1282 4242 1426 4302 ostinmi’

207 4387 291 4437 bleta
309 4389 389 4437 uerba
407 4388 480 4437 ΒΘα
502 4389 565 4437 lraec
583 4389 661 4438 uerba
679 4390 704 4438 A
775 4392 790 4438 7
810 4390 857 4454 sie]
883 4388 946 4438 baec
964 4391 1045 4441 ABG
1117 4390 1148 4442 13
1167 4390 1261 4441 habent
1279 4393 1328 4442 Ba
1352 4393 1427 4442 babet

139 4458 190 4507 ΑΘ
242 4457 275 4507 16
294 4459 374 4506 idest
391 4474 435 4508 εει.
455 4460 493 4521 Α,
513 4460 573 4507 add
592 4476 609 4507 o
663 4461 694 4509 ll
716 4459 770 4509 lero
790 4461 828 4510 ct
848 4459 988 4508 lerorAB
1042 4462 1154 4526 prandeo
1171 4479 1185 4511 e
1203 4464 1330 4527 prandeor
1347 4462 1429 4512 ABG

209 4526 240 4578 18
255 4528 320 4576 dixit
337 4544 363 4577 re
382 4544 443 4576 vera
464 4531 528 4590 (rem
549 4544 634 4577 nerum
653 4529 708 4592 Cb)
732 4532 791 4592 quia
809 4529 925 4578 nrvnmola
945 4540 1004 4579 suut
1022 4547 1068 4580 om.
1083 4532 1117 4590 A,
1135 4532 1197 4580 odd.
1212 4548 1228 4580 a
1316 4533 1350 4580 22
1367 4533 1426 4581 item

139 4597 197 4646 nolo
211 4598 276 4647 nolis
297 4596 410 4646 nolito*
432 4599 492 4648 item
513 4598 570 4646 nolo
591 4599 655 4649 uelis
674 4600 736 4649 uelit
752 4599 833 4649 ABG
901 4601 935 4649 25
954 4600 1000 4649 sed
1016 4600 1076 4649 licet
1092 4601 1260 4651 debueramus
1278 4601 1359 4650 ABG

138 4665 172 4718 30
190 4668 215 4714 in
234 4669 290 4716 istis
314 4670 392 4732 (ipsis
412 4669 436 4717 A
455 4685 523 4722 corr.
544 4669 599 4718 istis
619 4668 648 4730 α)
670 4670 738 4731 quod
765 4680 803 4719 cst
829 4669 887 4718 nolo
907 4670 991 4720 ABG
1075 4670 1109 4721 37
1133 4672 1222 4721 curabo
1240 4669 1295 4735 cnr]
1324 4669 1425 4724 Terent

140 4736 222 4790 Andr,
244 4739 286 4786 llll
307 4739 332 4796 t,
352 4740 385 4787 24
404 4739 466 4788 cedo
485 4740 569 4787 cuium
592 4754 697 4801 puerum
716 4739 757 4788 lric
775 4740 934 4803 adposuistil
957 4740 999 4790 dic
1018 4740 1089 4794 mihi.
1109 4744 1236 4792 excidisse
1252 4742 1352 4791 videtur
1369 4758 1426 4792 oer-

140 4807 193 4854 bum
211 4809 356 4870 defectivum
382 4809 461 4874 cedo,
485 4811 521 4858 ud
542 4810 608 4873 qnod
631 4824 720 4859 nereos
744 4809 856 4860 Terentii
873 4811 1019 4872 adscriptus
1041 4820 1113 4863 erat:
1131 4813 1166 4874 cf.
1184 4812 1245 4875 infr.
1269 4826 1295 4874 p.
1314 4812 1366 4863 325
1384 4813 1424 4860 ed.

142 4877 216 4929 tine
287 4879 445 4944 adposuistis
462 4879 548 4929 Bca‘
568 4879 747 4944 adposu....
766 4881 790 4928 A
860 4889 917 4929 ante
936 4880 1048 4930 hostium
1063 4881 1120 4931 AB
