3346 5498
693 382 764 442 hRS
1334 380 1375 445 47

1183 503 1205 543 p.
1220 492 1276 532 moe.
1289 492 1314 532 ot
1328 488 1350 530 e.

80 569 288 630 suetudine
310 576 549 629 commutata:
579 569 620 628 ait
642 570 721 629 enim
745 567 882 629 Lucanus
915 567 1053 649 ‘puppe
1081 571 1313 649 propinqua'
1343 577 1377 631 et

81 671 257 750 ‘gemitus
279 672 523 731 morientum’
552 689 607 749 pro
635 670 839 739 morientium,
870 672 1138 750 ‘gemitumque
1168 675 1374 732 carentum’

82 790 135 851 pro
150 774 329 834 carentium.
341 805 383 817 -
399 766 406 853 Ι
422 772 463 832 Et
477 771 519 833 ah
535 771 603 833 hoo
618 774 747 851 lugere
762 774 930 849 iugerum
944 773 1101 850 ingeris:
1118 772 1207 832 modo
1222 792 1277 833 nos
1291 774 1374 851 inge·
1388 788 1476 849 utut

81 893 183 936 rorum
198 873 345 935 debemus
360 875 475 943 dicere;
499 875 611 954 antiqui
633 876 768 953 iugerum
791 872 945 943 dicebant,
969 875 1046 934 sicut
1067 872 1214 934 tuberum.
1239 876 1374 952 iugerum

63 975 146 1037 tideo
175 975 246 1038 lacit
274 975 445 1054 iugeribus,
474 978 542 1056 quia
569 977 681 1056 antiqui
704 977 789 1055 inger
810 978 921 1055 ingeris
943 974 1095 1045 dicebant,
1126 994 1185 1053 quo
1208 976 1296 1037 modo
1317 979 1376 1040 iter

84 1080 209 1140 itineris:
233 1078 303 1138 ideo
325 1077 363 1138 ab
385 1077 518 1157 analogia
540 1077 697 1157 discrepat.
736 1087 765 1139 et
788 1095 868 1139 nunc
890 1077 1050 1139 dicendum
1072 1079 1191 1156 iugero,
1221 1080 1290 1156 quia
1318 1077 1375 1140 hoc

85 1199 189 1242 mmen
222 1179 372 1242 secundae
400 1179 605 1241 declinationis
633 1188 688 1240 est.
712 1215 753 1226 —
781 1180 855 1251 Quia
885 1180 999 1256 antiqui
1026 1179 1146 1239 domum
1174 1188 1204 1239 et
1228 1181 1402 1245 secundael

86 1281 288 1343 declinationis
310 1281 499 1343 declinabant
521 1288 551 1342 et
573 1290 712 1359 quartae;
742 1281 881 1343 dicebant
908 1291 938 1343 et
960 1280 996 1341 ah
1020 1280 1075 1341 hac
1098 1280 1186 1342 domo
1207 1282 1374 1353 domorum,

88 1383 128 1466 [et
148 1383 313 1445 Terentius
347 1384 468 1445 ‘domo
501 1401 555 1445 nte
586 1382 766 1464 eripuit’]
801 1391 833 1444 ut
860 1382 1008 1462 Vergilius
1035 1387 1182 1445 ‘turres
1211 1403 1249 1446 ac
1277 1392 1374 1447 tecta

59 1501 78 1539 ιι
88 1486 296 1557 domorum',
312 1495 342 1546 et
356 1487 392 1547 ab
409 1485 464 1546 hac
479 1485 571 1547 domu
586 1485 735 1555 domuum,
751 1487 828 1546 sicut
842 1503 990 1554 versuum,
1007 1494 1040 1546 ut
1053 1485 1199 1546 luvenalis
1214 1488 1373 1548 ‘viscera

88 1606 298 1667 magnarum
328 1587 531 1656 domuum',
561 1588 629 1666 quia
657 1587 736 1665 quod
762 1606 816 1648 uos
844 1587 1139 1667 habemusqnartae
1161 1587 1374 1659 declinatione,

88 1689 122 1750 illi
142 1689 294 1752 secturdae
316 1689 476 1753 habehant.
498 1722 540 1733 -
562 1691 698 1750 Verum
721 1690 958 1769 euphoniam:
984 1689 1164 1769 euphoniam
1177 1691 1209 1750 in
1224 1689 1404 1757 declinas-s

88 1791 125 1853 dis
144 1790 328 1873 nomignibus
350 1791 549 1870 intellegimus
564 1792 663 1870 potins
685 1792 820 1852 suavitati
835 1810 924 1870 quam
940 1793 1048 1853 rationi
1070 1789 1203 1869 obsequi
1241 1792 1375 1870 analogia

87 1902 176 1955 autem
199 1904 248 1956 est
269 1892 410 1955 similium
434 1893 540 1954 similis
562 1892 729 1955 declinatio.
771 1894 845 1955 haec
867 1895 900 1954 fit
922 1892 1011 1955 rebus
1028 1902 1109 1962 octo,
1132 1912 1183 1954 sex
1199 1912 1275 1973 qnae
1297 1897 1373 1956 acci·

60 1995 151 2058 udum
170 1999 251 2077 parti
274 1997 431 2065 orationis,
461 1994 519 2057 hoc
546 2002 591 2055 est
612 1997 739 2066 nomini,
774 2005 804 2056 et
832 1994 946 2056 duabus
968 1995 1164 2076 potestatibus
1185 1993 1372 2075 syllabarum.

87 2098 227 2178 euphonia
250 2100 351 2159 suevis
372 2098 462 2159 dictio
484 2098 609 2175 gratiam
632 2115 755 2176 augens.
793 2099 822 2157 in
846 2097 1030 2180 declinandis
1047 2096 1217 2159 nominibus
1233 2097 1375 2159 debemus

87 2202 174 2279 potius
195 2201 335 2263 suavitati
357 2218 446 2280 quam
468 2200 576 2260 rationi
599 2198 737 2277 obsequi,
767 2198 797 2258 id
821 2207 866 2260 ost
887 2199 1052 2279 euphoniae
1073 2202 1172 2281 potius
1193 2217 1282 2277 quam
1304 2218 1374 2261 ana·

87 2298 180 2381 legiae.
204 2336 249 2347 -
271 2301 449 2364 hrtubus:
472 2300 540 2361 ideo
563 2299 688 2363 artubus
709 2320 764 2381 per
787 2320 806 2362 n
829 2301 968 2371 dicimus,
991 2320 1053 2362 non
1075 2301 1188 2363 artibus
1202 2321 1257 2382 per
1272 2304 1291 2372 i,
1314 2302 1402 2386 dis-8

88 2406 219 2466 ustionis
242 2423 347 2474 cansa,
371 2422 409 2465 nc
432 2421 494 2464 non
516 2404 717 2482 significemus
739 2402 887 2474 membra,
911 2403 963 2464 sed
986 2412 1064 2465 artes
1079 2403 1293 2482 intellegamus.
1331 2406 1374 2465 sic

61 2512 112 2567 »et
130 2506 273 2577 ucubus,
297 2513 332 2568 ut
352 2523 440 2566 arens
461 2503 676 2584 intellegamus.
712 2525 781 2567 nam
809 2508 835 2568 si
866 2506 983 2568 arcibtcs
1010 2507 1185 2576 dixerimus,
1216 2525 1302 2568 arces
1328 2508 1373 2566 in·

89 2606 252 2688 tellegimus.
290 2610 336 2671 sic
368 2615 398 2668 et
421 2596 576 2687 ¹portubus
604 2607 728 2669 dicimus
756 2617 787 2668 et
813 2607 981 2684 quercubus
1009 2615 1038 2669 et
1064 2608 1217 2688 partubus.
1260 2608 1374 2685 antiqui

88 2712 157 2772 cnun
176 2713 187 2772 i
208 2713 241 2772 in
264 2729 285 2771 u
307 2709 477 2779 vertebant,
503 2717 534 2770 nt
555 2728 663 2790 specus
677 2709 841 2790 specubus,
865 2729 925 2771 non
939 2709 1091 2790 specibus,
1113 2711 1117 2788 Ι
1136 2711 1176 2771 ita
1192 2719 1223 2771 et
1237 2709 1373 2772 tribubus

88 2829 138 2874 uon
151 2812 290 2875 tribibns.
307 2847 350 2857 -
367 2809 528 2891 [rationem
544 2811 727 2892 declinandi]
751 2811 791 2874 ln
807 2810 904 2872 hauc
918 2811 1102 2891 regulam:
1128 2821 1226 2892 aptota
1242 2813 1371 2883 nomina,
1387 2829 1419 2877 ιο

85 2912 203 2976 inalios
226 2933 314 2977 casus
336 2914 404 2994 quia
427 2912 534 2974 cadere
557 2932 617 2975 non
643 2923 783 2995 possunt,
812 2913 945 2994 regulam
968 2932 1027 2976 non
1050 2922 1183 2983 servant,
1212 2915 1290 2975 sicut
1317 2913 1372 2976 alia

59 3019 212 3129 ‘Q'
236 3034 314 3095 quae
337 3014 383 3076 bis
405 3013 510 3076 litteris
533 3015 685 3078 vocalibus
706 3018 918 3087 terminantur,
943 3018 1012 3094 quia
1033 3015 1081 3077 illa
1096 3034 1151 3095 per
1166 3034 1270 3077 omnes
1285 3035 1372 3078 casus

85 3118 285 3187 ullectuntur,
308 3118 383 3179 baec
406 3135 507 3178 cusum
531 3117 644 3178 nullum
668 3118 787 3180 habent.
813 3154 852 3164 -
874 3118 1066 3197 Regulam:
1090 3117 1126 3178 ad
1150 3118 1203 3179 has
1224 3114 1370 3199 regnlllas

84 3237 149 3297 quas
169 3221 333 3280 memorari
358 3239 375 3270 e
404 3237 479 3297 quae
503 3240 561 3281 non
584 3228 716 3300 possunt.
737 3254 781 3266 -
802 3220 875 3291 Quia
899 3221 972 3280 istae
994 3219 1114 3298 regulae
1138 3221 1238 3296 ntique
1260 3219 1297 3279 ab
1320 3219 1371 3279 ab·
1386 3238 1415 3285 11

84 3319 163 3382 latim
185 3320 332 3400 singulari
353 3321 533 3400 procedunt,
559 3330 588 3382 et
609 3324 664 3383 ista
687 3324 806 3383 nomina
828 3324 946 3383 numeri
969 3331 1038 3395 sunt
1053 3327 1166 3382 tantum
1181 3319 1314 3400 pluralis.
1331 3355 1369 3366 -

83 3421 298 3503 Conpitalia.
336 3434 409 3484 non'
430 3427 602 3486 veniunt:
627 3443 683 3486 nec
705 3424 779 3486 baec
801 3424 918 3504 quidem
942 3425 973 3483 in
996 3425 1114 3484 nomina
1138 3423 1417 3501 quinqueremis

56 3523 155 3586 »libus
177 3528 335 3587 terminata
358 3525 483 3597 cadunt,
513 3529 581 3603 quia
604 3544 709 3604 graeca
732 3534 814 3596 sunt,
845 3533 874 3586 et
895 3527 988 3604 magis
1010 3544 1146 3615 graecam
1168 3524 1301 3604 regulam
1325 3544 1371 3586 se·

84 3634 210 3703 quuntur
232 3644 308 3705 quac
331 3628 485 3690 aGruecis
508 3630 696 3708 sumpsimus.
735 3628 802 3689 ideo
818 3629 921 3690 Cicero
942 3628 1016 3688 dixit
1035 3628 1287 3708 peripetasmatis,
1311 3646 1370 3688 non

84 3729 367 3809 puipctasmatibus,
399 3731 467 3807 quia
496 3728 551 3792 boc
579 3731 615 3792 ad
638 3731 812 3791 femininum
836 3749 945 3791 nomeu
975 3730 1123 3791 secundae
1142 3727 1147 3812 Ι
1166 3729 1372 3791 declinationis

143 3968 205 4019 Coti.
224 3968 306 4019 Beroe.
324 3969 383 4018 Vlll
403 3967 489 4020 1-3.
562 3970 578 4017 2
598 3980 728 4019 carentum
750 3984 795 4036 pro
815 3977 943 4019 carentum
963 3984 1010 4034 pro
1027 3970 1167 4018 carentium
1188 3965 1193 4034 Ι
1215 3984 1261 4034 pro
1282 3984 1369 4019 ceren·

84 4037 137 4086 tium
188 4040 315 4106 diogeno
333 4037 392 4088 idco
450 4039 612 4105 bdiscrepat
632 4041 722 4106 iugero
741 4050 766 4089 et
784 4054 849 4088 nrtnc
862 4038 999 4089 dicendum
1018 4040 1077 4102 quie
1138 4039 1171 4091 10
1186 4039 1318 4089 domorum
1338 4041 1369 4088 eb

85 4106 125 4157 bec
143 4109 328 4159 dumudomus
344 4109 411 4157 sicut
428 4123 549 4158 uersuum
607 4110 638 4159 12
656 4109 785 4159 euronium
805 4109 933 4159 enloniam
987 4109 1019 4160 13
1036 4106 1137 4174 rationi]
1158 4110 1221 4159 ratio
1276 4109 1308 4159 16
1326 4125 1369 4159 eu·

84 4175 145 4228 louis
196 4181 281 4245 gratia
299 4178 404 4245 erigenti
460 4179 491 4229 17
509 4178 629 4228 enlouiae
684 4179 821 4230 lbertibus
839 4195 884 4245 per
900 4176 918 4245 i]
934 4180 1039 4228 artubus
1057 4194 1135 4245 pern
1191 4177 1224 4227 20
1243 4179 1370 4246 intellegi-

83 4251 298 4311 muspn'uaoloco
350 4249 386 4298 22
405 4249 604 4299 enimin.i.u
658 4250 930 4300 tribusnontriuibus
979 4249 1013 4298 28
1028 4257 1124 4298 tuntum
1142 4247 1235 4316 plurali
1289 4249 1323 4300 211
1343 4250 1368 4298 iu

82 4318 185 4381 quinque
205 4318 337 4368 uocelibus
357 4319 460 4367 nomine
478 4319 611 4367 terminato
663 4318 697 4370 32
714 4320 952 4384 peripetasmatibus
969 4335 1039 4369 corr.
1059 4319 1297 4385 peripetesmutibus

140 4521 315 4590 llTercntius]
337 4524 447 4586 Adelph.
467 4524 487 4572 ll
507 4524 530 4582 1,
549 4526 582 4575 44
655 4521 799 4590 Vergilius]
817 4525 881 4576 Aen.
904 4525 925 4574 ll
940 4527 992 4576 445
1064 4525 1096 4576 10
1115 4521 1251 4590 luvenalis]
1272 4531 1321 4576 sut.
1340 4523 1366 4585 3,

81 4592 109 4641 72
173 4593 208 4645 23
223 4595 323 4644 ratione
342 4592 488 4643 ‹leelinundi
506 4594 650 4647 Puteolius.
673 4596 752 4644 scribi
771 4601 872 4659 poterut
890 4609 939 4643 uon
958 4591 1066 4644 tribibus
1084 4595 1223 4644 secundum
1244 4595 1365 4642 rationem

79 4662 228 4729 declinandi,
251 4665 287 4728 cs.
307 4664 422 4727 Ponrpet'.
444 4681 470 4728 p.
488 4665 539 4715 224
563 4667 603 4717 ed.
625 4665 702 4714 Liud.
722 4664 849 4724 tribubus,
872 4680 929 4714 cum
956 4666 1020 4715 ratio
1044 4665 1204 4729 exigeretur
1224 4664 1365 4712 diceremus

79 4734 185 4785 tribibm.
204 4736 253 4786 sed
263 4733 430 4798 probabilius
443 4736 518 4783 oiston
532 4742 570 4784 est
587 4737 698 4799 glossam
717 4736 871 4797 adscriptum
889 4751 944 4784 esse
961 4737 997 4784 ud
1009 4749 1035 4787 u.
1056 4736 1081 4783 in
1101 4733 1166 4783 harre
1181 4733 1295 4798 regulam

77 4803 107 4853 tu
121 4804 244 4873 Regulam
256 4831 292 4840 -
306 4812 466 4868 possuntne
483 4808 566 4853 altero
584 4806 744 4868 expom'tione
759 4812 899 4866 optotorum
917 4806 1005 4855 relicta
1021 4813 1087 4855 sunt.
1105 4806 1202 4868 reliquo
1221 4804 1283 4866 quie
1300 4803 1365 4852 istuc

76 4888 121 4941 1η.
139 4880 174 4928 ud
187 4880 286 4928 nouum
306 4880 406 4925 munau
422 4875 533 4938 pluralia
549 4882 665 4941 spectant
733 4873 766 4925 tl
786 4873 885 4942 Cicero]
903 4878 928 4927 in
946 4876 1022 4926 Verr.
1040 4883 1090 4927 net.
1108 4888 1158 4928 rec.
1173 4873 1219 4923 llll
1242 4873 1283 4936 12,
1297 4872 1331 4925 28
