3346 5498
262 386 325 451 314
658 454 660 458 ,
832 386 968 449 lvtlsm

261 579 398 645 elocutio,
426 577 528 637 idest
553 578 614 637 oris
640 578 732 646 ratio,
760 577 832 651 quia
853 576 999 651 quidquid
1024 578 1171 650 toqmmur
1191 592 1247 651 per
1268 578 1340 635 istas
1360 579 1425 635 octo
1439 580 1549 651 partes
1627 651 1632 664 .

261 682 421 756 loquimar,
444 686 473 738 et
493 696 577 740 omae
598 680 678 755 meod
697 682 844 754 loquimur
864 680 923 738 erit
943 687 997 738 aut
1016 695 1122 739 nomeu
1143 686 1196 738 aut
1214 694 1377 753 pronomen
1398 685 1451 737 aut
1472 695 1550 737 ucr-

261 783 328 843 bum
356 784 405 842 aet
430 781 576 856 quaelibet
601 783 640 841 dc
665 784 728 841 istis
755 787 818 842 octo
841 780 980 857 partibus
1006 813 1049 824 -
1076 775 1131 862 (de
1158 773 1399 860 interiectione)
1421 786 1451 839 ct
1470 797 1550 854 quae

176 861 185 872 ⁶
260 891 329 944 suat
348 880 479 944 similia?
499 887 606 952 matta,
630 900 708 957 quiae
729 884 773 943 aci
791 883 1036 958 siouificatiouem
1052 884 1153 958 partis
1173 883 1258 943 istius
1276 884 1442 958 pertimeat:
1464 887 1547 942 trae

260 990 348 1046 tatus
377 981 417 1044 de
444 992 517 1046 oete
543 981 693 1067 partibus
721 980 888 1046 orationis.
931 980 956 1043 1.
978 979 1108 1044 itt-f.
1131 979 1192 1046 94*
1220 988 1253 1044 et
1274 979 1298 1042 f.
1324 979 1365 1042 72
1381 1015 1423 1025 -
1439 978 1464 1042 1.
1488 979 1550 1061 76*

259 1088 368 1148 ITEM
386 1087 553 1147 IULIANI
571 1072 645 1147 EF!
666 1086 868 1147 IOLETANI
888 1086 946 1146 DE
958 1085 1148 1146 LITTERA.
1172 1084 1334 1146 PARTES
1348 1084 1550 1145 GRAMMA-

263 1189 386 1250 TICAE
405 1188 530 1249 ARTIS
556 1188 665 1260 QUOT
682 1188 795 1249 SUNT.
818 1190 923 1266 prima
944 1204 1024 1264 pars
1048 1194 1093 1248 cst
1112 1204 1190 1263 quoe
1210 1187 1350 1248 scribitur
1369 1204 1428 1263 per
1448 1163 1552 1251 meta-

256 1293 386 1368 pboram
408 1297 437 1350 ct
457 1291 648 1366 antiphoram
665 1325 700 1334 -
720 1287 776 1371 (de
797 1286 968 1373 posituris)
987 1291 1109 1366 periodi
1126 1298 1230 1366 partes
1250 1295 1391 1364 quattuor
1414 1285 1448 1370 (1.
1464 1288 1550 1372 quot)

259 1389 349 1453 suat?
369 1389 472 1452 auae?
493 1389 592 1469 quac?
617 1395 684 1453 coia
704 1402 734 1453 ct
753 1408 881 1462 comma,
904 1392 938 1451 ta
957 1399 1000 1452 est
1019 1393 1151 1452 membra
1172 1400 1201 1452 et
1221 1409 1321 1453 caesa.
1359 1408 1417 1467 quo
1438 1389 1552 1454 mocio?

258 1501 332 1571 puta
359 1497 387 1554 si
411 1495 511 1554 dicam
533 1494 661 1569 ‘aspera
687 1494 815 1556 coactitio
842 1502 871 1554 et
894 1511 959 1554 sors
979 1495 1183 1556 irrevocabiles
1203 1495 1311 1564 torae,
1333 1511 1424 1570 quam
1442 1499 1554 1570 ceneri

260 1598 390 1656 tumaao
410 1598 503 1656 tristis
522 1599 606 1671 oripo
632 1598 740 1675 dedit’,
767 1613 835 1658 ecce
855 1613 918 1656 una
937 1597 1091 1673 periodos,
1121 1597 1181 1658 duo
1201 1599 1283 1665 cota,
1306 1599 1412 1658 mattas
1432 1614 1550 1658 caesas.

259 1717 330 1759 uam
351 1702 417 1760 cota
439 1700 550 1758 cticitm
570 1699 730 1759 mammam
757 1701 850 1775 ipsius
871 1716 977 1759 uersrcs
1003 1706 1032 1759 et
1053 1715 1166 1759 commo
1188 1699 1222 1758 ia
1241 1707 1285 1759 est
1303 1715 1401 1759 caesa.
1444 1700 1553 1775 quibus

256 1801 388 1877 pedibus
409 1797 568 1862 caeditur?
597 1803 703 1860 mattis.
748 1817 818 1859 uam
846 1807 875 1860 et
899 1801 981 1875 qaod
1005 1801 1131 1862 dicimus
1150 1803 1322 1862 commicum
1344 1801 1468 1869 tibrim,
1490 1818 1552 1860 mou

260 1904 398 1964 etatem
419 1903 520 1963 arcae
539 1906 724 1975 commicura,
746 1903 801 1963 sed
820 1911 1011 1973 commatum,
1040 1906 1112 1979 quia
1134 1904 1172 1964 ae
1192 1906 1290 1964 mattis
1311 1904 1396 1964 tibris
1416 1903 1553 1964 abscisae

259 2009 420 2065 mammeae
442 2005 482 2065 ibi
501 2013 569 2065 suut
583 2010 710 2081 positae.
749 2004 949 2066 EXPLICIT
970 2004 1206 2066 racemos
1230 2004 1404 2065 PRIMUS:
1430 2010 1552 2066 tracta·

260 2111 314 2168 tus
337 2103 377 2167 de
399 2102 525 2184 littera,
548 2102 589 2167 de
611 2103 755 2188 syllaba,
778 2101 819 2167 de
841 2102 997 2188 pedibus,
1021 2102 1062 2166 de
1085 2104 1185 2184 tonis,
1209 2103 1249 2166 de
1272 2102 1438 2188 posituris.
1467 2102 1492 2168 1.
1510 2105 1551 2168 'l'l

260 2243 301 2252 -
316 2206 340 2269 1.
356 2205 416 2269 86*
439 2214 472 2268 et
493 2205 517 2268 1.
540 2205 581 2270 95
595 2241 638 2252 —-
657 2205 681 2268 1.
703 2205 744 2270 98
770 2211 829 2269 IIE
855 2208 1138 2270 BARBARISMO.
1176 2209 1392 2269 Barbarumas
1418 2215 1462 2270 est
1488 2227 1553 2269 uua

257 2328 334 2386 pars
361 2313 506 2372 orationis
534 2314 637 2372 uitiosa
664 2314 696 2370 im
723 2313 872 2371 communi
895 2327 1044 2379 sermone,
1072 2312 1169 2372 idest
1194 2313 1342 2388 insoluta
1364 2313 1497 2372 oratioue
1519 2315 1552 2372 iu

255 2422 389 2490 poemate
416 2421 513 2474 autem
541 2416 586 2473 ret
612 2416 644 2472 im
669 2416 804 2474 carmine
833 2416 1042 2488 metaplasmus
1074 2421 1197 2474 vocatur
1223 2445 1265 2456 -
1293 2407 1350 2493 (de
1382 2410 1503 2495 tropis)
1531 2433 1552 2475 a

259 2518 374 2576 minore
394 2517 438 2574 aci
457 2518 567 2584 maius,
591 2518 702 2591 ‘potuit
721 2533 825 2576 mames
846 2532 998 2575 arcessere
1018 2517 1153 2590 couiuais
1169 2515 1303 2591 Orpbeus
1320 2514 1459 2576 Threicio
1478 2515 1552 2588 sre-

259 2627 306 2678 tus
326 2619 455 2694 cytbma
474 2619 642 2692 fidibusque
663 2619 809 2685 camoris’,
832 2621 920 2692 quasi
940 2618 1024 2676 dicat
1044 2618 1082 2677 cte
1103 2636 1137 2678 rc
1155 2634 1260 2693 panca
1280 2625 1309 2677 et
1329 2618 1429 2678 brema
1447 2621 1551 2693 pretii,

259 2721 391 2797 cythara
411 2727 441 2780 et
457 2720 576 2791 fidibus.
605 2726 635 2779 et
651 2728 695 2779 est
712 2722 834 2794 staura,
856 2721 884 2778 si
904 2721 954 2779 illc
973 2720 1100 2795 cytbara
1120 2719 1235 2791 fretus,
1258 2736 1312 2797 eqo
1328 2721 1450 2794 pietate.
1485 2720 1553 2779 IN-

261 2822 376 2882 CIPIT
400 2820 596 2882 cotentio
621 2822 681 2880 oo
705 2820 914 2882 PARIIONE
939 2820 1184 2882 METRORIIM.
1230 2820 1304 2891 ant
1337 2828 1406 2880 sumt
1435 2837 1553 2896 aeacra

259 2931 418 2984 metrorum
434 2921 647 3000 principalia?
667 2931 738 2984 octo.
771 2919 869 2998 quae?
891 2924 1071 2998 dactylicum
1086 2923 1243 2984 iambicum
1265 2923 1448 2984 troctai'citra
1467 2940 1554 2984 aaa·

254 3029 424 3104 paesticum
451 3027 682 3087 choriambicum
717 3027 941 3100 anispasticum
966 3028 1093 3086 ionicum
1120 3042 1140 3084 a
1167 3027 1281 3085 maiore
1311 3031 1342 3085 et
1371 3027 1501 3086 inuictum
1530 3044 1556 3086 a

259 3132 372 3189 minore
393 3163 435 3172 —
451 3124 505 3209 (de
520 3135 624 3190 metro
640 3124 870 3210 antispastico)
894 3129 936 3186 da
950 3131 1014 3187 eius
1027 3130 1206 3202 exemptum.
1229 3130 1335 3188 uolans
1355 3143 1423 3188 ecce
1441 3145 1557 3202 aeruca

259 3248 347 3291 arma
368 3234 484 3305 ruitque
505 3234 615 3291 taetus:
644 3237 804 3292 tractatus
827 3226 868 3290 de
890 3225 1111 3303 barbarismo,
1141 3225 1183 3290 de
1205 3225 1410 3307 soloecismo,
1434 3225 1476 3289 de
1498 3248 1554 3291 ce·

259 3331 338 3395 teris
362 3329 468 3411 vitiis,
492 3330 532 3393 de
554 3329 783 3415 metaplasmo,
807 3327 849 3393 de
864 3328 1101 3408 schematibus,
1124 3327 1166 3392 de
1185 3328 1304 3414 tropis,
1327 3327 1368 3391 de
1383 3326 1554 3415 meunt).

344 3430 525 3512 Iulianum,
552 3432 645 3496 euius
674 3453 792 3496 nomen
818 3430 871 3495 bis
897 3430 933 3493 in
959 3430 1070 3494 codice
1093 3429 1338 3514 scriptumest,
1360 3430 1557 3516 episcopum

259 3534 453 3598 Toletanum
475 3534 576 3597 fuisse
598 3535 640 3598 ab
663 3556 749 3597 anno
771 3533 835 3596 680
855 3554 959 3618 usque
981 3532 1024 3596 ad
1045 3553 1167 3596 annum
1188 3532 1253 3596 690
1273 3539 1418 3596 constat:
1440 3530 1484 3595 ef.
1509 3529 1556 3596 N.

260 3635 439 3714 Antonino,
455 3634 606 3700 biblioth.
623 3635 718 3720 Hisp.
734 3643 799 3698 vet.
816 3633 880 3698 vol.
898 3633 914 3695 1
929 3657 961 3719 p.
976 3634 1039 3698 413
1054 3656 1124 3719 sqq.
1140 3632 1256 3698 eodem
1269 3643 1415 3719 tempore
1429 3631 1558 3699 librum

260 3736 301 3801 de
322 3727 393 3801 arte
413 3737 629 3821 grammatica
649 3735 692 3800 ab
715 3758 753 3800 eo
775 3737 1027 3820 scriptumesse
1048 3735 1145 3800 docet
1166 3757 1284 3799 nomen
1306 3735 1393 3821 regis
1408 3733 1558 3821 Ervigii,

345 3925 373 3990 *)
391 3928 433 3976 Ex
451 3927 484 3976 iis
503 3941 572 3989 quae
591 3940 676 3990 supra
700 3926 804 3989 scripta
822 3930 886 3975 sunt
903 3925 1020 3991 adparet
1038 3931 1093 3976 tres
1112 3940 1172 3976 esse
1191 3925 1338 3976 universae
1358 3925 1427 3976 artis
1445 3929 1559 3992 partes,

260 4027 341 4061 uuam
360 4012 393 4062 de
413 4016 475 4062 octo
494 4011 619 4077 partibus
642 4011 790 4072 orationis,
810 4011 927 4061 alteram
946 4011 980 4060 de
999 4011 1101 4061 litteris
1118 4011 1235 4075 syllabis
1254 4011 1370 4077 pedibus
1389 4011 1560 4063 accentibus

260 4096 403 4162 posituris,
423 4096 534 4146 tertiam
552 4095 585 4146 de
605 4096 681 4146 vitiis
699 4100 728 4146 et
745 4094 894 4144 virtutibus
912 4096 1044 4146 orationis
1063 4101 1091 4146 at
1110 4096 1143 4147 de
1162 4097 1266 4149 metris.
1286 4095 1412 4162 equibus
1424 4096 1560 4160 partibus

261 4183 386 4246 siquam
405 4182 516 4231 tertiam
535 4181 591 4230 diri
609 4181 681 4230 hune
699 4179 788 4231 locum
807 4180 902 4231 deberi
921 4185 1026 4230 certum
1046 4187 1101 4243 est3
1122 4181 1156 4231 de
1174 4182 1292 4246 reliquis
1305 4180 1411 4232 duabus
1426 4179 1561 4232 dubitari

260 4270 364 4332 potest,
388 4270 476 4315 utram
500 4267 617 4331 priorem
641 4281 701 4315 esse
721 4264 840 4315 voluerit
856 4266 982 4330 scriptor.
1017 4265 1065 4316 sed
1084 4267 1213 4331 qnoniam
1232 4281 1348 4331 capara
1366 4280 1438 4331 quaa
1457 4271 1505 4317 est
1523 4267 1560 4320 de

259 4357 324 4402 octo
344 4352 473 4417 partibus
497 4351 628 4402 orationis
651 4351 782 4401 minorem
800 4350 905 4400 Donati
923 4355 1024 4414 artem,
1043 4366 1097 4401 non
1116 4353 1258 4415 maiorem,
1276 4351 1413 4416 sequitur,
1431 4349 1509 4402 hanc
1528 4353 1561 4403 in

259 4437 346 4502 primo
365 4435 426 4486 loco
444 4437 532 4501 posui,
551 4442 582 4486 ut
599 4437 628 4486 in
645 4436 755 4486 Iuliano
774 4451 882 4501 quoque
900 4425 976 4485 idem*
990 4436 1066 4499 ordo,
1084 4452 1164 4501 quem
1183 4435 1282 4502 reliqui
1293 4436 1400 4487 Donati
1416 4435 1561 4503 interpre-

260 4528 304 4573 tes
321 4523 411 4572 secuti
430 4527 505 4584 sunt,
526 4526 673 4572 teneretur.
697 4537 784 4587 neque
804 4526 942 4587 repugnat
953 4521 1017 4570 huie
1031 4520 1119 4571 ordini
1137 4521 1302 4586 subscriptio
1320 4526 1383 4587 post
1400 4525 1560 4573 mactatum

261 4607 295 4658 de
313 4606 444 4672 posituris
462 4606 568 4668 addita,
588 4608 696 4670 captivit
712 4613 837 4656 tractatus
853 4609 958 4670 primia,
978 4606 1281 4671 quandoquidem-haec
1300 4605 1336 4657 ad
1353 4607 1473 4670 primam
1492 4624 1560 4673 par·

260 4697 316 4742 tem
340 4692 409 4740 artis
433 4692 548 4741 maioris
571 4691 718 4740 referenda
741 4696 793 4741 est.
829 4691 889 4740 fieri
912 4695 1005 4740 tamen
1028 4693 1119 4757 potuit
1137 4697 1167 4741 ut
1184 4691 1321 4754 Iulianus,
1341 4705 1401 4740 eum
1420 4692 1560 4745 maiorem

261 4781 349 4827 artem
375 4775 409 4826 de
435 4783 497 4827 octo
524 4776 649 4841 partibus
675 4792 729 4826 non
754 4778 946 4839 tractavisset,
971 4793 1019 4841 pro
1043 4793 1077 4826 ea
1100 4776 1325 4829 commentarium
1348 4776 1465 4830 minoris
1488 4780 1561 4831 artis

260 4866 384 4927 poneret.
