3346 5498
667 366 904 429 COMMENTVM
1360 364 1424 430 225

1241 487 1262 529 p.
1272 476 1360 517 289-91
1375 474 1397 514 1,.

127 562 247 633 tempus
261 551 447 633 personam],
472 561 500 612 et
516 554 635 630 require
658 572 747 614 arnam
770 572 833 613 rem
856 561 968 614 tantum
991 553 1088 623 modo,
1115 555 1242 634 primam
1265 574 1423 635 personam

127 656 229 735 ipsius.
274 654 341 733 lego
364 656 428 734 ipsa
451 663 495 714 est
516 656 611 734 prima
633 674 770 735 persona,
795 664 882 716 canto
904 657 967 735 ipsa
991 664 1035 716 cst
1058 658 1151 735 prima
1175 674 1311 734 persona.
1352 675 1423 734 ergo

127 756 247 834 quando
270 758 313 817 vis
334 755 467 817 indicare
489 756 526 816 dc
548 763 682 836 tempore
698 757 798 818 loturo
814 757 963 818 indicativi
979 758 1058 818 modi
1074 760 1177 819 tertiae
1199 759 1422 837 coniugationis

126 860 243 938 inspice
264 860 391 938 primam
415 877 573 937 personam
596 866 627 918 et
648 859 818 928 considera,
848 868 916 919 ante
938 861 1066 939 primam
1095 879 1253 939 personam
1283 875 1359 937 quae
1387 860 1425 918 sit

99 959 235 1021 alittera.
280 961 304 1019 si
328 963 408 1021 enim
431 962 579 1021 inveneris
601 969 667 1022 ante
690 962 785 1041 ipsam
807 979 967 1040 personam
995 963 1122 1041 primam
1151 979 1227 1037 quae
1256 965 1294 1022 sit
1313 965 1423 1034 littero,

126 1070 197 1123 tunc
220 1071 304 1141 potes
325 1061 468 1133 iudicare,
492 1061 609 1142 quando
631 1065 728 1123 mittat
750 1062 880 1124 loturum
903 1071 1021 1143 tempus
1043 1065 1073 1123 in
1097 1081 1159 1131 am,
1183 1063 1300 1143 quando
1323 1065 1352 1123 in
1375 1061 1424 1123 bo.

126 1173 196 1226 aute
220 1166 314 1244 ipsam
336 1166 462 1243 primam
485 1182 644 1243 personam
674 1167 704 1225 in
733 1167 788 1225 ista
810 1167 1018 1243 coniugatione
1042 1163 1208 1244 producta!
1228 1184 1287 1226 non
1309 1166 1424 1225 invenis

127 1267 187 1327 nisi
211 1265 285 1326 duas
307 1265 435 1335 litteras,
466 1284 482 1326 e
511 1273 541 1327 et
568 1268 587 1326 i.
632 1267 721 1327 audio
750 1275 779 1326 et
806 1285 857 1327 eo:
888 1266 988 1340 audio,
1019 1268 1096 1327 iest
1118 1272 1186 1327 ante
1209 1286 1243 1335 ος
1273 1286 1317 1336 co,
1341 1286 1357 1328 e
1381 1275 1426 1327 est

126 1375 197 1429 ante
225 1388 251 1428 o.
299 1387 370 1446 crgo
398 1368 474 1429 duae
502 1377 572 1429 sunt
599 1370 674 1430 istae
703 1368 818 1430 litterae
848 1385 922 1446 quae
950 1376 1075 1448 possunt
1101 1369 1228 1429 inveniri
1258 1376 1326 1428 ante
1354 1369 1423 1428 oin

86 1487 113 1526 ro
126 1471 216 1531 tertia
238 1470 446 1548 coniugatione
468 1469 621 1548 producta,
644 1471 655 1530 i
678 1479 707 1530 et
728 1449 754 1531 e.
785 1472 810 1531 si
832 1472 841 1530 i
864 1471 962 1540 luerit,
987 1488 1044 1548 quo
1067 1469 1155 1530 modo
1179 1472 1221 1529 vis
1243 1472 1332 1531 mittit
1347 1470 1423 1530 lutu-

125 1591 195 1632 rum
218 1580 343 1650 tempus
374 1573 399 1632 si
421 1571 531 1632 dixeris
553 1571 649 1642 audio,
673 1573 682 1631 i
706 1580 773 1633 ante
797 1591 823 1643 o,
848 1591 906 1651 quo
928 1571 1017 1633 modo
1041 1573 1083 1631 vis
1105 1591 1138 1633 ac
1160 1570 1233 1633 libet
1248 1571 1300 1632 tibi
1316 1570 1424 1641 lacere,

127 1682 158 1735 et
185 1673 302 1735 audiam
332 1683 361 1733 ct
388 1671 510 1741 audibo;
540 1673 635 1753 polio,
667 1683 695 1733 et
716 1674 825 1753 poliam
849 1682 879 1734 et
900 1673 1017 1753 polibo:
1047 1676 1162 1743 nutrio,
1193 1682 1223 1734 et
1244 1675 1372 1735 nutriam
1397 1681 1427 1734 ct

126 1774 258 1846 nutribo,
282 1777 349 1852 qnia
374 1776 383 1834 i
406 1773 495 1836 babet
517 1784 585 1837 ante
608 1793 634 1834 o.
666 1778 690 1836 si
713 1785 812 1837 autem
829 1776 838 1835 i
854 1793 914 1836 non
937 1774 1044 1836 babeat
1066 1783 1135 1836 ante
1158 1796 1184 1844 o,
1208 1775 1260 1836 sed
1277 1795 1293 1836 e
1309 1775 1424 1844 habeat,

126 1879 261 1939 luturum
284 1886 402 1956 tempus
421 1878 454 1936 in
479 1877 516 1937 bo
540 1879 636 1946 mittit,
661 1897 733 1938 ereo
757 1877 859 1939 exibo:
882 1878 976 1938 exiam
999 1896 1058 1937 non
1075 1876 1209 1945 dicimus,
1233 1876 1425 1938 soloecismus

85 1987 191 2048 nese
221 1999 256 2040 eo
282 1997 345 2042 eam
376 1997 434 2038 non
464 1979 597 2040 dicimus
644 1980 779 2047 viderint,
810 1980 879 2056 quid
908 1986 1044 2040 auctores
1072 1979 1210 2040 babeant.
1255 1981 1316 2040 scio
1346 1981 1424 2041 enim

126 2081 199 2162 quid
221 2083 314 2161 possit
337 2079 395 2141 dici
419 2090 522 2142 contra
544 2083 629 2142 istam
652 2081 795 2160 regulam.
838 2089 936 2143 wmen
960 2090 991 2143 tn
1014 2080 1070 2142 hoc
1094 2101 1178 2143 serva
1199 2082 1321 2159 liquide.
1353 2099 1426 2160 ergo

125 2183 194 2244 vide
217 2183 286 2261 quid
303 2183 381 2243 dicit.
417 2185 683 2261 quotienscumque
699 2186 741 2244 vis
756 2186 842 2252 scire,
867 2202 955 2262 quem
972 2183 1007 2244 ad
1024 2183 1144 2254 modum
1159 2185 1291 2246 futurum
1308 2192 1426 2263 tempus

125 2287 224 2347 mittat
245 2287 331 2345 tertia
354 2287 524 2364 coniugatio
546 2286 700 2366 producta,
724 2286 789 2347 redi
812 2285 847 2346 ad
864 2288 989 2365 primam
1005 2305 1164 2366 personam
1179 2286 1330 2347 indicativi
1345 2285 1426 2346 modi

126 2398 157 2448 et
185 2405 310 2465 quaere,
340 2406 426 2466 quam
456 2387 583 2449 litteram
612 2396 680 2450 ante
703 2409 735 2450 se
761 2389 877 2450 lrabeat.
924 2408 983 2449 non
1010 2397 1108 2468 potest
1136 2387 1248 2449 habere
1271 2391 1329 2448 nisi
1352 2388 1425 2449 duas

82 2489 255 2559 relitteras,
289 2491 299 2549 i
329 2499 357 2549 et
386 2508 411 2549 e.
457 2492 481 2550 si
510 2492 519 2550 i
548 2489 699 2560 habuerit,
732 2491 820 2552 audio
848 2491 982 2551 loturum
1010 2498 1127 2571 tempus
1156 2491 1226 2551 lacit
1252 2489 1366 2551 audiam
1395 2498 1425 2549 et

126 2591 250 2661 audibo;
274 2593 298 2651 si
321 2612 337 2651 c
361 2591 496 2653 babuerit
518 2599 628 2663 anteo,
653 2593 699 2654 lac
721 2595 852 2655 futurum
876 2601 991 2674 tempus
1014 2611 1049 2653 eo
1072 2592 1131 2662 ibo,
1150 2611 1223 2653 exeo
1240 2592 1335 2661 exibo,
1361 2599 1423 2652 tan-

127 2702 190 2754 tum
211 2695 241 2753 in
265 2693 302 2752 bo
326 2695 422 2753 mittit.
445 2698 449 2765 Ι
469 2694 546 2755 lorte
570 2694 663 2755 dicas:
688 2694 846 2758 undehoc
868 2693 1106 2775 conprobavnnsl
1138 2693 1229 2755 babes
1244 2694 1320 2755 hanc
1336 2712 1424 2772 regn·

126 2796 187 2857 lam
216 2797 356 2874 scriptam
385 2797 415 2855 in
445 2795 558 2866 Probo,
587 2796 638 2856 sed
666 2799 719 2866 sic,
751 2807 783 2857 nt
811 2807 904 2858 artem
933 2797 1022 2877 plane
1045 2804 1163 2858 secutus
1186 2805 1270 2858 esset.
1316 2804 1346 2856 et
1367 2797 1423 2856 boc

126 2900 224 2978 ipsum
248 2898 327 2957 vinde
350 2897 477 2977 probas?
500 2898 567 2958 andi
584 2897 751 2978 exemplum
768 2919 859 2961 unum
875 2899 912 2960 de
924 2899 1053 2979 Vergilio
1070 2908 1098 2960 ct
1114 2918 1205 2961 unum
1222 2898 1259 2959 dc
1271 2898 1422 2959 Terentio.

83 3019 113 3061 aa
127 2998 271 3061 habemus
293 3002 323 3060 in
346 2998 475 3077 Vergilio
1020 3056 1027 3062 .

280 3100 424 3163 audiam
448 3108 483 3161 et
504 3102 596 3163 haec
619 3122 744 3166 manes
767 3106 890 3164 veniet
913 3102 1000 3164 mibi
1023 3104 1115 3165 lania
1139 3102 1205 3164 sub
1228 3105 1337 3170 imos:

128 3205 244 3265 audiam
273 3205 327 3273 ait,
357 3222 426 3263 ecce
456 3205 485 3262 in
514 3223 560 3263 am
591 3207 679 3265 misit.
724 3207 882 3266 Terentius
910 3208 949 3268 ait
972 3207 1120 3266 ‘matris
1148 3205 1298 3265 servibo
1326 3223 1424 3264 com·

129 3306 279 3371 modis';
304 3303 353 3365 ille
377 3308 406 3366 in
429 3305 467 3365 bo
490 3308 578 3366 misit.
625 3327 694 3367 cccc
717 3305 766 3367 illc
789 3309 819 3367 in
843 3327 889 3367 am
913 3309 1007 3376 misit,
1038 3306 1087 3366 ille
1110 3309 1141 3367 in
1164 3306 1215 3374 bo;
1246 3314 1275 3366 et
1298 3316 1424 3384 utraque

126 3409 214 3468 tertia
238 3415 282 3469 est
304 3409 471 3485 coniugatio
493 3408 648 3488 producta,
671 3419 739 3469 anto
762 3428 779 3467 o
800 3410 810 3467 i
835 3408 938 3478 babet,
963 3417 1033 3487 puta
1055 3409 1141 3469 audio
1165 3408 1296 3477 audiam,
1327 3409 1424 3469 servio

83 3510 255 3571 aoservibo.
301 3511 326 3570 si
355 3512 384 3570 in
415 3530 460 3571 ani
490 3513 634 3578 mitteret,
671 3513 713 3571 sic
742 3510 940 3571 debueramus
968 3510 1069 3571 dicore
1097 3513 1236 3584 serviam,
1270 3528 1357 3588 quem
1386 3511 1422 3571 ad

126 3613 247 3673 modum
271 3612 402 3679 audiam;
427 3614 451 3671 si
475 3614 505 3671 in
528 3611 565 3672 bo
590 3613 735 3683 mitteret,
760 3614 803 3673 sic
826 3612 1024 3674 debueramus
1053 3612 1153 3673 dicore
1182 3611 1304 3682 audibo,
1335 3630 1422 3690 quem

127 3714 308 3776 admodum
331 3714 457 3775 servibo.
490 3714 542 3774 scd
566 3716 621 3774 iste
644 3732 732 3774 unam
749 3721 862 3794 partem
879 3717 985 3794 posuit,
1008 3714 1058 3775 illc
1075 3734 1173 3775 unam.
1205 3714 1282 3775 unde
1299 3723 1425 3796 apparet

127 3818 266 3895 quoniam
289 3824 449 3896 utrumque
473 3816 608 3876 dicimus.
645 3818 669 3876 si
694 3818 703 3876 i
726 3816 864 3879 habuerit
885 3824 953 3878 ante
976 3837 1003 3887 o,
1028 3836 1085 3896 quo
1109 3816 1197 3877 modo
1219 3818 1263 3877 vis
1286 3817 1331 3877 lac
1346 3818 1423 3877 sutu-

126 3937 195 3980 rum
217 3925 343 3998 tempus,
368 3927 398 3978 et
420 3918 536 3979 audiam
560 3925 589 3978 et
611 3918 735 3986 audibo;
764 3920 788 3979 si
812 3939 828 3980 e
851 3918 988 3980 babuerit
1010 3928 1078 3981 ante
1101 3937 1128 3989 o,
1152 3919 1424 3998 futurum-tempus

197 4087 214 4138 3
235 4088 318 4138 intrim
337 4090 362 4137 in
385 4089 523 4138 indicatino
543 4089 617 4138 modo
638 4090 690 4140 BC
760 4091 950 4156 coniugatiouis
975 4092 1008 4139 ita
1026 4092 1092 4139 circo
1111 4091 1211 4139 tertiam
1231 4104 1364 4154 personam
1385 4090 1424 4138 in-

126 4160 198 4224 spice
217 4160 323 4223 primam
343 4174 476 4224 personam
497 4162 629 4222 eapunctr'a
647 4177 669 4208 o.
690 4160 724 4207 ita
743 4162 810 4209 circa
827 4161 926 4209 tertium
945 4176 1080 4225 personam
1097 4161 1121 4208 A
1174 4161 1273 4222 bqtrac
1292 4161 1325 4208 sit
1341 4159 1423 4208 littera

123 4233 268 4295 posteriore
283 4233 337 4281 loro
355 4245 401 4281 0111.
424 4229 506 4279 ABG
574 4230 717 4281 llinucniri
737 4230 785 4280 Bo
804 4230 919 4279 inuenire
938 4229 1009 4279 ACb
1082 4231 1113 4281 12
1128 4229 1197 4293 polio
1217 4230 1353 4294 poliamA

128 4300 214 4349 nutrio
233 4301 342 4348 nutriam
361 4300 385 4347 A
447 4301 478 4350 14
493 4314 583 4349 exeam
603 4315 650 4348 non
666 4299 773 4349 dicimus
794 4297 853 4350 Co*
870 4315 917 4348 non
939 4299 1047 4349 dicimus
1066 4300 1149 4348 exiam
1168 4300 1193 4348 B
1211 4302 1295 4348 exiam
1314 4300 1351 4347 A:
1373 4313 1421 4347 vion

125 4370 236 4419 dicimus
252 4385 298 4419 om.
319 4370 357 4430 Α,
375 4369 437 4418 odd.
454 4386 470 4418 a
559 4370 592 4419 15
607 4385 637 4420 eo
657 4384 713 4418 eam
731 4370 803 4420 BCo
822 4384 851 4419 co
871 4381 895 4418 et
914 4383 969 4416 enm
984 4371 1025 4420 A:
1041 4371 1156 4430 fortusse
1179 4383 1209 4417 eo
1231 4371 1282 4429 ibo,
1303 4369 1350 4416 iam
1372 4383 1421 4417 nora

126 4439 236 4488 dicimus
327 4440 358 4490 1ss
377 4440 472 4501 liquide
492 4439 581 4487 laea*
601 4438 730 4488 illudar
821 4441 851 4490 17
871 4440 1096 4503 quotienscumque
1115 4440 1153 4490 Cb
1173 4440 1290 4502 quotiens
1309 4453 1422 4501 eaquae

126 4508 185 4558 AB
253 4508 287 4559 23
307 4511 331 4557 in
352 4506 444 4575 Probo]
470 4512 654 4572 territamur.
671 4510 766 4570 180,4
836 4510 881 4559 sed
900 4510 966 4558 sicut
984 4509 1008 4559 A
1027 4510 1170 4562 sedai...
1192 4508 1213 4555 B
1232 4509 1277 4557 sed
1296 4506 1356 4557 sic

126 4578 204 4645 plane
223 4576 256 4627 a*
275 4580 349 4644 plene
370 4580 450 4629 ABG
519 4579 553 4629 26
572 4578 685 4644 audiam]
711 4581 789 4644 Verp.
810 4578 874 4629 Aen.
898 4578 1013 4629 1111381
1085 4579 1241 4628 nenictAB
1264 4573 1421 4626 ueniatGa*

200 4648 279 4698 lamas
299 4650 388 4699 san
459 4647 874 4714 atterentrua]!1ec.ttta,45
928 4650 1117 4700 matrisABC
1133 4649 1206 4697 matri
1225 4663 1242 4695 a
1312 4646 1421 4694 ‘lllron-

128 4720 225 4784 iugatio
239 4720 362 4785 producta
378 4720 449 4770 nea
468 4721 613 4785 coniugatio
633 4719 679 4770 sed
699 4719 820 4785 producta
838 4719 861 4767 A
932 4718 966 4770 30
983 4719 1020 4768 sic
1037 4720 1205 4769 debueramus
1220 4716 1303 4765 dicere
1319 4716 1421 4764 audiam

126 4790 166 4839 sic
186 4790 354 4839 debueramus
374 4790 458 4839 dicere
476 4791 584 4839 sentiam
604 4789 625 4839 si
642 4790 666 4837 in
686 4790 717 4839 bo
737 4789 821 4839 ABG
889 4787 923 4839 33
944 4790 1071 4852 quomodo
1091 4791 1131 4838 nis
1152 4789 1189 4837 sic
1208 4785 1248 4835 lac
1267 4785 1378 4834 futurum
1397 4786 1422 4836 B

127 4859 255 4923 quomodo
272 4862 310 4911 uis
331 4861 367 4910 sic
387 4860 597 4911 inturum‘estC

179 4951 356 4994 onanarnncr
370 4952 462 4994 canni
476 4952 503 4992 v.
1182 4938 1220 5005 15
