3346 5498
688 431 882 493 excusent
926 491 928 495 ,
1367 425 1431 491 315

139 621 236 687 cuius
257 621 309 685 bis
332 620 421 684 facta
443 628 493 685 est
514 619 651 698 mentio,
674 618 708 680 in
730 624 871 682 tractatu
894 615 934 680 de
956 616 1102 695 nomine,
1121 625 1197 694 puto
1219 621 1247 679 si
1266 621 1431 694 turmogos

139 745 189 788 me
210 729 311 787 ‘cans
331 721 463 802 corrrn?'
485 724 650 800 respondeo
671 724 724 783 tior·
740 739 797 798 per
815 724 982 797 oenettvam
1002 737 1105 781 emam
1127 722 1228 780 domni
1240 721 1358 796 Eroioir'
1377 739 1431 782 re-

136 833 202 904 qis,
225 834 260 890 ot
281 826 322 889 de
344 824 549 910 pronomine,
572 828 640 885 item
661 844 757 901 querc
779 826 889 886 dicitur
907 827 1004 885 minas
1025 840 1115 898 quum
1133 820 1272 896 datum?
1297 841 1332 884 co
1352 825 1432 899 qood

139 934 180 992 de
200 933 319 1006 cognita
345 931 514 990 elabrente
539 944 668 1003 pesona
689 931 809 1001 loquor,
831 933 864 986 ut
879 934 956 1002 puto
979 926 1054 985 ‘seis
1074 928 1212 985 domnam
1235 923 1429 1001 Eroipiumd’

140 1036 227 1110 ‘ipse
247 1040 291 1093 est
307 1037 451 1108 princeps
472 1031 668 1106 Hispaniae&
705 1027 733 1089 is
756 1024 842 1089 enim
864 1025 907 1090 ab
929 1046 1014 1088 anno
1036 1024 1100 1087 680
1120 1025 1287 1110 usquead
1310 1046 1430 1088 annum
1500 1044 1503 1051 ’

138 1132 204 1197 68Ἰ
225 1153 363 1215 regnum
385 1129 567 1195 Gothorum
589 1127 768 1203 obtinebat.
811 1128 846 1190 in
868 1133 938 1191 arte
960 1127 1131 1190 tractanda
1152 1134 1261 1191 autem
1284 1125 1430 1190 Iulianus

140 1235 191 1299 ita
211 1244 341 1299 secutus
364 1241 415 1297 est
431 1233 613 1311 Donatum,
636 1238 673 1293 ut
691 1228 819 1315 integra
833 1229 902 1293 eius
918 1228 1021 1293 verba
1035 1237 1197 1314 repeteret
1218 1227 1321 1314 iisque
1337 1250 1430 1292 suam

140 1335 384 1400 adnotationem
406 1334 636 1419 interponeret.
681 1340 714 1395 ct
735 1332 769 1394 in
788 1354 827 1395 ca
849 1330 981 1417 quidem
1002 1340 1095 1416 parte
1118 1353 1201 1416 quac
1223 1339 1274 1395 est
1296 1330 1336 1394 dc
1358 1339 1430 1396 octo

139 1436 291 1526 partibus
313 1435 469 1500 orationis
485 1435 594 1500 omnia
613 1444 745 1520 praeter
759 1432 993 1530 declinationes
1016 1432 1181 1496 nominum
1203 1442 1235 1498 et
1257 1432 1432 1498 vorborum

140 1541 191 1604 sie
211 1540 304 1602 utin
330 1539 456 1602 minore
479 1544 548 1601 arte
570 1536 693 1621 scripta
716 1545 809 1600 erant
835 1535 975 1621 repetita
996 1544 1030 1599 et
1051 1535 1200 1601 subiecta
1222 1534 1431 1601 adnotatione

139 1640 307 1706 illustrata
334 1648 419 1703 sunt.
463 1637 593 1720 longius
622 1660 642 1701 a
663 1639 794 1703 Donato
822 1636 946 1702 recedit
974 1636 1116 1701 secunda
1144 1658 1219 1723 pars
1248 1637 1289 1700 da
1311 1635 1430 1701 litteris

139 1753 176 1808 et
201 1740 334 1828 reliquis
362 1742 442 1805 artis
470 1741 703 1825 grammaticae
733 1738 917 1820 elementis,
944 1738 979 1802 in
1007 1761 1072 1824 qua
1093 1762 1159 1803 non
1180 1737 1287 1803 solum
1308 1740 1432 1804 Donati

139 1843 245 1910 verba
272 1843 460 1930 plerumque
482 1842 516 1904 in
537 1840 801 1925 interrogationis
825 1852 857 1906 et
879 1839 1100 1927 responsionis
1128 1840 1267 1905 formam
1288 1841 1432 1920 redacta,

140 1947 200 2012 sed
221 1946 316 2033 plura
338 1945 436 2009 etiam
458 1965 555 2030 quam
578 1944 611 2006 in
633 1942 766 2029 reliquis
789 1941 937 2028 partibus
960 1939 1093 2006 aliunde
1114 1942 1228 2007 addita
1249 1951 1334 2006 sunt.
1357 1964 1433 2007 nam

139 2057 218 2135 post
243 2046 509 2111 commentarium
536 2044 576 2109 de
605 2044 742 2131 syllabis
771 2044 917 2111 adiectus
946 2053 997 2108 cst
1025 2053 1182 2109 tractatus
1210 2045 1251 2109 de
1279 2043 1432 2111 finalibus

140 2147 294 2236 syllabis,
323 2150 357 2212 in
384 2171 448 2235 quo
476 2148 727 2213 commentarius
758 2146 896 2211 Maximi
918 2145 1081 2211 Victorini
1109 2146 1164 2232 qui
1186 2145 1293 2210 fertur
1312 2149 1432 2234 partim

140 2254 175 2316 in
197 2251 413 2336 conpendium
434 2249 603 2330 redactus,
627 2249 746 2334 partim
773 2248 1004 2314 additamentis
1028 2246 1146 2312 Iuliani
1168 2246 1350 2333 explicatus
1372 2259 1433 2316 est.

141 2355 175 2418 in
205 2376 268 2439 quo
296 2374 431 2438 prorsus
460 2351 595 2416 eandem
622 2351 797 2426 rationem,
831 2372 896 2435 qua
922 2349 956 2413 in
985 2359 1054 2415 arte
1081 2350 1205 2415 Donati
1238 2351 1433 2437 explicanda

141 2478 220 2520 usus
249 2467 315 2534 est,
344 2455 491 2541 sequitur
518 2464 615 2539 atquc
643 2454 742 2516 ctiam
770 2452 937 2517 Donatum
966 2462 1131 2538 tamquam
1158 2463 1323 2518 auctorem
1344 2452 1432 2518 illius

141 2558 365 2623 commentarii
392 2555 545 2643 appellat.
588 2564 758 2642 praetcrea
787 2555 828 2618 de
855 2553 1012 2640 pedibus,
1035 2575 1232 2640 quamquam
1253 2555 1334 2620 haec
1355 2578 1432 2642 quo·

142 2682 205 2746 quc
224 2681 302 2746 pars
325 2658 408 2723 sicut
429 2656 554 2743 reliqua
568 2657 733 2722 Donatum
754 2657 918 2742 sequitur,
939 2665 1047 2720 tamen
1069 2655 1171 2722 multo
1193 2656 1327 2722 uberius
1350 2667 1432 2722 trac·

143 2771 246 2827 tatum
269 2771 301 2824 ct
320 2761 463 2824 maxime
486 2759 526 2823 de
547 2759 732 2824 nominibus
747 2758 865 2845 pedum
882 2755 1119 2844 disyllaborum
1140 2767 1173 2822 ct
1187 2757 1432 2845 trisyllaborum

142 2863 305 2949 copiosius
336 2861 520 2949 expositum
549 2873 610 2926 est.
654 2860 687 2924 in
716 2861 813 2925 tertia
840 2871 932 2947 parte
960 2861 1067 2946 operis
1096 2859 1218 2945 regulis
1240 2860 1364 2926 Donati
1392 2862 1433 2926 de

142 2966 231 3029 vitiis
254 2973 287 3028 ct
307 2965 484 3029 virtutibus
507 2963 663 3028 orationis
684 2961 823 3028 aliorum
844 2963 1147 3045 grammaticorum,
1175 2963 1209 3026 in
1236 2963 1350 3048 primis
1372 2964 1432 3028 Isi·

142 3067 230 3147 dori,
261 3067 302 3131 dc
323 3066 440 3131 iisdem
467 3065 565 3130 rebus
588 3072 763 3150 praecepta
785 3074 818 3129 et
839 3062 989 3149 exempla
1010 3086 1052 3128 ex
1074 3063 1168 3129 libris
1190 3066 1292 3128 sacris
1314 3063 1368 3129 vel
1390 3087 1432 3130 ex

141 3169 342 3233 carminibus
372 3180 542 3254 poctarum
569 3166 820 3230 christianorum
842 3166 945 3252 petita
966 3165 1080 3230 addita
1101 3178 1187 3231 suut.
1232 3165 1371 3251 denique
1393 3153 1456 3230 ea'

141 3293 224 3357 quac
247 3271 281 3332 in
303 3271 367 3334 fine
389 3269 464 3334 libri
487 3269 528 3333 de
550 3269 662 3334 metris
685 3268 807 3354 scripta
828 3276 904 3331 sunt
925 3269 1045 3352 partim
1060 3290 1102 3331 cx
1116 3267 1254 3331 Maximi
1268 3267 1431 3333 Victorini
1504 3306 1509 3313 ·

140 3373 224 3437 libro
248 3372 289 3436 de
311 3372 437 3450 metris,
460 3393 556 3456 quem
578 3370 719 3434 maxime
740 3369 872 3446 infimae
900 3370 1016 3434 aetatis
1043 3370 1219 3455 scriptores
1241 3371 1274 3434 in
1297 3370 1432 3435 metrica

140 3485 211 3540 arte
235 3474 469 3560 sequebantur,
491 3472 611 3559 partim
633 3494 652 3535 a
673 3469 785 3536 Mallio
808 3470 981 3537 Theodoro
1004 3471 1107 3557 petita
1128 3479 1216 3536 sunt.

226 3576 348 3640 Totum
370 3574 489 3638 librum
512 3574 608 3639 edere
629 3572 744 3638 inutile
768 3594 840 3637 esse
859 3574 966 3637 visum
988 3584 1049 3637 est.
1078 3571 1231 3659 pleraque
1246 3575 1332 3638 enirn
1348 3597 1431 3661 quae

73 3694 77 3700 ’
141 3676 289 3743 Iulianus
312 3676 355 3739 ad
377 3686 479 3741 artem
495 3677 618 3740 Donati
641 3675 749 3740 attulit
770 3676 883 3739 autin
905 3673 1062 3761 exemplis
1086 3696 1252 3741 sacrorum
1274 3675 1431 3743 librorum

140 3778 194 3844 vel
217 3779 394 3844 recentium
417 3779 614 3864 scriptorum
637 3777 678 3842 ad
700 3775 830 3862 regulas
846 3777 968 3841 Donati
990 3777 1161 3862 exigendis
1177 3789 1352 3844 versantur
1374 3789 1433 3846 aut

140 3904 184 3945 cx
206 3881 246 3944 iis
268 3879 361 3944 libris
389 3879 606 3966 antiquiorum
632 3881 919 3963 grammaticorum
941 3902 1022 3966 quos
1045 3902 1132 3944 nunc
1154 3880 1252 3944 etiam
1274 3879 1432 3947 habemus

139 3985 245 4069 petita
267 3991 352 4047 sunt.
397 3991 526 4067 practer
548 4004 603 4046 cos
625 3990 773 4046 auctores
796 3993 905 4046 autem
928 4004 1008 4068 quos
1032 3981 1233 4067 supradixi,
1257 3981 1431 4066 Isidorum,

139 4084 323 4149 Maximum
360 4083 579 4164 Victorinum,
616 4082 765 4148 Mallium
801 4082 1023 4165 Theodorum,
1061 4085 1095 4147 in
1131 4084 1244 4169 primis
1282 4084 1434 4150 adhibuit

139 4186 347 4271 Pompeium,
375 4208 470 4270 quem
496 4186 548 4250 bis
576 4186 770 4265 nominavit,
800 4187 931 4272 saepius
959 4208 1023 4249 non
1052 4186 1204 4272 adposito
1226 4187 1354 4251 nomine
1377 4210 1432 4252 ex·

139 4286 283 4372 scripsit.
317 4310 417 4352 unum
439 4297 607 4372 praeterea
629 4286 826 4374 appellatum
848 4287 959 4351 inveni
981 4287 1231 4371 grammaticum
1253 4296 1372 4369 aetate,
1396 4297 1433 4352 ut

139 4387 289 4468 videtur,
317 4411 383 4453 non
410 4387 511 4455 multo
539 4390 739 4475 superiorem
767 4389 951 4468 Audacem,
980 4390 1072 4452 cuius
1106 4386 1190 4453 liber
1211 4388 1282 4473 ipse
1303 4411 1432 4474 quoquc

139 4490 173 4552 in
195 4489 364 4554 codicibus
387 4513 485 4554 manu
508 4489 636 4576 scriptis
658 4500 760 4556 extat.
791 4489 849 4555 sed
871 4512 1067 4576 quamquam
1090 4491 1235 4554 maxima
1256 4491 1332 4554 libri
1353 4511 1431 4576 pars

139 4614 204 4655 non
232 4591 387 4655 maiorem
413 4593 586 4657 utilitatem
613 4592 727 4674 habet,
756 4615 853 4677 quam
880 4590 936 4656 alii
964 4592 1033 4655 eius
1056 4591 1185 4677 generis
1208 4577 1431 4656 commentarii

139 4693 220 4757 satis
247 4691 339 4757 multi
368 4693 421 4757 vel
450 4693 564 4758 cadem
591 4693 660 4757 fere
687 4702 794 4759 aetate
821 4692 873 4758 vel
902 4693 1136 4779 posterioribus
1159 4695 1258 4758 etiam
1281 4694 1430 4778 tempori·

138 4794 200 4858 bus
235 4817 255 4858 a
286 4795 508 4878 grammaticis
543 4796 706 4879 congesti,
740 4818 845 4882 pauca
878 4806 986 4860 tamen
1018 4798 1146 4878 insunt,
1179 4804 1312 4882 proptor
1347 4816 1430 4879 quae

137 4919 272 4982 prorsus
296 4896 424 4981 neglegi
445 4898 497 4961 hic
520 4898 658 4984 scriptor
679 4920 744 4962 non
766 4897 919 4985 potuerit.
949 4919 1026 4962 nam
1041 4899 1182 4984 primum
1202 4898 1288 4961 inter
1309 4917 1430 4981 paucos
