3346 5498
245 360 309 426 336
480 360 482 373 ⁴
532 350 536 355 ⁵
791 357 995 420 CONSENTll

246 547 386 625 sentius,
414 545 512 609 istum
539 543 825 628 grammaticorum
854 561 1047 603 eonsensum
1077 539 1154 603 inde
1181 547 1287 602 ortum
1316 561 1388 603 esse
1410 538 1543 625 putabi-

246 670 336 723 mus,
359 656 396 711 nt
418 645 634 711 Consentium
657 666 722 707 uon
737 641 879 707 Charisii
902 650 935 705 et
949 640 1119 706 Diomedis
1141 639 1249 720 libris,
1272 640 1331 703 sed
1352 641 1541 705 auctoribus

248 746 377 814 abillis
399 746 556 811 adhibitis
583 767 679 809 usum
709 766 781 807 esse
803 743 961 808 dicamus.
1006 741 1093 827 quod
1115 741 1144 804 si
1166 750 1255 806 recte
1277 741 1446 828 ponimus,
1475 739 1542 806 illis

248 849 469 937 grammaticis
497 870 579 934 quos
607 845 676 909 dixi
704 844 818 909 tertius
846 842 1016 912 addendus
1044 854 1095 906 est
1118 840 1348 923 Cominianus,
1370 844 1463 908 cuius
1485 867 1544 910 no·

248 973 322 1016 men
350 949 438 1035 apud
468 947 653 1015 Charisium
680 969 711 1032 p.
737 945 813 1026 175,
841 945 883 1007 29
912 943 1134 1029 praepositum
1162 952 1214 1009 cst
1241 945 1473 1010 commentario
1503 944 1543 1009 de

249 1050 534 1135 coniugationibus
562 1072 582 1112 a
609 1049 785 1113 Consentio
809 1069 937 1132 quoque
965 1067 1007 1109 ex
1034 1044 1145 1132 aliqua
1166 1055 1260 1132 parte
1282 1055 1422 1132 recepto.
1468 1057 1544 1111 sunt

250 1163 421 1240 praeterea
453 1151 519 1215 alia
551 1150 691 1233 vestigia
723 1148 874 1234 quamvis
906 1149 1013 1210 minus
1047 1157 1151 1226 certa,
1189 1145 1307 1233 quibus
1335 1146 1378 1211 ad
1410 1148 1544 1213 eosdem

250 1264 399 1320 auctores
422 1253 581 1318 ducimur.
625 1273 700 1314 nam
722 1271 806 1339 quae
829 1249 869 1312 de
891 1248 1076 1312 differentia
1103 1246 1231 1312 activae
1259 1259 1292 1313 et
1313 1248 1468 1334 passivae
1489 1249 1545 1314 de·

252 1354 438 1422 clinationis
461 1353 555 1418 verbi
582 1358 708 1416 tonum
735 1362 910 1437 praecepta
932 1359 1008 1412 sunt
1029 1371 1061 1434 p.
1077 1348 1163 1412 2054
1183 1349 1293 1415 Probo
1317 1350 1504 1417 tribuuntur
1526 1374 1547 1416 a

252 1457 366 1522 Servio
388 1457 423 1519 in
444 1455 544 1539 Verg.
569 1454 653 1517 Aen.
676 1453 693 1515 I
718 1452 788 1516 194.
826 1452 868 1515 ad
891 1450 1121 1516 Palaemonem
1142 1460 1252 1516 autem
1275 1451 1430 1517 videntur
1452 1474 1544 1517 reve·

253 1558 361 1622 canda
382 1579 454 1621 esse
476 1579 540 1620 non
564 1553 654 1618 nulla
675 1575 758 1639 quae
781 1553 932 1617 similiter
954 1553 1076 1639 scripta
1097 1560 1213 1617 extant
1239 1553 1272 1616 in
1294 1553 1459 1640 excerptis
1482 1554 1545 1619 Bo-

251 1658 421 1724 biensibus
450 1666 525 1743 post
551 1656 743 1719 Diomedem
772 1655 879 1718 editis.
926 1675 1009 1739 quae
1037 1663 1192 1741 excerpta
1220 1654 1374 1740 quoniam
1401 1655 1449 1720 ita
1470 1679 1547 1721 cum

254 1759 404 1824 Charisio
428 1758 610 1822 consentire
635 1757 803 1836 videbam,
831 1767 868 1820 ut
890 1756 975 1819 hunc
997 1757 1200 1841 potissimum
1225 1767 1356 1820 secutus
1379 1757 1548 1822 videretur

255 1861 283 1924 is
306 1860 423 1946 quiea
446 1858 596 1939 confecit,
619 1863 679 1921 ‘cx
697 1857 836 1921 Charisii
860 1866 929 1920 arte
951 1857 1166 1940 grammatica
1187 1868 1358 1943 excerpta'
1382 1859 1547 1945 inscripsi,

255 1982 451 2047 quamquam
475 1959 630 2046 conplura
652 1982 693 2023 ex
715 1957 788 2022 aliis
811 1958 957 2022 fontibus
979 1957 1083 2044 petita
1097 1979 1170 2022 esse
1191 1981 1258 2024 non
1278 1960 1474 2025 nesciebam.
1507 1983 1550 2025 ex

256 2063 308 2127 his
335 2063 438 2143 igitur
466 2061 625 2146 quaedam
658 2058 848 2123 Palaemoni
875 2059 989 2124 deberi
1016 2058 1106 2123 haud
1131 2060 1382 2146 inprobabiliter
1409 2062 1551 2127 coniecit

257 2163 419 2228 Christius
442 2160 558 2225 Philol.
583 2161 646 2225 vol.
669 2159 790 2224 XVIII
813 2183 844 2247 p.
871 2162 931 2225 136
954 2184 1024 2247 sqq.
1061 2161 1260 2226 Consentius
1283 2171 1391 2227 autem
1412 2186 1446 2249 p.
1465 2163 1551 2228 2060

258 2264 299 2328 de
320 2264 475 2350 qualitate
498 2263 673 2328 verborum
695 2261 812 2325 iisdem
834 2261 904 2326 scre
927 2262 1036 2326 verbis
1060 2262 1145 2326 dixit
1167 2272 1264 2348 atque
1286 2265 1347 2328 iste
1376 2274 1551 2351 excerptor

258 2389 289 2452 p.
312 2367 390 2445 561,
413 2364 465 2427 25.
497 2363 615 2427 deiude
643 2363 684 2426 dc
712 2362 868 2448 singulari
896 2385 1032 2429 numero
1061 2387 1092 2427 v.
1121 2370 1226 2429 sordes
1255 2374 1385 2449 praeter
1405 2365 1550 2432 Consen-

257 2468 338 2531 tium
360 2488 392 2551 p.
415 2465 500 2528 2029
529 2465 669 2529 relatum
698 2473 747 2528 est
774 2464 819 2529 ib.
843 2487 875 2549 p.
898 2465 977 2545 549,
999 2464 1051 2528 30.
1076 2463 1116 2528 de
1139 2465 1231 2529 varia
1254 2465 1470 2531 declinatione
1493 2491 1550 2533 no-

257 2568 355 2634 minis
380 2573 518 2631 Chremes
545 2565 658 2629 cadem
682 2564 848 2650 exempla,
871 2566 991 2651 quibus
1014 2588 1092 2629 usus
1115 2576 1166 2630 est
1187 2566 1377 2632 Consentius
1400 2592 1433 2655 p.
1454 2569 1550 2650 2050,

261 2669 370 2758 posita
393 2677 469 2732 sunt
491 2666 589 2732 Prob.
614 2666 732 2731 cathol.
756 2690 787 2753 p.
810 2667 862 2748 24,
885 2667 927 2729 22
949 2676 982 2730 et
1004 2689 1074 2732 exc.
1098 2666 1195 2733 Char.
1219 2691 1251 2754 p.
1274 2670 1347 2751 542,
1369 2671 1399 2734 2.

343 2769 471 2850 Quibus
498 2768 680 2833 rationibus
710 2769 744 2831 in
773 2790 861 2832 nova
883 2767 1026 2834 editione
1047 2791 1126 2833 usus
1149 2771 1210 2834 sim
1233 2772 1345 2857 paucis
1368 2771 1550 2859 explicabo.

258 2873 374 2959 itaque'
391 2894 433 2934 ex
455 2869 559 2934 tribus
583 2867 675 2933 libris
700 2891 799 2933 manu
822 2869 973 2955 scriptis,
1002 2891 1083 2956 quos
1107 2870 1256 2952 adhibui,
1280 2872 1388 2937 nullus
1410 2884 1477 2938 tam
1500 2897 1551 2940 ac·

259 2983 371 3039 curate
394 2995 436 3037 ex
458 2971 634 3056 archetypo
657 2992 831 3054 expressus
855 2978 922 3051 est,
952 2981 988 3035 nt
1015 2994 1092 3058 prae
1114 2973 1231 3037 ceteris
1254 2973 1356 3038 fidum
1378 2974 1492 3040 ducent
1517 2999 1553 3040 se

259 3074 431 3162 praeberet
458 3075 499 3136 ad
523 3082 667 3136 veterem
696 3073 890 3156 scripturam
918 3074 1194 3157 investigandam.
1239 3097 1315 3139 nam
1343 3075 1552 3142 Monacensis

260 3176 391 3262 quidem
415 3174 517 3237 codex
540 3185 577 3238 nt
598 3172 717 3238 librum
740 3172 781 3236 de
804 3174 1017 3238 barbarismis
1047 3186 1082 3242 et
1103 3174 1327 3261 metaplasmis
1349 3177 1438 3243 solus
1461 3201 1553 3266 prac-

259 3277 344 3351 buit,
373 3278 420 3339 ita
449 3276 483 3338 in
511 3275 618 3360 priore
645 3297 773 3361 quoque
801 3274 886 3339 libro
915 3276 1075 3361 quaedam
1102 3299 1185 3363 quae
1212 3278 1246 3343 in
1268 3277 1402 3364 reliquis
1424 3278 1553 3346 duobus

260 3388 413 3462 corrupta
441 3386 518 3440 sunt
549 3375 677 3459 integra
709 3376 870 3459 servavit3
905 3376 963 3441 sed
996 3376 1082 3441 idem
1119 3378 1256 3445 arbitrio
1292 3380 1418 3445 librarii
1455 3404 1554 3469 saepe

260 3479 396 3544 vitiatus
420 3488 479 3541 ost.
524 3478 699 3541 Beruensis
729 3486 837 3543 autem
866 3479 970 3543 codex
997 3479 1146 3564 quamvis
1176 3490 1324 3546 accurate
1347 3484 1486 3569 scriptus
1509 3485 1553 3550 sit

260 3590 293 3644 et
314 3577 478 3644 interdum
501 3600 611 3642 veram
638 3580 835 3664 scripturam
863 3580 953 3645 solus
981 3581 1153 3665 praebeat,
1182 3592 1291 3646 tamen
1320 3606 1360 3647 ne
1388 3585 1459 3669 ipse
1481 3587 1553 3671 qui·

261 3678 334 3743 dem
369 3676 618 3763 interpolatione
651 3683 781 3746 omnino
816 3691 922 3744 vacat.
967 3681 1107 3766 denique
1141 3682 1313 3748 Leidensis
1340 3684 1462 3768 codex,
1497 3689 1553 3772 qui

260 3778 385 3861 origine
407 3776 450 3840 ad
472 3778 700 3842 Monacensem
723 3778 842 3844 librum
864 3782 1011 3866 proxime
1034 3783 1190 3849 accedere
1211 3786 1358 3868 videtur,
1382 3786 1553 3872 neglegen-

260 3889 309 3944 ter
332 3880 473 3963 scriptus
503 3890 552 3943 est
581 3889 613 3943 ct
636 3903 740 3965 panea
763 3881 851 3945 solus
874 3892 962 3946 recte
983 3885 1107 3969 scripta
1135 3887 1291 3951 servavit.
1336 3909 1436 3972 quare
1458 3890 1492 3953 in
1514 3912 1554 3954 ca

260 3988 354 4067 parte
382 4001 465 4064 qnae
492 3991 542 4045 est
570 3979 611 4043 de
637 3983 768 4045 nomine
797 3994 829 4047 et
852 3984 969 4066 verbo,
1001 3986 1056 4049 ubi
1079 3996 1146 4051 tres
1168 3990 1275 4072 parati
1298 3999 1390 4054 erant
1411 3989 1553 4073 codices,

260 4082 310 4145 his
334 4080 419 4143 inter
447 4103 481 4145 se
509 4080 776 4146 dissentientibus
805 4105 902 4168 saepe
930 4085 1075 4150 dubitari
1103 4098 1248 4173 poterat,
1272 4091 1323 4153 eui
1346 4090 1551 4175 potissimum

260 4182 341 4246 tides
365 4180 516 4245 habenda
539 4194 635 4248 esset.
667 4182 894 4268 sedquoniam
916 4184 1107 4275 plerumque
1127 4189 1163 4251 in
1185 4188 1225 4252 iis
1248 4191 1345 4254 rebus
1368 4192 1552 4257 dissensum

259 4283 416 4348 librorum
444 4283 570 4346 versari
599 4283 768 4365 videbam,
797 4287 830 4348 in
858 4287 976 4372 quibus
1006 4310 1070 4352 non
1097 4289 1233 4355 multum
1256 4291 1444 4374 interesset,
1468 4317 1552 4380 quac

260 4385 422 4471 scriptura
437 4384 673 4469 praeferretur,
697 4384 811 4450 inutile
827 4396 859 4450 et
880 4386 1080 4454 laboriosum
1103 4414 1174 4457 esse
1196 4393 1355 4474 iudicavi,
1378 4395 1457 4480 quid
1473 4418 1553 4480 qno-

260 4508 323 4572 que
351 4484 421 4549 loco
450 4507 469 4548 a
497 4483 637 4550 librariis
669 4499 838 4574 peecatum
866 4501 967 4571 esset,
1002 4504 1153 4558 accurate
1180 4495 1340 4576 indicare,
1369 4495 1450 4560 satis
1479 4518 1551 4582 pro·

261 4598 408 4673 spectum
423 4589 592 4653 commodo
608 4590 784 4674 legentium
806 4599 907 4672 ratus,
931 4594 959 4656 si
983 4593 1015 4654 in
1039 4595 1077 4657 iis
1101 4592 1192 4675 locis,
1214 4597 1382 4682 inquibus
1405 4597 1458 4661 vel
1478 4619 1552 4682 gra·

260 4687 333 4751 vior
355 4701 441 4753 esset
470 4689 629 4754 dubitatio
653 4690 705 4754 vel
733 4704 867 4779 propter
894 4714 1003 4756 rerum
1032 4696 1228 4759 traditarum
1250 4700 1447 4781 gravitatem
1469 4697 1552 4763 fides

261 4788 440 4874 scripturae
455 4792 767 4875 circumspiceretur,
790 4795 919 4878 integra
934 4793 1090 4859 librorum
1107 4795 1326 4883 discrepantia
1340 4798 1549 4864 indicaretur.
1648 4833 1650 4836 ·
