3346 5498
717 336 788 399 uus
1361 335 1402 400 79

1256 457 1278 498 p.
1291 447 1342 486 19³6
1354 445 1377 487 P.

119 524 214 586 babet.
257 526 491 586 interiectionem
519 523 646 585 amenus
673 542 728 603 pro
750 542 840 585 sensu
862 523 1076 602 intellegimus,
1099 526 1236 605 quotiens
1259 526 1404 604 signifieat

117 629 349 697 miserationem,
372 637 406 688 ut

263 729 392 790 omibi
415 730 649 809 praeteritos
672 729 812 788 relerat
835 731 864 789 si
887 729 952 789 l.a.

115 830 254 893 animnos
284 838 341 900 est,
371 833 510 908 quotiens
543 832 674 890 vocativo
697 831 776 890 casui
804 829 980 910 applicatur:
1010 829 1183 891 adverbium
1211 831 1402 894 exclamantis

93 941 171 1002 sose,
200 934 336 1012 quotiens
363 934 534 993 invocamus
562 931 649 1001 deos,
676 939 709 993 ut
736 951 753 992 o
781 931 895 993 caelum
924 940 1053 993 eterra.
1086 967 1120 976 -
1152 932 1333 1008 lulerieclio,
1357 933 1402 995 rel

114 1033 188 1113 quod
210 1036 366 1096 interiecta
390 1036 428 1094 sil
450 1032 614 1103 mentibus,
638 1032 683 1093 rel
706 1032 785 1111 quod
809 1052 843 1094 ox
873 1035 979 1094 allecln
1002 1036 1092 1094 animi
1115 1043 1261 1096 nascatur.
1291 1070 1333 1079 —
1360 1037 1472 1106 lli-¹391,
1486 1046 1519 1094 28

115 1154 216 1196 evax:
240 1135 298 1196 beu
322 1145 352 1196 el
374 1154 445 1196 evax
468 1143 498 1195 et
519 1154 612 1215 papae
635 1146 665 1196 el
686 1134 814 1215 reliqua,
845 1135 913 1197 linet
936 1135 1013 1215 apud
1037 1135 1157 1199 Latinos
1178 1138 1401 1197 interiectionus

113 1246 193 1307 sunt,
208 1237 288 1316 apud
303 1238 434 1298 Graecos
450 1246 548 1298 tamen
564 1236 718 1297 adverbia:
742 1236 799 1296 buu
816 1256 870 1317 pro
887 1237 1119 1308 arcitenens,
1145 1256 1198 1299 nos
1214 1237 1271 1299 beu
1292 1236 1398 1299 solnm.

117 1372 145 1381 -
167 1338 270 1410 Quod
292 1338 515 1400 ideoLalini
538 1357 608 1399 non
631 1339 789 1398 laniunt:
814 1339 871 1399 beu
894 1339 962 1399 inde
985 1338 1198 1419 intellegimus,
1215 1340 1333 1418 quando
1355 1342 1445 1401 ineu

83 1441 245 1501 nurieelio
267 1449 327 1508 est.
356 1439 472 1521 quando
496 1438 684 1500 adverbium:
714 1441 739 1500 si
761 1440 882 1502 verbum
905 1443 1048 1522 sequitur,
1072 1441 1242 1502 adverbium
1266 1443 1399 1512 iacimus,

114 1551 144 1601 ul
165 1542 250 1602 ‘beu
274 1543 359 1620 iugo
381 1551 465 1603 nale
489 1541 588 1609 dea'3
613 1542 749 1620 quotiens
765 1539 886 1603 alteram
902 1551 1016 1622 partem
1033 1545 1180 1624 sequitur,
1207 1544 1211 1627 Ι
1234 1545 1401 1607 interiectio

114 1651 170 1713 est,
193 1652 227 1704 ul
254 1647 306 1706 ‘ai
329 1643 420 1704 mibi
442 1642 570 1724 qualis
600 1645 694 1732 eral’
724 1650 753 1702 el
776 1643 861 1704 ‘beu
890 1663 955 1724 qua
986 1663 1080 1706 nunc
1108 1645 1224 1706 lellus
1245 1647 1398 1725 inquil'.

114 1778 148 1790 -
172 1747 217 1806 Vt
238 1747 360 1816 naias,
384 1746 589 1825 pronefas:
614 1763 668 1824 pro
692 1745 775 1806 nolas
797 1745 882 1825 plena
907 1756 961 1806 est.
993 1745 1063 1827 [pro
1086 1746 1232 1826 luppiter,
1255 1747 1313 1809 beu
1336 1751 1400 1828 pie·
1413 1759 1499 1821 3921

112 1856 153 1907 las
180 1850 206 1908 si
234 1849 322 1909 simul
350 1849 514 1925 iungimus,
543 1847 763 1908 interieclinues
785 1848 941 1915 laniamus;
972 1849 998 1906 si
1019 1866 1206 1927 separamus,
1236 1849 1397 1929 adverbia].

81 1949 151 2007 usic
172 1957 203 2008 et
224 1968 280 2028 pro
303 1949 452 2030 luppiter,
476 1951 518 2009 sic
535 1949 636 2009 elbon
652 1949 757 2027 pietas.
774 1983 815 1993 —
836 1952 1021 2010 Acoeutus
1043 1951 1427 2018 interiectionibuszo

111 2051 138 2109 in
160 2050 207 2110 bis
228 2050 485 2112 interiectionibus
508 2069 566 2111 nnn
589 2059 713 2130 possunt
729 2053 803 2112 nerii
819 2058 958 2111 accentus
981 2053 1124 2130 reperiri,
1149 2071 1224 2130 uuae
1240 2053 1399 2114 inconditis

112 2150 229 2212 vocibus
252 2159 402 2222 coustant,
432 2163 464 2214 ut
491 2153 548 2213 beu
576 2170 619 2212 va.
656 2154 730 2213 certi
753 2160 822 2213 sunt
844 2161 982 2212 accentus
1010 2155 1040 2211 iu
1069 2154 1133 2214 islls
1168 2172 1242 2233 quae
1275 2166 1399 2233 possunt

111 2251 267 2331 distingui,
290 2262 323 2313 ut
344 2272 438 2334 papae
460 2261 541 2314 altat.

601 2423 649 2484 DE
672 2422 910 2485 BARBARISMO

77 2551 100 2590 ω
192 2541 454 2604 barbarismus
476 2520 621 2602 astulia
645 2560 731 2621 pars
753 2545 955 2603 orationis:
981 2547 1046 2605 vitia
1070 2546 1213 2605 orationis
1235 2555 1304 2606 sunt
1326 2545 1426 2616 duo-5

109 2643 217 2714 decim,
242 2643 447 2706 barbarismus
468 2643 667 2704 soloecismus
685 2643 849 2723 acyrologia
865 2648 1038 2707 encenialon
1062 2645 1248 2725 pleonasmos
1271 2650 1397 2727 perisso-

109 2743 181 2823 logia
205 2746 384 2824 macrologia
408 2744 565 2825 laulologia
590 2745 699 2826 ellipsis
723 2748 865 2826 tapinosis
888 2747 1125 2827 cacosyntheton.

637 2847 654 2884 e
742 2850 759 2887 e
847 2852 862 2884 e

173 3052 235 3102 uod.
254 3051 409 3102 Bemxlv
427 3055 452 3102 2.
469 3050 512 3102 2¹¹¹.
565 3053 650 3116 liquo
668 3055 796 3102 interiectu
848 3064 984 3104 noscuntur
1037 3064 1160 3118 uteunax
1179 3054 1227 3105 lieu
1247 3068 1395 3110 etenimex

171 3123 271 3187 ‘lapul
294 3122 385 3172 latinos
455 3122 550 3188 Baput
572 3139 680 3188 graecos
752 3124 799 3172 beu
820 3124 862 3187 pio
930 3138 1020 3172 noseu
1040 3125 1094 3173 sola
1167 3127 1197 3175 14
1219 3127 1330 3190 ingimns

106 3190 137 3239 15
157 3192 284 3241 aleentus
356 3193 388 3242 lo
406 3194 529 3257 repperiri
603 3193 749 3242 llcnnstal
810 3194 841 3243 21
862 3194 1014 3259 solycismns
1066 3196 1258 3257 ‘iilaytoaorrn
1279 3211 1393 3249 anninus.

103 3275 262 3311 ranruocnrc
282 3276 363 3311 roroc
382 3260 387 3323 Ι

170 3449 187 3499 3
213 3466 228 3497 o
249 3446 324 3513 mibi]
350 3452 427 3514 Verp.
449 3453 513 3500 Aen.
534 3452 587 3500 Vlll
606 3451 657 3501 560
727 3450 810 3500 Blreu
833 3465 878 3516 pro
899 3451 1030 3501 Putaclriur
1103 3453 1129 3502 ll
1153 3453 1200 3501 beu
1221 3452 1292 3519 iuge]
1315 3456 1394 3518 Verp.

99 3520 166 3572 Aen.
189 3521 209 3567 ΙΙ
230 3518 284 3568 289
356 3520 387 3568 12
405 3522 428 3568 ei
444 3518 517 3586 milri]
543 3507 621 3586 Verp.
638 3521 700 3571 Aen.
720 3522 804 3571 {1274
875 3520 921 3568 lmu
942 3519 1014 3586 qnne]
1036 3523 1113 3583 Verp.
1131 3523 1195 3572 Aen.
1219 3524 1238 3571 ll
1257 3524 1291 3573 ou
