3346 5498
185 360 250 427 412
734 361 921 425 EVTYCHlS

212 484 233 522 p.
250 473 328 514 180.81
346 471 365 511 l„
1278 478 1300 521 p.
1313 468 1373 509 2174.
1388 462 1453 508 Μ).

188 553 330 630 Virgilius
353 553 460 620 utitur,
484 552 646 630 suspicari:
669 551 818 611 Aeneidos
838 552 920 611 enim
942 549 1020 611 libro
1041 548 1083 609 lll
1104 549 1179 609 dicit

782 653 1000 732 primusque
1023 651 1220 712 rudentem

339 756 528 816 contorsit
550 754 674 815 laevas
695 771 847 833 proram
867 753 1071 815 Palinurus
1094 754 1134 813 ad
1157 752 1291 821 undas,

187 860 259 919 item
282 856 360 919 libro
382 857 433 917 Vll

338 959 426 1020 hinc
448 959 620 1020 exaudiri
644 960 805 1037 gemitus
828 960 983 1038 iraeque
1005 956 1152 1017 leonum
1496 983 1509 1023 5

339 1060 463 1122 vincla
486 1068 728 1121 recusantum
750 1069 785 1120 et
806 1077 889 1121 sera
912 1058 979 1120 sub
1002 1065 1110 1119 noete
1134 1056 1348 1128 rudentum,

189 1165 260 1224 item
283 1165 441 1241 georgicon
464 1162 543 1227 libro
564 1162 605 1223 lll

340 1266 543 1326 comminus
564 1262 796 1326 obtruncant
817 1264 920 1325 lerro
942 1264 1187 1342 graviterque
1209 1261 1394 1353 rudentes

338 1366 510 1428 caedunt

188 1486 295 1529 nomen
327 1486 462 1548 quoque,
496 1477 564 1548 quo·
588 1470 672 1529 uaris
703 1469 790 1529 tunes
823 1468 1042 1544 significantur,
1083 1466 1113 1527 id
1147 1473 1194 1527 est
1224 1465 1384 1534 rudentes,
1418 1481 1482 1525 non
1495 1488 1521 1525 ao

189 1569 307 1631 aliunde
330 1588 399 1630 reor
421 1570 596 1640 deductum,
620 1577 654 1630 ut
668 1570 748 1631 idem
768 1570 854 1630 docet
869 1568 1012 1648 Virgilius
1026 1570 1058 1630 in
1080 1569 1093 1629 l
1117 1568 1195 1629 libro
1210 1567 1357 1628 Aeneidos
1373 1566 1483 1627 dicens

339 1674 556 1751 insequitur
577 1672 789 1751 clamorque
812 1673 928 1731 virum
951 1670 1168 1749 stridorque
1191 1668 1403 1729 rudentum.

188 1773 295 1852 plaudo
323 1774 454 1853 plaudiS,
482 1774 570 1835 cludo
591 1772 637 1832 vel
660 1773 765 1833 claudo
787 1772 915 1842 claudis;
944 1773 1017 1832 cado
1038 1791 1156 1852 quoque
1178 1771 1275 1840 cadis,
1298 1770 1372 1831 lieet
1395 1777 1480 1832 ante·

189 1876 297 1936 cedens
327 1896 343 1937 a
374 1877 551 1955 corripitur,
588 1877 693 1935 tertiae
717 1881 762 1935 est
790 1877 1022 1953 coniugationis;
1052 1883 1082 1934 et
1110 1873 1214 1933 occido
1241 1872 1342 1933 incido
1371 1872 1481 1932 decido

188 1977 299 2038 occidis
327 1978 436 2038 incidis
464 1977 579 2038 decidis
608 1979 713 2046 etiam,
741 1977 858 2056 quando
886 1997 902 2037 a
930 1977 1003 2037 cado
1034 1983 1103 2036 sunt
1131 1976 1309 2054 composita,
1337 1975 1347 2033 i
1376 1982 1519 2036 tamenn

188 2079 368 2158 paenultima
384 2086 522 2158 correpta
537 2086 592 2139 est.
623 2079 678 2139 edo
694 2097 810 2160 quoque
834 2097 874 2148 es,
898 2079 968 2139 licet
989 2077 1153 2138 anomalum
1177 2085 1224 2138 est
1245 2095 1299 2157 per
1322 2094 1479 2155 personas,

189 2189 220 2241 et
241 2181 340 2241 divido
363 2179 485 2249 dividis,
514 2182 648 2260 quamvis
674 2181 887 2259 paenultimam
915 2181 1055 2259 corripit,
1085 2187 1182 2239 tamen
1206 2178 1280 2238 nilril
1304 2177 1480 2257 discrepant

189 2302 205 2342 a
227 2285 446 2360 coniugatione.
476 2289 614 2342 notantur
637 2284 750 2360 primae
773 2284 988 2360 coniugationis
1011 2282 1069 2341 duo
1091 2281 1285 2360 producentia
1307 2281 1334 2349 i,
1358 2279 1480 2341 trucido

190 2384 336 2454 trucidas,
366 2384 491 2444 lormido
520 2384 677 2454 formidas,
705 2383 783 2462 quod
812 2386 842 2444 iu
866 2384 968 2445 eadem
991 2393 1142 2444 nocetam
1165 2383 1401 2462 verbumquam
1424 2400 1479 2442 no·

190 2505 257 2546 men
281 2487 440 2565 significat,
472 2493 503 2545 et
530 2503 621 2546 unum
648 2487 657 2545 i
686 2487 866 2565 corripiens,
890 2485 1008 2564 trepido
1030 2485 1176 2564 trepidae,
1200 2484 1278 2564 quod
1301 2503 1317 2544 a
1340 2483 1519 2564 trepidusso

191 2587 299 2667 trepidi
322 2589 441 2648 nomine
465 2589 585 2648 veniens
608 2589 674 2647 iure
697 2589 810 2666 primae
833 2595 877 2647 est
900 2589 1127 2665 coniugationis.
1165 2606 1184 2646 n
1207 2604 1324 2666 quoque
1346 2593 1416 2647 ante
1440 2585 1480 2646 do

190 2690 330 2750 lrahentia
358 2691 464 2750 tertiae
492 2697 562 2748 sunt
587 2689 725 2749 similiter
746 2690 978 2766 coniugationis‚
1006 2697 1039 2749 ut
1060 2689 1170 2749 scando
1193 2688 1324 2758 scandis
1348 2688 1480 2749 ascendo

190 2791 286 2870 pando
314 2791 411 2870 pendo
438 2791 527 2851 tendo
555 2790 707 2870 prehendo
735 2791 862 2851 incendo
890 2791 1005 2851 oliendo
1032 2790 1111 2851 findo
1141 2790 1244 2850 scindo
1266 2789 1361 2850 condo
1384 2790 1480 2851 tundo

111 2908 118 2915 ·
189 2893 296 2954 mando
318 2892 425 2964 lundo;
448 2895 508 2953 nisi
532 2899 627 2954 tamen
650 2893 814 2953 eiusmodi
837 2892 925 2954 verba
949 2893 985 2952 de
1001 2892 1172 2953 nominihus
1194 2893 1382 2952 deriventur:
1405 2899 1480 2952 tune

189 2997 270 3055 enim
300 2997 365 3055 sine
393 2994 484 3055 dubio
512 2997 625 3074 primae
654 2996 872 3073 coniugationis
899 3002 1003 3063 erunt,
1033 3003 1066 3054 ut
1095 2995 1274 3056 undeunde
1296 2994 1406 3064 undas,
1431 2997 1519 3056 ira-ee

189 3097 269 3157 undo
292 3097 433 3166 inundes,
457 3095 575 3157 abundo
598 3096 744 3167 abundas,
768 3096 885 3158 exundo
901 3097 1046 3181 exundas,
1071 3097 1212 3175 Virgilius
1227 3095 1375 3158 Aeneidos
1398 3096 1480 3157 libro

191 3198 244 3259 llll
270 3195 283 3280 Η
308 3199 372 3260 ‘ad
395 3199 535 3260 caelum
559 3199 721 3260 undabat
745 3202 902 3270 vortox’‚
928 3197 933 3281 l
961 3199 1040 3260 idem
1062 3201 1093 3259 in
1116 3199 1221 3260 eodem
1243 3198 1345 3258 ‘hinc
1369 3198 1480 3260 densi

182 3316 323 3361 'rursus
345 3300 563 3370 inundant’,
587 3303 666 3362 idem
689 3304 721 3362 in
742 3300 820 3362 libro
843 3301 898 3362 llll
919 3304 1079 3379 georgicon

340 3420 431 3480 ergo
452 3402 588 3481 apilrus
610 3404 703 3464 letis
725 3404 820 3464 idem
844 3412 953 3482 atque
976 3405 1144 3464 examine
1167 3402 1281 3463 multo

340 3507 482 3583 primus
505 3503 693 3566 abundare
717 3513 754 3565 et
776 3507 987 3584 spumantia
1010 3523 1145 3583 cogere
1169 3507 1314 3585 pressis
1492 3528 1519 3568 no

340 3606 450 3667 mella
472 3607 581 3667 lavis:

189 3707 335 3767 lecundus
358 3707 485 3769 fecundo
507 3708 662 3777 secundas,
686 3708 766 3767 idem
787 3710 818 3768 in
841 3708 945 3769 eodem

340 3816 375 3870 et
398 3810 561 3872 viridem
584 3811 788 3889 Aegyptum
810 3811 917 3888 nigra
940 3810 1118 3872 fecundat
1139 3810 1293 3871 harena:

190 4014 357 4062 liuentiturt
419 4015 515 4065 lden.
535 4012 598 4062 libro
618 4009 660 4078 lll]
680 4029 702 4062 r.
722 4013 770 4064 ool
823 4012 934 4064 3leuam
953 4030 1052 4080 prorem
1071 4014 1330 4079 Pprornmleueml
1381 4017 1479 4066 rendam

190 4084 228 4131 Pt
295 4082 397 4132 dlibro
414 4081 470 4150 Vll]
492 4099 514 4132 n.
533 4082 565 4133 15
635 4083 947 4134 bennudiretexoudiri
965 4086 1025 4148 ets
1090 4089 1210 4150 igeorg.
1231 4081 1359 4150 librolll]
1380 4103 1403 4139 n.
1425 4088 1480 4138 37⁴

260 4151 292 4201 10
310 4166 360 4200 non
379 4152 481 4202 aliunde
496 4152 653 4203 nisiarudo
671 4168 728 4203 reor
745 4151 919 4205 diductumB
989 4156 1020 4205 li
1041 4156 1177 4204 iullibro
1198 4152 1315 4221 Aen.]n.
1335 4154 1368 4204 87
1444 4159 1479 4210 16

190 4224 247 4272 lieet
266 4221 423 4272 diffectiuum
441 4233 465 4272 et
481 4223 625 4272 anomalum
640 4229 678 4273 est
693 4223 719 4273 P
771 4222 803 4273 17
820 4225 923 4290 corripit
940 4240 1007 4275 corr.
1027 4227 1061 4279 ni.
1083 4241 1147 4275 man.
1169 4226 1289 4290 corripuit
1307 4225 1333 4273 B
1350 4227 1479 4293 corripuit

189 4294 214 4344 Ρ
281 4291 315 4344 23
330 4292 411 4342 condo
433 4293 551 4344 distendo
570 4308 650 4354 corn,
664 4302 692 4343 ut
710 4295 815 4358 uidetur,
834 4296 915 4344 eondo
937 4296 1053 4344 distendo
1072 4296 1097 4344 11
1112 4295 1192 4346 condo
1211 4294 1328 4344 distendo
1347 4294 1372 4342 P
1441 4299 1479 4348 24

189 4362 301 4413 eiusdem
318 4362 427 4412 modiP
494 4363 528 4414 26
546 4365 610 4415 Aen.
626 4365 689 4413 libro
708 4361 766 4429 Xll]
785 4380 807 4413 e.
826 4363 877 4416 1173
941 4367 973 4414 27
993 4367 1017 4413 in
1037 4366 1135 4429 eodem}
1154 4365 1218 4414 Aen.
1237 4363 1354 4414 xireoo
1414 4365 1478 4416 lrlne

188 4433 262 4484 deuel
284 4447 372 4483 rumne
394 4433 517 4482 inundant
536 4431 627 4495 fhinc
644 4434 716 4483 densi
735 4449 822 4484 rursus
846 4434 987 4501 (superser.
1007 4437 1041 4484 al.
1058 4453 1123 4488 man.
1149 4437 1253 4494 linctus)
1275 4434 1479 4497 inundabent'B

189 4503 247 4554 hine
262 4517 351 4553 rursus
369 4503 442 4554 densi
461 4503 584 4552 inundant
596 4505 686 4555 lluetus
702 4505 726 4553 P
737 4503 794 4554 irinc
812 4505 885 4555 densi
903 4520 991 4554 rursus
1006 4506 1113 4555 inundat
1128 4506 1218 4554 ducum
1236 4512 1246 4553 t
1314 4504 1349 4555 28
1365 4505 1390 4554 in
1409 4507 1478 4557 libro

190 4625 236 4674 llll
254 4621 357 4691 georg]
377 4642 401 4676 o.
422 4623 471 4676 1³9
541 4623 575 4674 29
593 4640 654 4691 ergo
673 4582 758 4690 epium
775 4635 848 4689 etque
865 4641 935 4676 corr.
955 4629 989 4675 el.
1005 4643 1036 4678 m.
1051 4641 1113 4692 ergo
1130 4627 1221 4691 opibus
1236 4625 1294 4674 letis
1312 4625 1380 4674 idem
1398 4636 1480 4691 etque

188 4693 288 4760 Berge
306 4697 398 4760 apibus
417 4694 493 4745 foetis
510 4695 576 4744 idem
591 4704 666 4757 atque
682 4696 774 4762 sergo
791 4697 883 4761 apibus
899 4694 958 4744 fetis
978 4704 1053 4758 utque
1072 4697 1110 4747 Pt
1179 4695 1213 4747 30
1231 4695 1379 4745 habundare
1399 4697 1425 4745 P

188 4766 222 4814 32
236 4765 262 4813 in
278 4763 379 4831 eodem]
397 4780 483 4831 georg.
506 4765 551 4813 llll
569 4764 618 4815 291
689 4765 814 4816 3311-
836 4762 940 4829 harene]
961 4765 1059 4815 uirilem
1079 4777 1102 4816 et
1120 4782 1150 4815 ns
1168 4781 1236 4817 corr.
1258 4774 1281 4814 et
1304 4765 1412 4816 uiridem
1433 4783 1480 4819 ne·

172 4843 293 4904 ¹gyptnm
313 4836 386 4903 nigra
405 4834 524 4886 fecundet
542 4834 636 4884 lrarenn
652 4833 678 4882 B
