3346 5498
179 367 241 434 252
746 366 899 430 POMPKll

204 477 365 532 pam-tat„

171 558 298 633 ,modum
321 557 478 644 loquimur.
510 557 628 635 quando
651 576 705 618 nos
726 556 815 638 aliqui
836 559 1001 636 interrogat
1023 564 1093 636 puta
1115 556 1206 619 ‘unde
1230 557 1364 619 venistil’
1394 557 1471 640 [Me-

179 660 288 723 diolani
310 659 406 741 veni],
437 660 581 722 debemus
603 667 706 720 tenere
728 662 798 722 istas
820 658 946 737 regulas.
991 657 1046 720 alia
1076 668 1145 720 sunt
1167 661 1284 720 nomina
1308 660 1470 731 civitatum,

179 762 234 823 alia
257 764 477 842 provinciarum
502 771 532 823 et
555 762 688 823 loc-orum
712 769 741 822 et
768 779 870 823 rerum
898 769 928 823 et
949 761 1123 823 insularum.
1168 761 1280 823 idcirco
1302 768 1417 824 tantum
1437 764 1472 825 in

178 864 349 927 nominibus
371 866 520 926 civitatum
542 864 599 925 hoo
621 862 778 925 observare
802 862 953 933 debemus,
976 870 1009 923 ut
1030 881 1191 944 numquam
1211 865 1369 942 iungamus
1383 883 1471 945 prae·

178 969 349 1048 positiones.
394 966 508 1045 reliqua
531 967 609 1028 enim
632 968 728 1027 omnia
757 968 902 1028 rationem
929 973 1071 1027 secuntur
1095 962 1100 1046 Ι
1123 966 1355 1045 provinciarum.
1399 974 1475 1051 puta,
1499 954 1519 1026 ἔ

178 1069 253 1130 duae
285 1075 356 1130 sunt
382 1069 454 1130 istae
483 1067 614 1147 regulae,
649 1068 685 1129 de
707 1067 877 1129 nominibus
906 1069 1055 1128 civitatum
1084 1076 1114 1128 et
1140 1069 1368 1148 provinciarum.
1417 1070 1473 1131 sed

178 1171 264 1249 quid,
288 1172 313 1230 si
333 1170 429 1231 insula
453 1172 515 1231 esti
549 1172 607 1231 iam
631 1173 672 1231 sie
695 1169 774 1232 illam
798 1170 922 1249 incipies
944 1169 1058 1240 dicere,
1086 1188 1176 1250 quem
1199 1170 1235 1231 ad
1258 1170 1379 1233 modum
1400 1190 1473 1252 pro·

177 1274 313 1334 vinciam.
343 1271 422 1352 quid,
445 1273 470 1333 si
491 1271 575 1332 locus
596 1273 652 1332 sit?
681 1274 722 1333 sic
746 1272 879 1341 dicimus,
904 1273 988 1351 quasi
1009 1272 1046 1332 dc
1074 1273 1235 1352 provincia.
1273 1290 1333 1334 non
1356 1271 1473 1334 discer-

179 1384 288 1438 nuntur
311 1376 368 1436 nisi
391 1375 535 1442 civitates;
559 1375 678 1435 nomina
701 1375 850 1435 civitatum
873 1391 933 1435 non
955 1392 1111 1454 possumus
1132 1376 1172 1435 ita
1193 1375 1340 1455 prolerre.
1370 1377 1402 1436 in
1417 1394 1473 1437 no·

151 1534 154 1543 ,
178 1477 306 1538 minibus
322 1478 470 1537 civitatum
487 1477 615 1555 propriis
630 1474 704 1536 haec
719 1475 805 1537 nohis
819 1476 962 1538 servanda
977 1487 1059 1538 sunt:
1082 1475 1179 1557 aliqua
1193 1483 1262 1537 suut
1272 1496 1349 1557 quae
1360 1478 1474 1558 signill·
1488 1505 1516 1543 ro

178 1587 245 1640 eant
257 1579 293 1640 ad
308 1578 416 1647 locum,
433 1576 531 1658 aliqua
547 1595 624 1656 quae
640 1579 805 1657 significant
820 1578 857 1639 de
873 1578 947 1648 loco,
964 1578 1060 1656 aliqua
1076 1595 1152 1656 quae
1167 1579 1332 1656 significant
1345 1580 1377 1640 in
1393 1578 1473 1651 loco,

146 1717 152 1733 =
178 1688 211 1741 ut
226 1680 353 1741 diximus
369 1679 457 1759 paulo
476 1687 543 1740 ante
561 1678 646 1760 [ergo
661 1682 737 1760 siqui
750 1680 811 1741 vult
826 1680 925 1741 dicere
936 1680 1091 1741 Mediolani
1104 1683 1181 1741 veni.
1205 1681 1253 1741 hic
1265 1680 1476 1744 Mediolianius

178 1783 265 1843 huius
277 1780 446 1843 Mediolanii
461 1790 494 1843 ut
508 1781 577 1843 huic
589 1781 765 1843 Mediolanio
781 1783 861 1842 hunc
874 1782 1080 1843 Mediolanium
1093 1802 1111 1842 o
1123 1782 1279 1845 Mediolani
1291 1782 1328 1843 ab
1340 1781 1398 1844 hoc
1410 1784 1474 1846 Me·

179 1884 320 1962 diolaniol
336 1901 407 1962 ergo
419 1883 570 1946 videamus
585 1884 704 1962 regulas
719 1884 935 1952 adverbiorum,
949 1902 1006 1962 quo
1024 1884 1111 1943 miodo
1124 1885 1286 1946 decurrunt
1300 1887 1374 1947 istae
1390 1888 1475 1967 ipsae

178 1986 307 2065 regulae.
345 1994 378 2046 ut
393 1994 463 2065 puta
479 1985 514 2046 ad
531 1985 644 2048 locum:
676 1985 792 2065 quando
814 1984 948 2047 volumus
968 1987 1135 2065 signiticare
1157 1986 1193 2047 ad
1209 1986 1322 2056 locum,
1346 1995 1379 2048 ut
1398 1995 1474 2068 puta
1489 2012 1516 2052 rs

178 2087 391 2150 ‘Mediolanum
414 2088 510 2149 vado'.
534 2089 586 2150 sed
602 2086 658 2150 hoc
675 2108 783 2150 nomen
799 2089 868 2151 lacit
884 2086 968 2149 nohis
984 2089 1207 2150 dubitationem.
1232 2097 1261 2150 et
1275 2092 1479 2154 nominativus

179 2192 256 2252 eninr
280 2199 309 2250 et
331 2193 514 2251 accusativus
544 2199 573 2251 et
596 2193 743 2253 vocativus
765 2192 875 2252 similes
900 2198 977 2251 sont.
1021 2193 1204 2253 inveniamus
1231 2210 1323 2254 unum
1351 2210 1474 2264 nomen,

180 2291 231 2354 uhi
254 2311 322 2352 vere
345 2291 402 2353 boc
423 2295 570 2373 possimus
592 2293 781 2371 intellegere:
812 2312 880 2354 eece
903 2300 973 2372 puta
995 2291 1144 2372 Karthago
1172 2294 1261 2354 liuius
1282 2293 1476 2374 Karthaginis

179 2394 352 2472 Karthagini
380 2394 590 2472 Karthaginem
617 2414 634 2454 o
657 2395 807 2472 Karthago
829 2394 865 2455 ab
889 2395 943 2455 bae
966 2394 1160 2473 Karthagine;
1195 2403 1274 2457 stant
1299 2397 1348 2458 isti
1376 2415 1475 2461 casus.

179 2496 296 2575 quando
312 2496 348 2557 ad
363 2495 460 2556 locum
478 2496 614 2558 volumus
638 2482 812 2574 significare,
837 2496 980 2557 debemus
1002 2495 1116 2558 sublata
1131 2499 1350 2588 praepositione
1365 2516 1473 2562 secam·
1489 2523 1516 2564 ao

154 2600 247 2660 dum
271 2603 471 2661 accusativum
494 2600 607 2669 dioere;
643 2617 702 2659 non
730 2597 824 2659 debeo
847 2599 946 2659 dicere
970 2598 1025 2659 ‘ad
1047 2598 1258 2678 Karthaginem
1280 2599 1387 2672 vad'o',
1417 2603 1474 2664 sed

178 2700 410 2782 ‘Karthalginem
434 2700 535 2770 vado’,
560 2701 725 2762 secuudum
748 2685 1198 2781 accusativumzKarlhaginem
1223 2703 1303 2763 enim
1325 2707 1474 2765 accusati»

177 2821 229 2864 vus
257 2809 310 2863 est
360 2801 478 2881 quando
507 2803 543 2863 de
573 2803 639 2863 loco
667 2805 709 2863 vis
732 2804 908 2882 significare,
933 2805 1059 2883 septimo
1088 2803 1176 2874 dicis,
1210 2803 1240 2864 id
1269 2812 1313 2866 est
1341 2802 1473 2867 ablativo

177 2906 290 2966 sublata
320 2907 556 2985 praepositione,
587 2905 784 2983 ‘Karthagine
813 2900 926 2965 veniet
971 2896 1041 2967 hocx
1056 2923 1111 2967 nec
1134 2905 1347 2969 dubitationem
1369 2892 1471 2979 hahet.

177 3011 208 3070 in
231 3009 330 3069 locum
353 3007 516 3068 secundum
539 3009 752 3077 accusativum,
783 3007 820 3067 de
843 3007 909 3068 loco
933 3007 1096 3070 seeundum
1119 3009 1275 3087 septimum
1301 3006 1345 3089 [et
1367 3007 1470 3088 plura·
1485 3035 1510 3074 aa

178 3109 241 3191 lia],
265 3116 336 3191 puta
358 3109 482 3170 Romam
504 3110 588 3180 vado,
612 3110 704 3170 Roma
727 3112 821 3181 venio,
846 3111 1047 3172 Beneventum
1069 3109 1157 3179 vado,
1180 3110 1349 3173 benevento
1371 3113 1470 3183 venio,

178 3215 306 3294 &pinam
335 3211 423 3279 vado,
453 3211 549 3292 Capua
579 3190 680 3282 versio,
705 3213 853 3274 Sermium
882 3212 969 3283 vado,
1001 3212 1116 3273 Sermio
1140 3214 1234 3272 venio.
1279 3214 1322 3274 sie
1344 3223 1473 3276 currunt

176 3317 233 3375 ista
256 3316 354 3374 omnia
376 3314 539 3375 secundum
562 3317 655 3394 ipsam
678 3314 910 3376 similitudinem.
946 3323 975 3375 et
995 3316 1027 3375 in
1050 3314 1219 3375 nominibus
1242 3316 1330 3375 etiam
1353 3318 1472 3378 numeri

177 3423 290 3477 tautum
318 3414 455 3495 pluralis,
486 3435 561 3495 quae
590 3419 708 3478 nomina
738 3417 873 3479 videntur
902 3436 966 3478 esse
989 3415 1132 3485 diflicilia,
1162 3435 1283 3478 necesse
1311 3416 1404 3479 hahes
1426 3420 1470 3479 sic

178 3518 272 3598 loqui,
305 3526 337 3578 ut
364 3520 407 3577 ud
432 3517 508 3579 hanc
531 3519 633 3579 beatas
661 3518 896 3588 similitudinem,
930 3527 999 3598 pma
1028 3518 1142 3579 Puteoli
1170 3519 1267 3579 Baiae.
1319 3538 1357 3580 ne
1386 3521 1510 3585 dicasse

178 3620 265 3688 mihi,
294 3638 332 3680 ne
361 3620 438 3680 lorte
465 3619 537 3680 illud
566 3621 782 3682 adnumerum
805 3624 987 3696 stimularent
1011 3619 1124 3688 llectas;
1159 3638 1233 3690 non,
1257 3619 1309 3682 sed
1332 3622 1470 3683 similiter

178 3722 221 3780 sic
243 3723 392 3799 sequeris:
429 3728 528 3782 utrum
553 3725 668 3783 rrirmeri
691 3724 729 3783 sit
750 3722 922 3801 singularis,
950 3742 987 3783 an
1011 3708 1122 3783 tantum
1146 3719 1282 3803 pluralis,
1314 3723 1393 3785 idem
1416 3735 1469 3787 est

249 3943 262 3992 1
284 3944 441 4009 interrogant
460 3945 541 3994 ΑΒΘ
623 3946 638 3993 h
658 3945 790 3993 rationem
804 3953 943 4009 sequnntur
967 3947 1096 3994 nonunum
1115 3952 1177 4009 puta
1193 3945 1218 3994 B
1234 3945 1331 3995 ratione
1350 3955 1471 3996 secuntur

178 4010 333 4075 (sequuntur
349 4012 381 4076 Θ)
401 4016 577 4078 proriominum
597 4026 659 4078 puta
678 4016 730 4064 ΑΘ
800 4014 1048 4079 7qnemadmodum
1072 4016 1261 4079 prouinciarum
1280 4031 1349 4068 corr.
1369 4032 1422 4067 -sm
1443 4019 1469 4066 Α

249 4081 281 4132 10
298 4080 360 4131 haee
379 4085 482 4132 nomina
498 4085 541 4141 (ob
561 4083 621 4136 odd.
639 4082 666 4146 c)
683 4085 812 4134 seruanda
829 4094 888 4136 sunt
901 4085 984 4136 ABG
1053 4085 1082 4135 ll
1104 4095 1130 4135 ut
1147 4085 1259 4135 diximus
1272 4086 1401 4150 (dicemus
1418 4085 1470 4152 n*)

178 4151 328 4218 paulopost
346 4167 407 4217 ergo
424 4153 507 4204 ΑΒΘ
595 4153 625 4203 13
644 4168 658 4202 o
678 4155 846 4205 mediolanius
861 4155 914 4206 ΑΘ
998 4156 1030 4206 15
1048 4164 1149 4220 utputa
1168 4155 1337 4205 mediolanius
1356 4156 1401 4206 sed
1420 4156 1471 4207 hoe

178 4221 260 4271 ABG
329 4223 361 4273 lo
380 4232 403 4271 et
425 4225 596 4274 nominatiuus
615 4224 682 4272 enim
706 4235 731 4274 et
749 4226 883 4290 genetibus
907 4228 988 4290 (corr.
1007 4234 1031 4274 et
1057 4224 1232 4289 aecusatiuus)
1251 4234 1275 4273 et
1294 4227 1426 4275 uocatiuus
1445 4227 1471 4276 B

178 4301 202 4342 et
219 4292 391 4341 nominatione
409 4295 474 4342 cuim
492 4304 516 4343 et
531 4294 663 4344 uocatiuus
680 4303 704 4343 et
726 4296 887 4345 accusatiuus
905 4297 926 4346 Θ
945 4305 968 4345 et
986 4296 1159 4345 nominatione
1174 4296 1242 4344 enim
1259 4305 1282 4344 et
1296 4297 1430 4346 uocatiuus
1443 4299 1469 4347 A

248 4361 281 4412 18
299 4365 428 4426 possimus
447 4363 494 4413 Ba
520 4379 657 4431 possumus
675 4365 727 4416 ΑΘ
796 4365 829 4416 10
852 4365 951 4415 sublata
975 4367 1162 4432 praepositione
1186 4364 1368 4415 dirercABO
1436 4369 1470 4418 ¹22

178 4432 316 4483 seeundum
334 4435 400 4483 enim
421 4434 598 4501 Karthaginem
616 4437 775 4485 aecusatiuns
792 4445 830 4484 est
850 4436 932 4485 ΑΒΘ
1014 4438 1048 4486 24
1065 4436 1191 4502 kartagini
1211 4451 1280 4485 corr.
1302 4449 1346 4484 ·ne
1364 4434 1389 4482 Α
1410 4436 1470 4486 kav-

181 4502 320 4568 thaginiG
405 4502 514 4580 quenee
533 4505 831 4556 dumdubitatiouernA
920 4507 953 4556 25
972 4515 996 4554 et
1011 4506 1119 4570 pluralia
1138 4505 1230 4554 AOet
1245 4507 1318 4572 plura
1335 4504 1386 4554 alia
1404 4507 1471 4556 Ba*

249 4575 282 4621 27
304 4589 411 4640 eapgam
432 4575 499 4626 uado
521 4590 601 4640 capga
622 4579 696 4627 uento
717 4577 742 4626 Α
813 4576 847 4628 28
869 4585 893 4624 et
907 4576 932 4625 in
952 4577 1096 4626 nominibus
1115 4573 1246 4639 (omnibns
1262 4576 1301 4640 B)
1315 4576 1391 4624 etiam
1404 4591 1470 4640 qnae

177 4643 292 4708 (qnando
310 4645 334 4694 A
358 4660 426 4696 corr.
446 4647 520 4694 etiam
540 4661 604 4708 quae
624 4646 655 4710 o)
675 4648 776 4696 nemina
796 4647 914 4697 uidentur
931 4662 988 4696 esse
1012 4646 1126 4696 diflicilia
1144 4660 1248 4695 neeesse
1266 4645 1337 4709 (esse
1354 4646 1380 4696 Α
1397 4662 1469 4700 corr.

178 4728 283 4764 necesse
301 4715 329 4778 o)
348 4715 424 4765 habet
445 4717 483 4764 sic
502 4717 569 4778 loqui
590 4724 616 4764 ut
637 4717 703 4767 hane
722 4719 805 4766 lieetat
823 4717 1012 4767 similitudinem
1031 4717 1115 4766 ΑΒΘ
1196 4714 1230 4764 311
1248 4716 1320 4765 boiae
1338 4715 1377 4766 Cb
1395 4716 1470 4766 uaiae

178 4783 306 4904 ᾗαΒὲιιάε
327 4787 350 4834 Α
421 4785 453 4837 31
473 4785 504 4835 ad
527 4800 656 4838 ratimarum
676 4788 832 4854 singularem
855 4788 941 4838 bertas
959 4787 1144 4837 Lindemanmrs
1161 4786 1191 4834 ad
1216 4800 1346 4835 evermerum
1369 4785 1470 4836 lieetum
