3346 5498
247 362 309 428 358
788 351 995 426 consentu

272 485 293 526 p.
307 475 365 514 2041.
381 471 442 511 421).

246 571 332 612 casus
354 554 384 611 in
407 554 473 630 ipso
496 552 553 610 line
576 550 771 617 dissentiunt,
795 558 827 610 ut
849 569 942 627 gener
964 552 1082 626 generi,
1112 551 1193 610 celer
1215 550 1323 610 celeris
1346 552 1432 619 lacit;
1462 553 1533 610 item

246 653 353 712 mulier
375 660 404 711 et
427 660 493 711 uter
521 651 656 731 mulieris
679 658 709 710 et
732 653 808 710 utris
830 653 958 713 iaciunt:
993 652 1169 730 plerumque
1191 658 1309 730 tempus
1337 669 1396 711 non
1425 670 1533 730 aequa·

246 754 317 815 liter
338 760 472 822 servant,
497 762 529 812 ut
551 770 640 831 sopor
667 760 698 812 et
726 751 816 812 arbor
844 755 959 831 soporis
982 761 1011 812 ot
1034 752 1151 813 arbitris
1173 754 1297 823 facium,
1322 753 1427 814 Cicero
1448 753 1533 813 Cice-

248 859 344 925 ronis,
375 857 555 933 Agamemno
584 854 819 931 Agamemnduis.
865 873 931 914 cum
959 854 1032 915 haec
1061 857 1258 915 inconstantia
1286 857 1340 924 sit,
1371 863 1432 914 tum
1460 853 1534 914 illud

247 959 369 1026 accidit,
393 957 471 1036 qnod
500 960 564 1036 ipse
586 957 797 1024 nominativus,
820 963 922 1034 utpote
944 958 995 1035 qni
1018 955 1189 1026 duodecim,
1220 960 1299 1017 sicut
1319 956 1462 1024 diximus,
1486 955 1561 1015 lit-s

246 1062 320 1119 teris
343 1044 535 1128 ternrinelur,
558 1076 683 1137 quarum
698 1057 925 1118 semivocalibus
940 1065 971 1117 et
986 1059 1076 1117 mutis
1098 1075 1114 1115 c
1137 1065 1166 1117 et
1190 1065 1201 1116 t
1223 1057 1345 1136 plurimi
1361 1057 1536 1136 complexus

246 1180 314 1222 cum
337 1161 488 1222 vocalibus
510 1178 565 1239 pro
587 1159 727 1239 loquendi
749 1162 892 1219 varietate
915 1167 1092 1227 nascuntur,
1117 1160 1250 1219 infinitus
1272 1177 1366 1238 liacne
1389 1167 1419 1218 et
1434 1146 1534 1218 ¹inter·

247 1266 376 1323 minatus
399 1270 455 1322 est.
500 1279 571 1340 ergo
594 1260 632 1320 ob
655 1260 708 1321 has
730 1260 920 1321 difficultates
943 1259 979 1318 ab
1003 1279 1038 1319 eo
1060 1260 1199 1321 ordinare
1222 1261 1340 1338 regulas
1363 1261 1534 1338 supersedi-

246 1384 327 1434 mus,
351 1366 420 1443 qnia
442 1382 538 1447 noque
561 1365 676 1423 ratione
699 1371 798 1422 certae
821 1369 891 1422 sunt
912 1369 942 1420 et
963 1379 1088 1422 numero
1110 1362 1347 1440 inexplicabiles.

332 1466 512 1527 (inlinemus
541 1482 612 1542 ergo
640 1484 656 1524 a
685 1467 814 1541 genitivo
842 1463 1002 1541 singulari,
1031 1465 1172 1542 quicum
1195 1465 1311 1542 etipsa
1334 1472 1439 1525 natura
1462 1483 1534 1543 quo·
1549 1482 1574 1519 10

247 1569 315 1628 dam
337 1567 424 1626 modo
451 1586 506 1645 per
528 1586 560 1626 se
582 1566 679 1626 valcat
702 1563 770 1645 (non
799 1567 879 1625 enim
901 1567 1009 1624 rationi
1032 1566 1121 1625 alicui
1144 1565 1352 1644 praecedentis
1375 1585 1461 1626 casus
1484 1567 1535 1626 de'·

247 1670 312 1739 bet,
337 1653 390 1728 cui
412 1669 468 1728 boc
491 1676 541 1728 aut
562 1668 613 1728 illo
641 1667 729 1727 niodo
757 1666 932 1747 coloratur),
961 1675 1076 1726 ceteros
1100 1686 1135 1726 ex
1158 1685 1190 1726 sc
1213 1669 1308 1744 gignit
1330 1676 1417 1746 atque
1440 1668 1535 1746 expoli-

247 1781 303 1832 cat.
348 1777 436 1850 atquc
459 1769 515 1830 hoc
538 1788 627 1829 ausus
655 1771 711 1829 siin
738 1768 853 1838 dicere,
877 1769 954 1847 qnod
978 1771 1075 1828 omnis
1097 1770 1147 1828 illa
1171 1770 1309 1837 varietas,
1334 1787 1421 1847 (lnam
1445 1770 1535 1848 pleri·

247 1891 304 1952 que
328 1892 343 1931 a
366 1873 547 1932 nominativo
562 1874 660 1931 conati
683 1880 752 1931 sunt
774 1870 938 1949 expilicare,
962 1870 1059 1930 tribus
1081 1877 1254 1949 ‹pirntuorve
1277 1890 1293 1930 a
1315 1872 1447 1948 genitivo
1470 1889 1535 1930 cer-

247 1977 288 2035 tis
316 1974 429 2050 regulis
457 1973 630 2034 includitur.
676 1991 747 2051 ergo
776 1992 812 2032 ex
840 1971 973 2052 qualibet
1000 1974 1173 2032 nominativi
1200 1972 1360 2032 inlloxionc
1388 1974 1576 2048 genitivnsrs

248 2076 409 2152 singularis
433 2084 494 2135 tros
509 2076 572 2135 loro
588 2077 699 2134 lormas
715 2074 849 2135 exbibet:
874 2082 923 2134 aut
946 2077 1025 2134 onim
1048 2077 1079 2134 in
1103 2077 1128 2134 is
1151 2073 1376 2143 terminabitur,
1400 2082 1433 2133 ut
1455 2075 1536 2134 celer

247 2177 372 2244 celeris,
396 2186 447 2237 aut
469 2180 500 2236 in
523 2180 548 2246 i,
574 2184 606 2236 nt
628 2196 700 2254 aper
723 2179 803 2255 apri,
827 2185 877 2237 aut
900 2179 931 2236 iu
954 2196 1002 2246 ae,
1031 2184 1065 2236 ut
1086 2176 1166 2236 llnsa
1189 2176 1299 2236 llusae.
1345 2178 1482 2255 quotiens
1505 2178 1536 2235 iu

248 2281 274 2337 is
297 2281 489 2345 terminatur,
519 2279 649 2339 dativum
678 2281 708 2337 in
736 2281 745 2336 i
774 2281 878 2348 mittit,
908 2280 1107 2337 accusativum
1131 2281 1160 2338 in
1187 2273 1273 2360 lem,
1298 2285 1330 2336 ut
1351 2278 1421 2337 lrnic
1443 2277 1536 2337 celeri

248 2380 327 2439 lrunc
354 2381 493 2441 celerem.
538 2381 654 2440 dativus
682 2399 771 2458 porro
800 2382 809 2439 i
840 2383 1016 2441 terminatus
1038 2378 1196 2440 ablativum
1219 2380 1401 2457 singularem
1423 2388 1473 2439 aut
1495 2381 1536 2437 si·

248 2483 350 2543 milem
373 2485 418 2543 sui
442 2481 577 2549 cullibet,
608 2489 658 2541 aut
685 2485 717 2540 in
745 2501 760 2540 o
791 2491 960 2560 correptam
980 2481 1134 2560 conpellit,
1164 2490 1196 2541 ut
1219 2491 1263 2541 est
1285 2481 1340 2541 hoc
1363 2484 1460 2561 ipsum
1483 2499 1576 2540 noro

250 2603 331 2653 men,
355 2584 392 2643 ab
415 2585 470 2643 lroc
493 2585 601 2643 tectore.
646 2583 773 2643 similem
803 2601 872 2642 voro
900 2586 945 2642 sni
969 2583 1104 2652 cuilubet,
1129 2592 1161 2643 ut
1184 2592 1229 2643 est
1252 2591 1320 2662 puta
1344 2584 1432 2643 liuius
1454 2585 1537 2642 navis

248 2686 317 2745 huic
341 2689 408 2746 navi
431 2686 467 2745 ab
490 2687 544 2746 liae
567 2687 644 2745 navi.
688 2688 827 2764 quotiens
854 2704 924 2744 vero
952 2688 961 2744 i
990 2688 1169 2746 terminatur
1196 2688 1360 2762 genitivus,
1389 2693 1421 2746 ut
1447 2685 1536 2745 liuius

248 2791 328 2867 apri,
353 2788 483 2847 dativum
506 2791 569 2847 ino
591 2789 696 2854 mittit,
720 2789 918 2847 accusativum
941 2790 971 2847 in
994 2807 1058 2857 ιιιιι,
1082 2797 1114 2848 ιιι
1136 2788 1205 2847 huic
1228 2806 1299 2867 apro
1322 2787 1400 2846 lannc
1422 2805 1535 2866 aprum,

249 2889 411 2950 ablativum
435 2908 504 2949 vero
526 2891 571 2949 sni
595 2890 724 2949 similem
740 2889 855 2949 dativus
871 2890 977 2957 elficit,
1002 2899 1035 2949 ut
1056 2890 1093 2950 ab
1116 2889 1171 2949 lroc
1194 2909 1275 2968 apro.
1306 2891 1444 2968 quotiens
1468 2906 1536 2947 vcro

248 2994 397 3069 genitivus
425 2992 587 3068 singularis
616 3010 649 3051 ae
677 2990 790 3070 syllaba
819 2994 1013 3059 terminatur,
1037 3000 1068 3049 ιιι
1091 2991 1180 3050 lnrius
1202 2991 1316 3060 lllusae,
1339 2991 1467 3050 similem
1489 2991 1535 3049 sui
1550 3013 1577 3050 aa

250 3094 342 3154 elficit
365 3095 510 3162 dativum,
535 3102 565 3153 et
587 3095 785 3153 accusativum
809 3095 838 3152 in
862 3112 908 3152 arn
931 3095 1024 3170 cogit,
1048 3102 1081 3153 ut
1103 3094 1172 3153 linio
1193 3093 1293 3153 Musae
1316 3093 1392 3152 lianc
1414 3092 1536 3152 illusam.

250 3195 306 3255 lroc
335 3214 402 3255 cum
430 3199 504 3264 erit,
534 3215 593 3256 non
621 3197 716 3256 solnm
746 3197 909 3263 vocativus,
938 3195 990 3253 scd
1019 3203 1049 3254 et
1076 3195 1221 3255 ablativus
1248 3197 1421 3256 nominativi
1450 3203 1537 3254 erunt

250 3297 380 3365 similos,
411 3306 442 3357 ut
470 3318 487 3356 o
515 3297 597 3358 llusa
626 3307 655 3357 ct
683 3297 719 3356 ab
748 3297 803 3357 lrac
831 3297 923 3356 llnsa.
969 3305 1055 3375 atque
1085 3297 1131 3356 liis
1158 3297 1277 3376 quidem
1305 3296 1402 3356 tribus
1426 3296 1538 3385 regulis

249 3401 346 3458 omma
369 3419 462 3477 praevio
486 3402 637 3460 nominum
661 3398 819 3458 multitudo
842 3399 1039 3460 rovrcluditnr.
1084 3400 1136 3458 sod
1159 3399 1302 3478 ‹puaedam
1325 3407 1408 3459 extra
1431 3398 1484 3458 lias
1507 3400 1536 3456 in

250 3503 353 3579 paucis
382 3501 538 3561 admodum
569 3500 738 3561 nominibus
767 3500 855 3559 aliter
878 3503 1031 3569 eveniunt,
1055 3521 1130 3580 «puae
1154 3503 1270 3580 etipsa
1293 3500 1577 3561 brevitcratlin·ao

250 3620 363 3678 gemus.
401 3603 455 3662 liae
478 3612 548 3662 scrut
569 3612 708 3682 quattuor
730 3611 843 3662 tantum
867 3602 952 3662 modo
974 3604 1097 3663 lormao.
1135 3606 1231 3682 prima
1254 3611 1300 3662 est
1321 3605 1407 3663 cuins
1428 3605 1535 3679 geniti·

251 3723 304 3763 vus
327 3706 357 3763 in
381 3722 415 3762 us
437 3705 611 3783 productam
634 3707 709 3773 exit,
740 3713 771 3763 ut
799 3704 887 3764 huius
910 3706 1023 3765 vultus:
1055 3706 1102 3764 liic
1130 3705 1260 3764 tlativum
1283 3706 1442 3766 inllexione
1465 3723 1536 3784 qvia·

252 3805 318 3865 dam
341 3815 459 3885 torquet
482 3809 512 3866 in
536 3809 580 3876 ni,
611 3814 643 3865 ut
670 3806 738 3864 huic
768 3806 875 3874 vultui;
905 3811 1104 3868 accusativum
1133 3794 1164 3866 iu
1192 3826 1241 3867 um
1268 3808 1374 3875 mittit,
1404 3815 1437 3865 nt
1459 3806 1538 3867 hunc

252 3906 380 3976 vulturn;
404 3907 564 3967 ablativum
588 3909 617 3966 iu
642 3925 660 3965 u
683 3909 776 3983 cogit,
800 3918 831 3966 nt
854 3908 969 3968 abhoc
992 3909 1082 3968 vultu.
1128 3909 1256 3969 secunda
1279 3917 1324 3968 est
1346 3927 1421 3987 quae
1445 3910 1536 3969 simili

252 4095 553 4102 ——-

324 4213 336 4262 l
357 4213 381 4261 in
401 4213 456 4276 ipso
472 4213 521 4261 livre
539 4213 699 4261 consentiunt
716 4220 743 4260 ut
760 4227 838 4277 gener
858 4213 923 4262 celer
939 4217 1042 4280 gerionis
1062 4226 1086 4266 ot
1106 4225 1130 4264 ct
1150 4216 1240 4265 ceteris
1260 4214 1355 4264 iaciunt
1369 4219 1428 4265 item
1446 4215 1538 4265 deseo-

251 4286 316 4332 tiunt
330 4281 419 4330 mulier
437 4292 493 4331 uter
506 4283 619 4331 nrulieris
639 4284 701 4331 cirris
720 4283 815 4331 iaciunt
829 4283 857 4331 M
923 4285 1040 4335 dciccro
1059 4287 1181 4336 ciceronis
1197 4300 1365 4351 aganremoon
1385 4292 1464 4345 (corr.
1479 4287 1538 4350 -uo)

252 4352 446 4420 agamemnonis
465 4353 540 4400 carbo
559 4353 676 4401 carbonis
695 4367 750 4400 cunr
771 4353 802 4400 M
818 4355 899 4402 cicero
918 4357 1040 4405 ciceronis
1055 4372 1111 4405 cnm
1130 4355 1186 4405 BL
1237 4354 1311 4423 dsit]
1333 4356 1488 4406 siutBML

253 4421 432 4490 tum]tan'1M
502 4422 820 4485 bqivirxdnodecimM
887 4425 1065 4490 sscomplcxus
1084 4434 1142 4475 sunt
1159 4441 1217 4474 cnm
1236 4441 1282 4490 pro
1302 4427 1421 4488 loquendi
1436 4427 1490 4477 BL

253 4496 425 4545 inoscuntur
442 4492 474 4541 M
541 4495 557 4543 u
576 4490 645 4557 quia]
668 4507 732 4555 quae
750 4493 775 4541 B
845 4494 876 4543 10
894 4497 1041 4544 ordinamur
1056 4495 1111 4544 BL
1129 4496 1258 4544 ordiamur
1271 4494 1411 4546 Sirim-dns
1482 4498 1538 4561 ipse

253 4581 286 4614 ex
305 4574 394 4614 natura
413 4564 443 4612 M
497 4563 525 4611 ll
545 4561 653 4610 alicuius
671 4560 811 4611 Siclordus
862 4563 894 4613 13
912 4565 974 4613 haec
987 4579 1065 4613 atmiis
1092 4565 1120 4624 (n
1139 4579 1214 4614 casus
1231 4581 1299 4621 corr,
1315 4566 1330 4614 lv
1349 4581 1427 4616 aursus
1441 4567 1476 4625 L)
1488 4567 1537 4615 cim

254 4632 513 4684 dicereomnisBL
568 4648 625 4681 sum
646 4631 676 4678 M
741 4633 773 4683 15
791 4633 946 4696 perdexiono
965 4636 991 4685 B
1042 4634 1075 4685 16
1093 4636 1241 4684 terminatur
1263 4635 1293 4682 M
1344 4635 1378 4685 20
1396 4646 1537 4701 correptam

254 4719 300 4757 om.
320 4706 376 4754 BL
463 4702 538 4767 ipsud
559 4702 588 4749 M
674 4702 754 4750 ‘lior
773 4703 806 4750 sit
824 4701 904 4765 (corr.
924 4704 1130 4767 [interminatus
1150 4705 1182 4753 M
1266 4704 1299 4753 26
1315 4715 1389 4770 coget
1408 4705 1469 4754 Mc

254 4773 289 4822 29
306 4784 377 4823 extra
399 4773 446 4822 lrac
459 4774 484 4822 B
504 4780 576 4820 extra
593 4771 654 4819 baec
671 4771 700 4818 M
719 4782 805 4821 contra
822 4774 883 4822 liuor.
902 4775 925 4822 L
995 4774 1029 4826 33
1046 4776 1070 4822 in
1091 4773 1126 4841 ni]
1149 4777 1173 4822 iu
1192 4777 1200 4823 i
1220 4775 1250 4823 M
1321 4776 1354 4824 34
1371 4791 1435 4838 quae
1449 4776 1537 4840 siugu-

256 4843 333 4893 larem
352 4844 492 4909 genitinum
511 4852 535 4892 et
553 4843 665 4890 datiuum
685 4857 733 4891 non
753 4845 778 4890 in
794 4842 801 4889 i
818 4854 917 4907 torquet
934 4845 978 4893 sed
998 4844 1110 4893 ultimam
1129 4856 1308 4894 consonantem
1323 4844 1423 4896 lraudat
1439 4845 1470 4894 M
