3346 5498
246 371 307 436 134
813 371 966 433 ponenti

269 494 290 535 p.
304 482 380 522 u-es
395 480 417 519 1.

245 568 358 622 tentum
387 560 527 629 dicimus,
556 560 693 638 quotiens
721 565 788 638 post
815 558 906 638 pedes
934 557 1081 637 legitimos
1103 567 1238 639 superest
1261 555 1386 639 syllaba3
1409 557 1537 616 incisum

244 662 383 732 dicimus,
408 663 544 739 quotiens
566 660 607 721 ibi
629 662 694 721 finit
715 679 834 730 sensus,
858 659 910 727 ubi
930 678 983 740 pes
1005 661 1078 720 tinit.

651 831 701 892 DE
721 830 904 892 pluribvs
927 830 1129 892 cuntionis

332 951 436 1012 Partes
469 952 612 1011 orationis
641 957 711 1010 sunt
739 957 819 1010 octo:
855 949 933 1030 apud
968 948 1076 1010 multos
1107 969 1215 1011 novem
1247 952 1429 1020 invenimus,
1461 951 1540 1030 apud

244 1054 352 1115 inultos
380 1053 499 1120 decem,
530 1051 608 1132 apud
638 1051 745 1113 multos
773 1052 930 1120 undecim;
959 1053 1127 1113 invenimus
1155 1061 1186 1112 et
1211 1054 1350 1133 quinque.
1395 1052 1469 1113 duas
1491 1053 1569 1112 aliis

244 1155 347 1216 dicunt
375 1167 474 1234 partes
502 1172 569 1215 esse
597 1155 755 1221 orationis;
792 1152 841 1214 alii
869 1153 972 1214 dicunt
997 1155 1138 1233 quinque
1157 1172 1221 1214 esse
1249 1161 1363 1233 partes,
1392 1153 1441 1214 alii
1463 1163 1541 1225 octo,

245 1255 294 1317 alii
316 1275 437 1325 novem,
470 1254 519 1315 alii
542 1255 660 1325 decem,
693 1253 743 1314 alii
765 1255 912 1316 undecim.
952 1263 1051 1315 tamen
1075 1255 1205 1315 bonatus
1227 1257 1268 1316 ait
1290 1265 1366 1316 octo.
1412 1265 1455 1317 est
1477 1260 1543 1334 qui·

125 1373 185 1434 428,
200 1372 230 1420 11
245 1358 313 1419 darn
341 1360 477 1418 varietas
520 1355 605 1417 multi
628 1353 632 1437 l
658 1355 760 1417 dicunt
787 1357 860 1417 duas
888 1375 952 1418 esse
981 1364 1081 1443 partes
1109 1358 1267 1426 orationis,
1296 1376 1404 1418 nometi
1427 1369 1456 1418 et
1479 1378 1543 1420 vcr-

248 1459 328 1529 bum,
352 1468 384 1520 ut
406 1461 484 1520 inter
506 1456 699 1538 philosophos
723 1459 811 1518 etiam
832 1457 1010 1520 Aristotelici
1033 1457 1148 1527 dicunt;
1172 1457 1257 1518 multi
1279 1458 1381 1520 dicunt
1402 1463 1542 1539 quinque.

245 1564 296 1642 qui
318 1561 422 1622 dicunt
443 1562 576 1641 quinque
599 1579 664 1621 esse
687 1567 787 1639 partes
809 1561 966 1631 orationis,
996 1578 1162 1640 pronomen
1185 1559 1307 1630 tollunt,
1336 1563 1404 1638 quia
1426 1570 1582 1642 partemio

248 1665 377 1725 nominis
399 1661 500 1724 volunt
522 1681 603 1730 esse;
628 1660 800 1723 adverbium
824 1660 931 1723 tollunt
953 1671 982 1722 et
1003 1664 1207 1742 participium,
1232 1663 1299 1742 quia
1323 1671 1438 1742 partem
1461 1664 1544 1725 verbi

246 1784 311 1827 esse
341 1765 449 1825 volunt.
495 1773 652 1824 remanent
683 1780 755 1842 ergo
788 1766 935 1844 quinque,
964 1784 1073 1825 nomeu
1103 1764 1225 1825 verbum
1259 1767 1439 1844 praepositio
1472 1785 1544 1827 con·

245 1869 356 1929 iunctio
380 1867 556 1928 interiectio.
603 1865 652 1926 alii
675 1866 778 1925 dicunt
801 1885 905 1926 novem
928 1885 1008 1935 esse,
1038 1872 1211 1946 separantes
1233 1865 1372 1926 articulos
1394 1886 1410 1927 a
1433 1886 1543 1946 prono·

245 1968 384 2030 minibus.
430 1966 479 2028 alii
507 1968 610 2027 decom
639 1966 741 2028 dicunt
769 1986 835 2028 esse
863 1977 962 2047 partes
984 1969 1141 2038 orationis,
1169 1975 1342 2046 separantes
1364 1968 1545 2030 articulosa

245 2069 473 2152 pronominibus
497 2077 526 2129 et
548 2070 772 2129 interiectiones
794 2069 831 2129 ab
854 2069 1012 2154 adverbiis.
1043 2072 1121 2131 nosti
1144 2071 1223 2130 euim
1246 2069 1326 2147 quod
1349 2071 1427 2149 apud
1450 2072 1542 2131 Grae·
1559 2092 1583 2132 15

247 2192 297 2234 cos
319 2171 456 2233 similiter
479 2171 700 2231 interiectiones
724 2179 753 2230 et
775 2170 912 2232 adverbia
936 2172 1016 2232 idern
1039 2179 1117 2232 suut.
1162 2172 1281 2231 interim
1305 2171 1437 2232 Donatus
1458 2191 1545 2234 secu-

146 2285 293 2348 428,8tus
322 2281 367 2333 est
394 2283 423 2333 et
451 2275 492 2332 ait
515 2277 600 2331 ‘octo
629 2279 698 2332 sunt
725 2282 824 2349 partes
853 2274 1020 2342 orationis',
1049 2272 1127 2352 quod
1157 2292 1259 2334 verum
1282 2281 1340 2341 est;
1364 2292 1467 2334 verum
1490 2279 1545 2333 ‘ex

246 2375 293 2435 bis
315 2375 391 2435 duae
413 2384 481 2434 sunt
503 2381 603 2453 partes
626 2375 769 2434 orationis
791 2372 984 2453 principales,
1010 2371 1126 2455 nolmen
1150 2383 1179 2434 et
1201 2373 1352 2436 verbum'.
1383 2382 1413 2434 et
1427 2393 1460 2434 re
1476 2393 1545 2435 vcra

249 2496 306 2538 non
336 2483 432 2556 potest
459 2483 536 2536 stare
564 2478 629 2554 ipsa
658 2460 800 2544 elocutio,
829 2477 887 2536 nisi
917 2483 945 2535 et
973 2495 1082 2536 nomen
1106 2475 1213 2537 babeat
1235 2486 1265 2537 et
1287 2475 1421 2537 verbum.
1466 2495 1545 2556 pone

164 2613 168 2620 ·
247 2579 344 2639 solum
366 2595 546 2657 pronomen,
571 2596 648 2656 pone
672 2579 872 2656 participium,
903 2559 1158 2646 coniunctionem,
1182 2579 1448 2656 praepositionem,
1481 2576 1585 2641 nolim

246 2698 359 2761 ponera
388 2698 497 2740 nomen
527 2687 555 2739 et
585 2679 723 2747 verbum,
755 2686 784 2736 et
812 2687 872 2738 iton
901 2689 945 2740 est
972 2678 1059 2757 plena
1082 2679 1219 2740 elocutio.
1265 2698 1336 2758 ergo
1359 2679 1426 2741 ideo
1444 2679 1546 2741 'dictae

248 2789 318 2842 sunt
344 2780 524 2861 principales
553 2784 658 2860 partes
683 2781 841 2850 orationis,
871 2782 1009 2859 quoniam
1040 2791 1069 2841 et
1098 2783 1179 2860 ipsae
1202 2781 1315 2842 iaciunt
1337 2780 1544 2852 elocutionem,

249 2894 278 2944 et
304 2883 360 2944 alia
390 2882 517 2943 elocutio
545 2885 609 2943 sine
641 2884 714 2962 ipsis
743 2881 824 2944 nulla
853 2891 906 2943 est.
953 2901 1022 2944 ecce
1051 2885 1076 2943 si
1105 2882 1185 2942 dicas
1214 2883 1335 2945 ‘Cicero
1359 2889 1451 2952 cras’,
1476 2902 1545 2945 ecce

249 2984 354 3046 Cicero
383 3003 491 3045 nornen
522 2991 579 3053 est,
610 3002 678 3045 cras
708 2983 880 3045 adverbium
909 2993 968 3054 cst,
999 2992 1028 3044 et
1055 3003 1114 3044 non
1144 2992 1189 3045 est
1211 2983 1298 3064 plena
1323 2985 1465 3055 elocutio,
1488 2988 1547 3047 nisi

248 3088 331 3148 dicas
359 3088 484 3148 ‘Cicero
513 3103 579 3146 cras
607 3087 711 3146 laciet'
742 3093 793 3146 aut
820 3086 943 3146 ‘dicett
990 3086 1070 3146 vides
1098 3104 1169 3163 ergo
1197 3089 1336 3166 quoniam
1366 3106 1426 3148 nou
1449 3097 1586 3167 potestas

249 3197 329 3250 stare
344 3189 498 3254 elocutio,
523 3189 580 3247 nisi
602 3207 711 3248 nomen
735 3197 764 3248 et
786 3187 908 3248 verbum
932 3189 979 3252 sit,
1016 3195 1085 3265 puta
1108 3193 1192 3267 ‘post
1216 3193 1363 3269 tempus’:
1387 3189 1456 3269 quid
1479 3200 1547 3269 post

248 3293 386 3371 tempus?
410 3298 477 3370 post
499 3291 680 3370 praepositio
704 3297 761 3360 est,
787 3299 903 3369 tempus
926 3308 1036 3349 nomen
1059 3299 1113 3356 est,
1138 3298 1166 3349 et
1189 3298 1286 3351 tarnen
1309 3310 1368 3351 tlon
1393 3302 1437 3352 est
1458 3291 1545 3371 plena

250 3391 387 3454 elocutio.
433 3392 500 3453 ideo
524 3409 594 3470 ergo
618 3392 671 3454 bas
700 3391 771 3452 duas
794 3393 865 3452 dicit
888 3411 952 3452 esse
974 3400 1073 3471 partes
1096 3391 1290 3470 principales,
1320 3394 1459 3470 quoniam
1482 3395 1546 3454 sine

249 3494 322 3573 ipsis
350 3492 430 3554 nulla
457 3501 557 3573 potest
583 3502 662 3555 stare
690 3494 833 3563 elocutio,
862 3497 926 3554 sine
955 3495 1074 3555 nomine
1103 3503 1132 3554 et
1154 3492 1254 3553 verbo.
1297 3495 1327 3554 in
1351 3501 1464 3555 tantum
1486 3515 1546 3556 non

249 3602 346 3673 potest
372 3601 466 3662 stare,
495 3603 528 3654 ut
556 3603 672 3655 ceterae
700 3603 800 3674 partes
829 3597 972 3655 orationis
1001 3614 1054 3656 sua
1083 3596 1200 3656 noritina
1230 3614 1288 3655 non
1312 3595 1459 3666 babeant,
1488 3599 1585 3663 nisiae

251 3696 320 3755 binc
343 3694 483 3771 babeant,
508 3695 544 3755 ab
568 3695 626 3755 illis
648 3695 871 3775 principalibus
919 3696 987 3757 tolle
1011 3716 1127 3767 nornen,
1153 3706 1182 3757 et
1204 3717 1369 3776 pronomen
1394 3698 1466 3758 nibil
1490 3707 1544 3768 est,

251 3799 391 3875 quoniam
414 3798 545 3874 iungitur
561 3798 658 3857 cilicio
683 3800 820 3858 nominis.
852 3797 1023 3859 adverbium
1047 3818 1095 3858 res
1119 3807 1163 3858 est
1184 3818 1259 3877 quae
1282 3801 1416 3877 iungitur
1440 3800 1545 3861 verbo:

253 3897 322 3960 tolle
344 3897 483 3967 verbum,
513 3906 542 3957 et
571 3918 629 3958 non
660 3901 716 3959 erit
743 3897 925 3959 adverbium.
971 3903 1159 3980 participium
1182 3919 1242 3960 non
1266 3908 1465 3981 potestesse,
1489 3904 1546 3962 nisi

252 4007 367 4081 partem
391 4002 516 4079 accipiat
531 4002 673 4068 nominis,
698 4009 811 4079 partem
829 4000 923 4062 verbi:
949 4001 1018 4062 tolle
1041 4003 1111 4061 istas
1132 4011 1241 4081 partes,
1266 4012 1294 4062 et
1318 4021 1376 4062 nort
1400 4006 1455 4064 crit
1478 4024 1546 4083 par·
1631 4034 1635 4041 ·

252 4103 395 4181 ticipium.
441 4104 677 4181 praepositiones
703 4110 926 4180 praeponuntur
950 4105 1075 4171 nomini,
1106 4105 1331 4165 coniunctiones
1354 4104 1442 4166 verba
1465 4104 1544 4187 conl·
1561 4135 1587 4173 35

252 4207 385 4283 iungunt.
433 4205 513 4264 vides
536 4222 606 4282 ergo
629 4204 708 4283 quod
731 4202 811 4264 nulla
834 4203 889 4264 alia
913 4224 981 4283 prus
1008 4213 1106 4285 potest
1128 4205 1239 4268 babere
1262 4201 1380 4287 plenam
1403 4207 1547 4269 elocutio·

255 4325 460 4333 ——-.<-»—-...
483 4325 490 4329 .

322 4375 427 4424 texat.
445 4365 480 4424 bs
499 4376 662 4425 eosrromsC
713 4374 729 4424 3
745 4390 777 4424 οι
797 4390 922 4425 enarrans
941 4390 1074 4426 ovarimus
1093 4392 1137 4425 om.
1155 4377 1248 4428 ABG:
1275 4392 1368 4429 inctrtr
1389 4393 1547 4430 execnnurrn

161 4443 164 4450 ¹
255 4461 367 4499 uenture.
387 4460 490 4496 eourst.
511 4460 696 4497 cnsuunrrc..
717 4445 799 4506 (corr.
821 4461 913 4495 nouem
939 4445 1114 4509 oniuuumct)
1136 4448 1174 4496 A:
1199 4448 1288 4513 incipit
1307 4450 1338 4497 de
1361 4449 1456 4499 maiore
1475 4461 1548 4513 parte

255 4516 377 4566 orationis
393 4513 397 4581 Ι
413 4517 503 4580 incipit
520 4517 570 4564 iam
588 4523 694 4566 tractare
713 4516 744 4564 de
762 4517 875 4581 pertibus
894 4516 1015 4565 orationis
1034 4516 1096 4567 cdd.
1116 4534 1133 4565 α
1221 4518 1237 4567 o
1256 4519 1366 4580 quinque
1385 4534 1442 4567 esse
1461 4530 1548 4582 partes

255 4587 309 4638 BG
322 4586 432 4650 quinque
452 4601 509 4636 esse
525 4595 611 4651 partes
628 4586 750 4636 orationis
768 4585 799 4634 a*
821 4588 933 4648 quinque
952 4600 1008 4635 esse
1024 4586 1048 4635 A
1119 4587 1151 4636 lo
1174 4587 1239 4636 idem
1259 4587 1297 4637 Cb
1317 4591 1405 4637 eadem
1423 4587 1479 4637 AB

256 4656 289 4708 ll)
307 4657 355 4705 nisi
376 4665 419 4706 aut
438 4671 528 4706 nomen
545 4654 636 4704 babeat
652 4664 694 4704 aut
711 4656 817 4704 uerbum
836 4657 919 4706 ABG
975 4657 1009 4706 25
1028 4655 1103 4704 faciet
1121 4658 1243 4706 uindicet
1262 4657 1333 4706 oca
1350 4657 1410 4708 iacit
1429 4665 1472 4707 aut
1487 4659 1549 4707 dicit

256 4727 279 4774 A
351 4726 385 4777 26
404 4726 465 4789 quid
482 4734 540 4792 post
559 4734 659 4791 tempus
677 4742 724 4777 om.
744 4726 776 4785 A,
794 4726 889 4775 oddo
960 4724 992 4776 32
1011 4725 1189 4775 oldcioBCa
1208 4727 1320 4776 cilicium
1340 4728 1364 4775 A
1418 4743 1483 4790 quae
1502 4729 1548 4777 ed-

256 4795 369 4861 iangitur
387 4812 404 4845 a
426 4811 490 4860 quae
504 4838 528 4849 ..
549 4796 662 4862 iungitur
681 4797 704 4842 A
792 4794 826 4846 34
845 4807 943 4862 partem
963 4797 1071 4861 accipiat
1088 4797 1197 4846 nominis
1214 4808 1312 4862 partem
1329 4799 1399 4847 uerbi
1417 4798 1441 4846 A
1461 4808 1548 4863 partes

256 4865 365 4930 accipiet
381 4865 482 4931 (capiat
498 4868 519 4917 G
535 4866 658 4932 suscipiat
673 4863 711 4926 B)
730 4865 840 4914 nominis
858 4874 993 4932 partesque
1012 4866 1082 4916 uerbi
1102 4866 1172 4916 Bca
