3346 5498
330 335 392 401 376
873 339 1074 402 consultui

355 460 376 498 p.
389 448 491 488 root-ot
503 446 525 486 P.

330 535 384 587 est.
429 530 556 587 interest
585 530 665 587 enim
692 528 867 607 plurimum,
895 536 996 589 utrum
1024 528 1147 590 verbum
1175 548 1267 589 unum
1294 529 1430 608 quodque
1458 547 1547 607 opus,
1577 545 1616 589 an

329 629 574 689 consuetudinem
598 632 698 709 operis
720 631 877 707 significet.
908 632 933 690 si
950 650 1023 710 opus
1038 633 1199 710 significat,
1223 633 1354 710 perlecta
1376 631 1470 691 forma
1493 631 1615 698 dicitur,

330 738 363 790 ut
389 733 466 791 lacio
494 751 598 802 curro;
628 732 732 811 quodsi
762 732 1007 793 consuetudinem
1034 735 1148 811 operiS,
1182 734 1398 812 frequentativa
1428 732 1552 801 dicitur,
1582 740 1617 791 ut

329 834 431 893 factito
459 837 580 895 cursito.
626 835 770 895 accedunt
798 834 845 894 his
872 834 1040 895 meditativa
1068 844 1098 894 et
1125 835 1302 896 inchoativa.
1346 834 1517 895 meditativa
1545 844 1616 894 sunt

327 934 438 1014 quihus
459 955 517 996 non
540 943 636 1005 actus,
661 936 713 996 sed
736 936 843 1014 agendi
865 944 1024 1015 apparatus
1046 937 1221 1006 ostenditur,
1244 944 1277 997 ut
1300 938 1445 998 amatorio
1466 937 1644 1015 pai-turios

327 1037 494 1109 inchoativa
522 1046 591 1098 sunt
618 1057 693 1117 quae
722 1039 851 1099 nondum
879 1039 1043 1117 perfectam
1070 1038 1210 1108 formam,
1239 1039 1290 1099 sed
1318 1040 1438 1100 initium
1467 1038 1615 1117 quoddam

327 1141 553 1216 significationis
575 1141 743 1202 ostendunt.
788 1158 858 1218 ergo
880 1158 983 1200 omnes
1005 1142 1116 1200 formae
1144 1148 1213 1201 sunt
1233 1147 1387 1220 quattuor,
1410 1142 1557 1220 perlecta,
1582 1147 1617 1200 ut

327 1259 392 1300 amo
415 1242 496 1302 caleo
517 1244 602 1320 pario
625 1244 725 1303 ferveo
753 1243 819 1321 lego
846 1241 962 1311 scribo,
987 1235 993 1324 l
1017 1242 1248 1320 frequentativa,
1277 1250 1310 1302 ut
1336 1242 1437 1302 lectito
1465 1243 1614 1321 scriptito,

326 1343 514 1411 meditativa,
544 1352 577 1403 ut
605 1347 751 1405 amaturio
779 1347 929 1424 parturio,
959 1343 1140 1411 inchoativa,
1169 1351 1203 1402 ut
1229 1344 1343 1404 calesco
1369 1345 1513 1406 fervesco.
1557 1343 1615 1404 hae

327 1462 430 1504 omues
453 1446 563 1504 formae
587 1453 616 1505 et
637 1465 692 1525 per
714 1463 816 1506 omnes
838 1446 940 1507 modos
968 1453 1092 1505 currunt
1118 1453 1149 1505 et
1168 1464 1223 1523 per
1245 1464 1280 1506 ea
1302 1448 1400 1507 omnia
1423 1447 1506 1524 quae'
1521 1445 1614 1506 verho
1631 1454 1656 1493 1⁰

327 1547 479 1616 accidunt,
509 1548 568 1607 nisi
597 1547 649 1608 uhi
678 1550 802 1609 forsitan
831 1554 911 1607 certa
942 1548 1055 1607 ratione
1084 1547 1235 1609 deficiunt.
1280 1550 1429 1627 perfectae
1462 1548 1616 1627 qualitatis

325 1648 463 1718 verbum,
486 1656 520 1708 ut
542 1656 587 1708 est
609 1649 687 1726 logo,
711 1669 765 1729 per
787 1651 885 1709 omnia
910 1657 1041 1728 tempora
1065 1649 1240 1709 declinatur.
1285 1652 1518 1729 frequentativac
1540 1668 1614 1729 qua-

326 1751 417 1810 litatis
445 1749 569 1811 verhum
598 1770 716 1831 semper
743 1754 858 1831 primae
895 1753 1110 1828 coniugationis
1142 1759 1197 1810 cst.
1241 1751 1428 1813 meditativae
1462 1752 1614 1831 qualitatis

325 1851 449 1913 verbum
477 1872 493 1913 a
520 1855 653 1932 perlecta
681 1856 773 1914 forma
795 1855 924 1914 sumitur
947 1871 1082 1931 semper,
1106 1860 1138 1911 ut
1161 1872 1176 1911 a
1197 1853 1263 1930 lego
1286 1853 1421 1914 lecturio.
1465 1853 1613 1913 inchoati·

325 1974 377 2015 vae
400 1974 470 2014 vero
492 1954 641 2033 qualitatis
663 1955 787 2015 verbum
809 1958 872 2016 lere
895 1975 910 2016 a
933 1955 1060 2016 neutrali
1090 1954 1180 2014 verho
1202 1958 1283 2015 venit
1305 1964 1335 2015 et
1357 1974 1415 2015 non
1438 1973 1492 2034 per
1514 1956 1654 2016 omnia15

327 2064 457 2135 tempora
481 2056 662 2125 declinatur,
686 2060 755 2137 qnia
778 2076 852 2136 quac
875 2057 1053 2117 inchoantur
1068 2058 1262 2136 praeteritum
1284 2065 1401 2136 tempus
1416 2076 1475 2116 non
1490 2055 1612 2117 hahent.

254 2176 261 2192 ¹
326 2176 359 2217 ac
392 2158 428 2217 de
457 2159 588 2237 perlecta
618 2160 712 2218 torma
742 2159 817 2219 nihil
846 2159 913 2238 plus
935 2158 1092 2219 verborum
1116 2158 1303 2219 adiciendum
1326 2167 1387 2228 est,
1411 2161 1521 2239 quippe
1544 2178 1614 2220 cum

325 2268 356 2319 et
378 2260 461 2338 plura
485 2264 543 2321 iam
566 2261 643 2321 dicta
666 2263 741 2329 sint,
766 2269 795 2321 et
817 2279 870 2339 per
893 2270 992 2321 cetera
1013 2261 1176 2321 accidentia
1200 2261 1283 2338 plura
1306 2260 1430 2321 dicenda
1453 2263 1522 2321 sint.
1552 2262 1613 2321 he·

326 2365 528 2441 quentativam
558 2380 628 2439 ergo
656 2364 782 2422 sormam
805 2363 964 2440 diligenter
987 2361 1129 2423 dehemus
1151 2362 1316 2422 advertere.
1361 2365 1441 2423 venit
1463 2365 1543 2423 enim
1565 2365 1613 2423 in-

326 2463 443 2522 terdum
466 2484 481 2523 a
505 2465 638 2543 perlecta
662 2465 766 2535 forma,
789 2471 822 2525 ut
845 2485 861 2525 a
883 2467 1118 2533 canto'cantitm
1141 2472 1172 2522 et
1193 2464 1343 2525 interdurn
1366 2466 1396 2524 in
1419 2472 1481 2524 tres
1503 2465 1614 2542 gradus
1628 2475 1654 2514 90

325 2564 446 2624 deducit
468 2565 605 2634 verbum,
630 2572 663 2624 ut
677 2584 767 2625 curro
789 2585 875 2626 curso
891 2569 1018 2635 cursito,
1042 2567 1192 2626 interdum
1214 2567 1246 2625 in
1269 2566 1357 2634 dum,
1381 2574 1414 2627 ut
1437 2567 1499 2627 volo
1521 2566 1613 2626 volito

325 2674 355 2726 et
376 2667 432 2726 hoc
455 2670 553 2748 ipsum
576 2675 661 2727 canto
685 2670 804 2729 cantito.
836 2669 987 2730 interdum
1009 2671 1131 2728 veniunt
1153 2670 1217 2727 sine
1240 2670 1355 2744 origine
1378 2671 1527 2746 perlectae
1550 2669 1642 2728 lor-t

325 2788 389 2829 mae
413 2778 443 2829 ct
465 2770 681 2848 frequentativa
704 2771 882 2840 creduntur,
906 2779 939 2830 ut
961 2773 1066 2850 pitisso
1088 2769 1199 2829 vacillo.
1245 2770 1394 2829 interdum
1417 2772 1500 2849 quasi
1524 2771 1613 2831 dimi-

324 2873 456 2933 nutionis
479 2873 610 2949 speciem
632 2881 754 2948 gerunt,
779 2891 846 2933 cum
869 2876 929 2933 sint
950 2874 1181 2952 frequentativa,
1205 2880 1239 2931 nt
1254 2870 1360 2931 sorbeo
1382 2871 1517 2940 sorbillo,
1542 2891 1612 2950 sug-

324 2993 394 3052 gero
423 2973 558 3052 suggillo.
604 2974 753 3033 interdum
783 2974 915 3051 regulam
943 2975 1169 3054 frequentativis
1198 2973 1295 3033 datam
1323 2991 1382 3033 non
1411 2983 1545 3044 servant,
1575 2985 1655 3037 orti·

325 3094 383 3156 quo
411 3083 536 3155 possunt
564 3075 657 3135 videri
687 3077 903 3154 frequentativa
932 3095 991 3136 non
1021 3095 1102 3145 csse,
1132 3085 1165 3136 ut
1186 3076 1299 3137 lacesso
1321 3076 1459 3146 lacessis
1488 3095 1612 3155 capesso

324 3181 465 3257 capessis.
509 3196 575 3238 cum
606 3179 685 3237 enim
715 3180 813 3238 omnia
842 3180 1057 3257 frequentativa
1084 3179 1197 3257 primae
1220 3179 1437 3254 coniugationis
1460 3180 1537 3249 sint,
1561 3179 1612 3240 hic

325 3283 412 3341 tertia
428 3283 598 3358 coniugatio
614 3289 668 3341 est.
696 3281 855 3359 quaedam,
879 3281 958 3359 quod
980 3282 1015 3341 ad
1037 3281 1164 3340 sormam
1184 3282 1278 3358 ipsam
1301 3282 1446 3357 pertinet,
1469 3282 1611 3361 frequen-

326 3385 412 3442 tatira
435 3382 613 3451 creduntur,
644 3383 695 3442 sed
723 3401 778 3442 usu
807 3383 945 3462 loquendi
975 3402 1028 3461 pro
1051 3381 1230 3442 meditativis
1248 3389 1303 3440 aut
1325 3382 1501 3442 inchoativis
1523 3402 1611 3444 usur·

325 3491 447 3561 pantur,
476 3492 509 3543 nt
537 3491 582 3542 est
611 3482 724 3543 dormio
747 3484 883 3544 dormito.
928 3483 1072 3544 namhoc
1096 3484 1223 3544 dormito
1245 3485 1340 3560 magis
1362 3502 1416 3562 pro
1439 3484 1655 3545 meditativo³⁰

324 3592 375 3643 aut
396 3584 563 3645 inchoativo
586 3584 645 3644 dici
668 3593 778 3664 potest,
803 3605 890 3666 quam
913 3606 967 3664 pro
989 3587 1216 3664 frequentativo.
1247 3587 1325 3644 scire
1348 3593 1445 3645 autern
1468 3585 1612 3647 dehemus

324 3688 413 3746 etiam
437 3707 453 3746 a
475 3686 646 3747 nominihus
675 3688 740 3746 lieri
762 3687 978 3766 frequentativa
1001 3687 1105 3748 verba:
1135 3687 1171 3747 ah
1195 3686 1384 3766 appellativo,
1407 3695 1441 3747 ut
1461 3690 1613 3765 graecizot

324 3786 449 3846 sicilizat
471 3791 611 3866 patrizat,
635 3807 651 3847 a
674 3791 811 3866 proprio,
835 3796 867 3847 ut
889 3788 1049 3849 lentulizat.
1094 3792 1125 3849 in
1147 3789 1323 3849 inchoativis
1344 3808 1460 3868 quoque
1483 3790 1613 3868 quadam

325 3888 577 3948 animadversione
601 3906 675 3966 opus
701 3884 705 3970 l
733 3896 786 3949 est.
832 3909 898 3949 nam
926 3909 992 3949 itum
1021 3911 1036 3951 a
1064 3890 1188 3951 neutrali
1213 3890 1302 3950 verho
1323 3893 1474 3970 perlectae
1498 3892 1611 3952 lorrnae

324 4008 442 4067 semper
464 3990 527 4048 lere
551 3997 724 4060 nascantur,
748 3999 782 4050 ut
803 3990 911 4051 horreo
933 3992 1089 4063 horresco,
1113 3995 1305 4053 inveniuntur
1323 3996 1387 4054 sine
1403 3996 1517 4071 origine
1540 4013 1611 4074 per·
1627 4007 1655 4046 ὣ

391 4248 408 4296 4
428 4245 512 4294 lectito
530 4244 669 4295 Siodardue
688 4246 762 4296 lecito
779 4245 870 4297 ΒΜΔ
940 4247 1054 4295 accidunt
1073 4248 1166 4299 BML
1238 4250 1269 4300 12
1284 4249 1434 4313 declinatur]
1454 4249 1566 4298 decurrit
1580 4250 1614 4299 M

394 4316 606 4365 reversans
676 4315 832 4382 licumet]
855 4325 951 4366 etcum
971 4317 1060 4367 BML
1130 4320 1161 4369 21
1183 4320 1207 4367 in
1227 4319 1291 4368 duos
1308 4330 1333 4368 et
1352 4319 1539 4383 lreqirentatioa
1557 4334 1613 4368 cre-

323 4386 415 4435 (llantur
429 4385 553 4450 (creditur
567 4384 635 4448 BL)
653 4396 679 4433 ut
697 4387 755 4435 uolo
774 4388 864 4437 BML
932 4386 966 4435 23
981 4389 1078 4452 pytisao
1097 4391 1121 4438 J,
1190 4391 1224 4438 24
1243 4406 1335 4455 sugero
1350 4390 1443 4454 sugillo
1461 4405 1528 4438 corr.
1547 4406 1612 4456 sug·

323 4470 384 4521 gero
403 4455 516 4522 suggillo
533 4455 566 4504 M
649 4457 683 4506 26
703 4458 803 4521 cepisse
821 4458 928 4521 capissis
942 4459 965 4506 L
1054 4457 1087 4506 28
1105 4458 1172 4521 quod
1191 4458 1270 4522 (quae
1285 4459 1329 4524 M)
1349 4460 1381 4508 ad
1404 4461 1509 4508 sormam
1528 4461 1613 4524 ipsam

323 4527 440 4590 loquendi
459 4527 584 4591 pertinent
603 4525 789 4589 frequentatum
804 4528 940 4577 creduntur
958 4528 1002 4577 sed
1019 4542 1068 4575 usu
1080 4543 1124 4592 pro
1140 4529 1230 4578 BML
1298 4529 1332 4580 30
1347 4545 1404 4577 unm
1423 4530 1471 4578 hoc
1489 4531 1573 4591 magis
1586 4531 1614 4579 B

390 4597 421 4648 31
440 4597 488 4645 dici
508 4597 589 4662 potuit
611 4597 705 4662 (possit
723 4598 759 4659 L)
778 4614 852 4661 quam
872 4598 1058 4660 frequentatiuo
1078 4597 1137 4647 ML
1207 4600 1271 4647 scire
1289 4606 1372 4647 autem
1393 4600 1514 4648 debemus
1533 4601 1611 4649 etiam

322 4664 374 4714 lieri
396 4683 411 4717 o
433 4667 577 4716 nominibus
596 4667 653 4717 BL
677 4668 742 4717 scire
764 4669 839 4718 etiam
863 4669 1017 4718 dehemnsn
1042 4667 1185 4717 nominihus
1206 4669 1259 4716 sieri
1279 4669 1310 4717 M
1394 4670 1428 4718 32
1456 4679 1482 4718 ut
1500 4671 1614 4734 patrizat

324 4737 435 4799 greciam
459 4738 570 4787 sicliscut
588 4752 603 4785 e
623 4740 770 4803 propriant
793 4739 935 4789 lentuliseat
954 4736 984 4785 M
1071 4736 1105 4785 33
1130 4738 1154 4785 in
1174 4739 1325 4787 inchoatiuis
1342 4737 1497 4791 Sicleurdus:
1514 4740 1539 4787 in
1560 4755 1610 4790 om.

284 4827 288 4836 ¹
323 4805 413 4855 BML
483 4806 516 4857 35
537 4809 700 4856 inueniuntur
718 4816 741 4855 et
756 4810 811 4858 sine
830 4808 861 4856 M
879 4809 1042 4857 inueniuntur
1062 4814 1143 4856 tamen
1160 4810 1215 4856 sine
1231 4807 1370 4858 Siclmrdus
