3346 5498
293 365 355 430 ‘286
856 365 1008 428 rourart

291 512 295 519 .
327 476 440 516 ›aas-ro
454 473 476 513 ι.

292 489 411 616 irlterim
432 553 503 614 illud
528 556 689 633 quaeritur,
714 554 976 631 quotienscumque
998 551 1092 632 perh
1119 551 1243 612 iacimus
1272 549 1503 621 barbarismum,
1531 553 1585 611 cui

292 659 336 717 rei
359 655 476 716 clabitur
497 655 545 716 bic
568 655 783 724 barbarismus,
806 657 919 734 scriptu
942 663 991 715 aut
1012 655 1218 733 pronuntiatu,
1243 654 1286 713 sic
1309 671 1368 731 quo
1397 652 1484 713 modo
1508 651 1585 712 illud

292 758 426 836 legimus,
450 757 469 817 b
492 756 618 818 litteram
643 776 708 817 esse
731 769 780 817 aut
801 756 1030 837 aspirationem.
1077 758 1101 816 si
1124 756 1220 816 littera
1242 762 1293 825 est,
1317 757 1429 834 scriptu
1446 753 1585 824 dabitur;

292 862 316 920 si
338 861 477 939 aspiratio
500 868 560 936 est,
582 861 784 939 pronuntiatu.
824 857 895 938 [qua
931 859 1046 918 ratione
1069 860 1207 937 quoniam
1230 856 1268 917 de
1289 845 1474 918 barbarismo
1497 856 1585 927 dixit,

291 962 398 1022 adiecit
419 961 573 1042 litteram]
1595 974 1609 1013 ⁵

191 1075 280 1137 tino
377 1065 452 1124 Sunt
474 1063 570 1142 aliqua
593 1065 672 1134 vitia,
696 1081 770 1143 quae
794 1065 885 1124 vitare
907 1061 1060 1122 debemus.
1103 1064 1174 1122 istas
1201 1063 1330 1141 quinque
1353 1080 1402 1121 res
1424 1059 1517 1120 debes
1543 1061 1587 1120 ri·

292 1172 370 1236 tare,
409 1167 579 1226 iotacismos
607 1163 803 1226 labdacismos
831 1165 1038 1244 myotacismos
1072 1162 1251 1225 conlisioues
1278 1163 1383 1224 lriatus.
1434 1162 1586 1222 iotacismi

291 1275 368 1336 suut,
392 1270 441 1347 qui
465 1270 537 1328 liunt
559 1286 612 1346 per
634 1269 643 1327 i
665 1267 810 1337 litteram,
833 1267 910 1345 siqui
932 1266 972 1325 ita
996 1263 1086 1336 dirat,
1115 1265 1208 1325 Titius
1229 1283 1284 1344 pro
1306 1285 1340 1326 eo
1363 1262 1441 1344 quod
1465 1270 1511 1324 est
1534 1263 1587 1324 Ti·

290 1372 359 1439 tius,
382 1371 521 1430 Aventius
542 1388 598 1448 pro
621 1388 656 1428 eo
679 1368 757 1449 quod
780 1375 825 1429 est
838 1370 984 1437 Aventius,
1008 1369 1161 1428 Amantius
1182 1386 1237 1447 pro
1260 1385 1296 1427 eo
1318 1365 1396 1446 quod
1413 1373 1458 1425 est
1472 1368 1585 1426 Aman-

292 1473 359 1531 tius
410 1488 467 1548 quo
498 1470 586 1532 modo
615 1488 686 1548 orgo
714 1470 771 1531 boc
799 1470 832 1529 lit
865 1471 987 1530 vitium?
1031 1471 1204 1531 deliniamus
1235 1468 1324 1537 illud,
1359 1476 1388 1528 et
1416 1465 1586 1551 videbimus
1600 1485 1627 1523 ao

291 1581 408 1651 postea,
433 1592 491 1653 quo
514 1571 602 1633 modo
624 1591 728 1632 cavere
751 1570 904 1632 debemus.
949 1573 981 1632 lit
1009 1573 1066 1633 boc
1093 1574 1209 1641 titium,
1238 1571 1374 1650 quotiens
1400 1577 1470 1649 post
1491 1569 1514 1628 ti
1537 1567 1617 1647 sel,

292 1674 320 1734 di
348 1673 489 1753 syllabam
518 1676 651 1754 seqnitur
679 1673 800 1742 roc-alis,
835 1676 859 1733 si
887 1692 946 1734 uon
974 1674 1078 1734 sibilus
1106 1677 1153 1734 sit.
1205 1674 1470 1753 quotienscumque
1500 1672 1585 1731 eninr

291 1784 359 1855 post
381 1777 401 1835 ti
424 1775 468 1835 rel
491 1777 520 1836 di
542 1776 683 1856 syllabam
707 1777 840 1854 sequitur
864 1775 984 1845 vocalis,
1007 1775 1079 1836 illud
1102 1778 1124 1836 ti
1147 1773 1192 1834 vel
1215 1774 1244 1835 di
1266 1775 1297 1834 in
1320 1772 1438 1834 sibilum
1463 1780 1584 1832 verten-

292 1877 359 1937 durn
384 1886 436 1938 est.
480 1897 539 1941 nou
563 1878 705 1938 debemus
728 1878 826 1939 elicere
847 1879 894 1945 ita,
919 1897 1005 1958 quem
1030 1877 1066 1938 ad
1090 1877 1209 1938 modurn
1231 1876 1371 1938 scribitur
1393 1875 1499 1944 Titius,
1528 1873 1585 1934 sed

290 1979 401 2049 Titius;
432 1979 528 2040 media
551 1979 598 2039 illa
623 1978 732 2059 syllaba
756 1987 884 2040 niutatur
906 1981 936 2039 in
959 1978 1088 2042 sibilum.
1134 1999 1205 2059 ergo
1232 1981 1256 2039 si
1286 1978 1412 2040 volneris
1433 1978 1538 2038 dicere
1561 1978 1626 2037 tiis

290 2079 336 2141 vel
359 2081 402 2151 di,
432 2081 507 2151 rioli,
537 2099 623 2160 quern
647 2081 682 2141 ad
707 2081 828 2142 modurn
849 2079 1002 2150 scribitur,
1032 2083 1075 2140 sic
1101 2083 1251 2161 prolerre,
1280 2081 1332 2141 sed
1356 2080 1443 2141 sibilo
1466 2079 1586 2159 proier.

290 2181 357 2262 [sed
378 2185 418 2244 ita
440 2185 607 2263 exprimere
630 2182 729 2252 debes,
753 2182 902 2243 vitandum
925 2192 969 2243 est
992 2192 1023 2243 ut
1045 2182 1154 2261 syllaba
1176 2182 1228 2242 illa
1250 2192 1381 2244 vertatur
1396 2185 1427 2242 in
1442 2178 1583 2261 sibilum]

290 2284 342 2345 sed
370 2284 440 2345 illud
469 2288 545 2346 scire
573 2283 677 2352 debes,
707 2286 773 2363 quia
801 2294 872 2345 tuuc
899 2284 955 2345 hoc
983 2286 1081 2346 lacere
1109 2284 1214 2354 debes,
1242 2286 1268 2344 si
1296 2285 1393 2346 media
1421 2283 1426 2366 Ι
1456 2284 1505 2344 sit.
1557 2285 1585 2344 si

290 2395 389 2448 autern
411 2389 505 2466 prima
534 2388 624 2447 luerit
650 2386 694 2465 [io
722 2388 817 2464 prima
836 2394 929 2465 parte
952 2386 1122 2468 orationis],
1154 2389 1269 2449 etiamsi
1292 2392 1433 2467 sequatur
1456 2383 1583 2454 vocalis,

290 2507 349 2548 nou
372 2487 451 2548 illam
475 2491 561 2549 vertit
583 2491 612 2549 in
635 2486 764 2548 sibilum.
810 2507 880 2549 cece
905 2488 969 2549 dics
991 2487 1081 2549 habet
1107 2497 1174 2568 post
1195 2508 1228 2549 se
1255 2488 1403 2558 vocalem3
1434 2485 1624 2548 debemusio

290 2590 390 2652 dicere
412 2590 484 2660 dies,
508 2590 558 2650 sed
583 2609 641 2650 nou
665 2589 800 2649 dicimus.
829 2589 904 2650 adde
925 2589 968 2649 illi
991 2599 1103 2670 partem
1126 2593 1266 2670 priorem,
1290 2600 1322 2651 ut
1343 2592 1429 2650 istam
1450 2588 1584 2649 mediam

289 2693 393 2756 iacias.
423 2699 452 2752 et
480 2692 553 2752 dicis
575 2691 727 2752 meridies:
759 2709 816 2751 non
845 2710 1004 2770 possumus
1032 2692 1131 2752 dicere
1160 2691 1312 2767 meridies,
1341 2700 1374 2753 ut
1401 2693 1478 2753 scias
1506 2710 1585 2772 quo·

290 2796 369 2854 niam
393 2803 463 2855 tunc
486 2795 631 2871 contingit
652 2792 708 2853 boc
730 2792 799 2851 buic
820 2790 962 2872 syllabae,
992 2795 1127 2870 quotiens
1150 2795 1245 2855 inedia
1272 2801 1331 2864 est,
1360 2811 1419 2855 uon
1442 2794 1586 2873 quotiens

290 2897 373 2975 prior
395 2904 448 2956 est.
485 2894 537 2955 sed
560 2894 617 2954 boc
639 2912 759 2955 serrare
782 2893 931 2964 debemus,
956 2897 1043 2954 etiam
1065 2896 1183 2975 quaudo
1205 2895 1388 2976 praecedunt
1409 2894 1486 2955 duae
1508 2913 1584 2956 cou-

289 3004 438 3068 sonauteS,
463 2999 578 3058 castius.
624 2994 697 3055 nibil
728 2998 836 3057 castius
859 2998 884 3057 si
913 2997 1059 3066 dicamne,
1089 3000 1253 3078 quaesitum
1280 3007 1332 3058 est.
1377 3005 1407 3057 et
1428 2996 1485 3056 boc
1508 3014 1624 3058 eccees

291 3099 386 3160 media
409 3098 518 3181 syllaba
543 3108 594 3167 est,
620 3106 649 3158 et
672 3097 763 3158 nihilo
787 3100 886 3158 miuus
907 3100 937 3159 iu
960 3097 1078 3159 sibilum
1102 3118 1161 3160 uon
1183 3102 1279 3168 vertit,
1304 3117 1479 3180 quamquam
1502 3097 1582 3159 disi·

290 3220 356 3262 mus
378 3201 491 3262 medias
513 3199 623 3260 debere
646 3218 699 3260 nos
721 3202 750 3259 iu
775 3200 893 3260 sibilum
915 3207 1041 3261 vertere.
1085 3201 1137 3262 sed
1165 3203 1272 3263 castius
1295 3220 1383 3262 nemo
1405 3200 1492 3269 dicit,
1524 3219 1584 3261 uec

290 3312 396 3383 potest.
440 3305 497 3363 iarn
522 3311 551 3362 et
572 3301 686 3362 reddita
715 3310 760 3362 est
786 3306 877 3372 ratio,
907 3320 999 3380 quare
1027 3321 1086 3364 nou
1114 3306 1207 3383 possit
1228 3301 1299 3364 illud
1322 3304 1389 3364 dici.
1434 3310 1585 3382 quaeest

289 3406 383 3466 ratio?
413 3404 463 3465 ubi
486 3424 500 3464 s
522 3403 619 3465 littera
642 3412 694 3473 est,
717 3403 760 3463 ibi
782 3421 841 3464 nou
864 3423 1020 3484 possumus
1043 3404 1161 3466 sibilum
1183 3407 1215 3465 iu
1236 3407 1299 3484 ipsa
1321 3408 1333 3465 i
1355 3404 1451 3465 littera
1469 3403 1583 3475 iacere,

290 3509 429 3587 quoniam
457 3509 520 3586 ipsa
548 3505 659 3584 syllaba
688 3526 704 3566 a
732 3505 838 3567 litteris
865 3509 979 3586 accepit
1000 3506 1128 3567 sibilum.
1175 3525 1246 3584 ergo
1269 3508 1408 3587 quoniam
1430 3508 1490 3566 iam
1513 3507 1624 3586 ipsaao

290 3607 400 3686 syllaba
422 3628 438 3667 a
462 3607 567 3668 litteris
589 3609 703 3687 accepit
725 3606 857 3677 sibilum,
887 3627 946 3669 uou
970 3606 1059 3669 debet
1081 3621 1110 3669 et
1131 3627 1147 3668 a
1170 3610 1409 3687 pronuntiatione
1431 3608 1583 3686 accipere,

289 3708 319 3769 id
348 3718 392 3770 est
421 3709 530 3790 syllaba
558 3728 616 3768 non
647 3715 742 3788 potest
769 3712 937 3772 consentire
966 3709 1002 3769 ad
1030 3709 1164 3779 sibilum,
1193 3712 1219 3770 si
1248 3711 1406 3791 praecedat
1433 3709 1584 3780 stittera,

291 3813 428 3891 quoniam
451 3813 509 3871 iam
532 3830 545 3870 s
567 3813 630 3889 ipsa
653 3810 770 3871 sibilum
793 3809 890 3871 babet.
918 3814 921 3892 l

171 3931 230 3991 445,
247 3933 276 3978 ιε
374 3911 583 3972 Labdacisurus
606 3920 649 3971 est
672 3911 735 3982 ille,
764 3914 814 3991 qui
836 3922 886 3973 aut
908 3932 1076 3992 perunum
1105 3913 1114 3972 l
1142 3915 1175 3978 lit
1202 3924 1253 3976 aut
1275 3934 1328 3995 per
1350 3914 1422 3984 duo;
1450 3913 1504 3975 sed
1527 3933 1586 3995 per

358 4149 435 4215 aste]
452 4152 473 4199 si
490 4150 566 4201 Bes
572 4151 604 4202 P.
619 4150 734 4212 sortasse
749 4150 845 4200 seilicet
860 4154 979 4214 quoniam
994 4152 1056 4202 illud
1127 4156 1141 4202 7
1158 4154 1335 4203 nieotacismos
1351 4154 1405 4205 Bo
1473 4153 1491 4204 8
1510 4155 1585 4216 quod

290 4230 328 4271 est
347 4223 415 4270 titius
433 4220 454 4269 S
471 4221 537 4283 quod
552 4230 590 4269 est
609 4222 682 4269 citius
702 4222 722 4270 G
739 4222 806 4283 qnod
826 4224 902 4284 tytins
920 4223 963 4272 B:
981 4223 1061 4271 Titius
1079 4237 1125 4288 pro
1141 4239 1170 4272 eo
1192 4222 1259 4285 quod
1278 4233 1317 4272 est
1334 4224 1430 4274 Titsius
1446 4226 1482 4274 ‘et
1499 4227 1538 4275 aio
1556 4228 1588 4276 in

290 4292 404 4356 r·eliquis'
423 4294 527 4342 coniecit
541 4291 735 4342 Lindemannns.
755 4293 802 4340 sed
816 4295 992 4354 praenuntians
1007 4295 1109 4356 sidilum,
1123 4295 1166 4358 qui
1179 4295 1209 4354 fit
1224 4297 1433 4355 pronuntiatione,
1446 4294 1587 4346 scribendo

290 4378 337 4411 nen
357 4362 456 4410 uidetur
474 4363 643 4425 eapreseiase.
664 4378 722 4413 rein.
742 4362 839 4425 dequo
856 4365 948 4425 onitin,
968 4366 1084 4413 trortum't
1103 4365 1136 4413 E.
1148 4363 1299 4412 lluebnerus
1315 4367 1400 4414 annot.
1413 4365 1501 4427 putot.
1522 4381 1583 4419 noo.

290 4449 314 4484 o.
336 4430 452 4480 cxxvu
468 4432 506 4494 (n.
527 4430 606 4493 1858)
623 4446 650 4492 p.
667 4432 716 4482 341
734 4449 789 4495 sqq.
842 4432 859 4481 ii
878 4430 1020 4497 Aniautius]
1042 4443 1159 4482 amantus
1174 4435 1263 4494 priore
1278 4433 1369 4484 torol)
1438 4434 1469 4484 ll
1489 4448 1587 4485 cauere

289 4499 481 4551 ScarereBb'
549 4502 665 4564 quotiens
683 4501 821 4550 —sibilus
845 4503 878 4550 sit
897 4517 943 4551 orn.
961 4502 992 4551 S:
1019 4506 1242 4565 quotienscumque
1261 4503 1286 4552 B
1309 4503 1478 4566 quomodoC
1549 4505 1587 4557 la

290 4572 374 4621 media
389 4571 486 4635 syllaba
505 4572 654 4621 mittaturG
739 4573 772 4621 ’23
792 4583 850 4619 tuuc
869 4573 993 4636 contingit
1014 4572 1037 4619 1¹
1056 4589 1121 4621 nuuc
1140 4574 1264 4637 contingit
1280 4573 1331 4623 BS
1351 4588 1399 4622 non
1418 4574 1546 4639 contingit
1565 4576 1589 4626 0

359 4639 751 4705 26quamquamlquinBCS
800 4642 1040 4690 27ronuertereC
1091 4643 1125 4692 28
1144 4639 1218 4708 quae]
1240 4659 1317 4705 quare
1335 4642 1412 4694 BOS
1479 4644 1514 4695 'lli
1528 4658 1586 4694 nou

290 4725 394 4776 possum
412 4712 436 4759 iu
457 4712 540 4775 ipsai
564 4710 671 4759 litteram
692 4711 793 4760 sibilum
816 4710 938 4761 lareroC
1007 4711 1041 4761 30
1061 4714 1177 4776 quoniam
1199 4714 1254 4776 ipsa
1273 4714 1312 4762 Cb
1336 4714 1456 4774 quoniam
1478 4715 1505 4761 iu
1523 4714 1587 4780 ipsa

290 4780 359 4830 BSo
429 4779 460 4830 31
482 4779 800 4845 etiuprouuntiatioueC
868 4781 901 4831 32
919 4780 946 4828 id
964 4791 1002 4830 est
1021 4783 1111 4831 sibilus
1131 4797 1180 4833 uon
1198 4781 1386 4846 potestSidd
1405 4782 1509 4832 sibilum
1529 4799 1586 4836 nou

291 4861 372 4915 potest
389 4849 414 4898 B
432 4865 500 4905 corr.
521 4851 552 4899 ob
571 4850 634 4899 liano
651 4865 754 4899 causam
772 4864 821 4900 nou
840 4861 924 4916 potest
944 4850 964 4900 C
