3346 5498
466 1325 505 1434 li·
532 1320 724 1419 ttnnutlt
750 1315 1025 1415 rtttttttltt
1056 1314 1139 1411 titt

1139 1663 1159 1706 p.
1175 1652 1231 1693 tutu
1244 1653 1270 1693 ev
1284 1650 1316 1693 eal.
1334 1650 1418 1691 tunm.

238 1738 343 1799 Omnia
367 1737 487 1796 numina
510 1737 641 1814 quinque
666 1732 815 1793 ruralibus
838 1728 966 1791 ablativa
988 1744 1058 1787 rtasn
1080 1725 1293 1793 terminantur,
1317 1743 1333 1784 a
1356 1742 1372 1781 e
1395 1722 1404 1781 ἰ
1427 1742 1445 1781 ιι

155 1843 189 1890 ιι,
213 1824 243 1883 iu
267 1832 312 1883 est
334 1820 476 1902 quicquid
500 1819 695 1880 declinaveris
718 1819 754 1877 ele
778 1818 908 1883 nemine,
931 1811 1092 1873 ablativum
1114 1829 1214 1870 tusum
1237 1812 1267 1871 iu
1292 1810 1344 1871 ltas
1366 1808 1444 1869 litte·

155 1928 203 1968 ras
231 1910 328 1973 (lircil.
357 1917 389 1967 nt
417 1914 487 1985 puta
515 1905 587 1965 haec
615 1904 689 1965 lulia
717 1903 753 1963 ab
783 1897 850 1963 liar¹
868 1900 954 1967 iulia,
984 1897 1032 1958 lrie
1060 1898 1159 1977 paries
1182 1895 1219 1956 ab
1241 1894 1297 1957 ltuu
1320 1895 1444 1976 pariete.

129 1994 203 2052 illie
226 2001 256 2052 et
278 1993 350 2054 haee
373 1991 461 2069 agilis
482 1989 520 2050 alt
542 1991 597 2049 hue
620 1997 652 2049 et
672 1988 709 2049 ab
733 1989 787 2048 lrae
811 1985 896 2063 agili,
926 1984 973 2044 irie
1002 1982 1106 2043 eluetus
1129 1981 1166 2042 ab
1188 1981 1244 2042 Ιιιιι·ι
1267 1981 1368 2046 electu.
1397 1979 1445 2042 ltlr

155 2098 258 2138 versus
280 2078 317 2138 ab
342 2078 396 2137 lree
420 2093 522 2147 versu3
546 2082 667 2155 praeter
682 2093 774 2154 pruvera
790 2079 905 2151 aptata,
927 2087 1004 2150 quae
1023 2087 1075 2128 neu
1098 2066 1221 2128 turbare
1244 2086 1303 2128 ιιιιιι
1325 2065 1445 2129 elelreut.

155 2167 224 2243 quia
247 2182 340 2242 panea
363 2171 442 2221 suut.
473 2167 597 2239 utputa
620 2177 746 2239 trequam
769 2157 872 2220 lteruu.
900 2154 1015 2217 ablron
1039 2171 1164 2234 nequam
1187 2152 1323 2221 ltoutiue.
1353 2170 1447 2231 trugas

155 2248 192 2306 ab
216 2249 270 2308 bur
299 2265 393 2324 nugas
421 2246 564 2306 dicimus:
592 2245 641 2305 hie
670 2244 787 2304 videtur
815 2241 961 2304 ablativus
987 2241 1155 2320 suscepisse
1183 2238 1446 2305 reeulserant

157 2337 281 2411 aruntis,
305 2351 363 2392 ιιοιι
386 2331 529 2409 legitimis
551 2340 580 2391 et
604 2328 792 2407 regularibus
814 2325 1000 2395 numinibus,
1023 2344 1099 2407 quae
1122 2333 1204 2386 rrrtu
1226 2325 1331 2387 orrliue
1355 2324 1446 2386 elerii·

120 2427 275 2477 1⁰uantur.
320 2436 391 2495 erga
414 2417 559 2477 ablativus
581 2433 666 2476 casus
688 2414 849 2493 singularis
872 2413 920 2474 tlat
948 2411 1035 2474 nubis
1058 2411 1189 2490 regulam
1214 2412 1250 2473 art
1273 2411 1446 2473 tlerllnatln·

156 2523 224 2563 nem
247 2503 369 2582 pluralis
393 2504 525 2569 numeri,
550 2500 578 2560 iel
603 2510 648 2561 est
670 2501 706 2562 ael
729 2501 898 2577 gernetivnm
914 2499 1045 2561 tlatlvum
1067 2507 1096 2559 et
1112 2496 1272 2560 alrlutivmn
1293 2496 1448 2580 pluralem.

157 2608 214 2667 quo
241 2589 327 2648 tunde
355 2596 436 2647 reete
464 2589 665 2647 inveniantur.
712 2586 788 2647 irride
817 2588 843 2645 si
871 2584 1015 2647 ablativus
1038 2583 1176 2644 ltabuerit
1199 2604 1214 2644 ιι
1238 2592 1269 2644 et
1290 2606 1322 2649 n,
1347 2601 1449 2664 penem

158 2673 289 2750 regulam
312 2673 397 2743 dant,
421 2672 450 2733 iri
474 2681 519 2733 est
548 2680 579 2734 ut
607 2675 775 2751 genetivum
799 2670 941 2753 pluralem
966 2672 995 2731 ln
1019 2687 1085 2730 rum
1108 2671 1241 2735 mittant.
1266 2668 1397 2730 vlatlvum
1420 2675 1449 2727 et

158 2758 317 2818 ablativum
341 2758 487 2838 pluralem
509 2760 539 2818 in
563 2760 604 2827 is,
628 2765 660 2818 ut
682 2757 719 2819 ab
734 2758 790 2818 hue
806 2757 892 2818 electu
907 2756 1014 2817 lterum
1037 2753 1206 2820 electurum.
1230 2752 1267 2816 ab
1288 2753 1341 2814 leur
1364 2752 1449 2813 tlurtu

122 2844 262 2903 ¹5irarum
285 2845 453 2913 tlortarum,
477 2845 521 2904 sic
544 2843 704 2905 ablativum
728 2846 758 2904 in
782 2845 822 2912 iS,
846 2841 882 2901 ab
905 2843 953 2902 bis
975 2840 1069 2900 eluetis
1085 2841 1157 2900 vivis
1173 2847 1204 2899 et
1225 2838 1262 2900 alr
1286 2838 1333 2899 tus
1355 2837 1451 2898 elevetis

160 2929 350 2999 rnulieribus;
383 2938 502 3009 praeter
534 2929 607 2989 haee
641 2946 749 3007 paura,
783 2947 858 3007 quae
886 2933 989 2987 eontra
1017 2932 1112 2985 artum
1140 2930 1278 3004 suscepta
1306 2930 1389 2993 sunt,
1419 2931 1450 2983 ut

161 3015 295 3074 mulabus
316 3013 482 3076 libertabus
505 3012 617 3075 tleabns
632 3012 759 3072 natabus
781 3010 898 3072 liliabus
913 3007 1047 3090 etptrulms
1062 3008 1217 3078 asinabus,
1242 3008 1347 3071 retient
1364 3008 1451 3070 nrudu

160 3099 302 3161 ambabus
324 3107 354 3160 et
376 3098 501 3159 duabus.
546 3097 675 3158 dixirnns
704 3097 739 3156 rie
767 3094 883 3156 eluabus
911 3093 1076 3163 vocalibus,
1105 3095 1135 3156 iu
1161 3103 1206 3156 est
1229 3114 1245 3155 a
1268 3102 1298 3156 et
1319 3115 1352 3163 ο,
1375 3113 1450 3176 quae

161 3204 262 3264 parem
284 3184 417 3262 regulam
439 3183 561 3243 habent.
591 3190 704 3241 restant
727 3191 788 3240 tres
811 3180 941 3249 vocales,
965 3183 974 3240 i
998 3199 1014 3239 e
1037 3200 1071 3251 ιι,
1094 3198 1169 3261 quar
1193 3179 1330 3242 sinnliter
1352 3180 1451 3262 tlispa·

123 3281 148 3316 ιι)
163 3289 224 3328 rem
248 3271 379 3346 regulam
401 3267 521 3328 habent.
552 3268 667 3326 namsi
693 3264 839 3326 ablativus
861 3267 870 3325 i
894 3264 1047 3334 habuerit,
1071 3267 1101 3326 in
1125 3268 1203 3332 ium:
1227 3269 1252 3327 si
1275 3287 1291 3327 e
1314 3278 1451 3347 correpta

162 3357 267 3423 luerit,
297 3357 327 3413 in
358 3372 423 3423 um;
452 3355 476 3411 si
500 3351 658 3431 producta,
688 3352 718 3411 in
747 3369 828 3420 ιιιιιι;
857 3353 882 3410 si
906 3358 940 3419 n,
970 3353 1000 3412 in
1023 3370 1093 3413 uum
1116 3353 1285 3430 genetivum
1308 3353 1451 3434 pluralem

162 3442 297 3507 mittunt,
327 3438 456 3496 dativum
484 3445 514 3495 et
541 3434 700 3496 ablativum
729 3437 759 3495 in
790 3435 859 3505 bue,
885 3444 917 3497 ut
939 3444 1009 3516 puta
1031 3436 1069 3497 ab
1091 3437 1147 3499 hue
1170 3439 1239 3498 larii
1262 3437 1368 3499 herum
1392 3440 1452 3500 lar·

162 3526 236 3580 tium
264 3523 310 3581 his
338 3531 368 3580 et
395 3520 432 3580 ab
461 3520 507 3581 lus
535 3519 677 3590 torribus,
707 3520 744 3581 alr
773 3520 828 3582 lroe
850 3521 969 3582 hunnine
991 3522 1096 3585 lrermu
1119 3524 1271 3585 lierninum
1292 3524 1341 3586 his
1362 3534 1393 3585 et
1414 3525 1452 3587 ab

164 3604 416 3673 testamentus,
441 3605 478 3664 ab
501 3606 556 3665 lroe
580 3624 666 3666 versu
689 3606 795 3667 lterum
818 3626 956 3669 versuum
985 3608 1083 3670 biset
1106 3609 1143 3671 ab
1166 3609 1213 3669 iris
1236 3609 1386 3681 versibus,
1414 3611 1452 3671 ab

126 3701 151 3737 251
164 3690 218 3748 lrae
242 3709 273 3749 re
297 3690 410 3767 hairum
432 3708 533 3751 rermn
555 3691 603 3751 his
624 3700 655 3752 et
677 3691 713 3753 ab
736 3693 783 3753 his
804 3692 906 3754 rebus.

249 3774 307 3834 Sed
330 3783 363 3834 nt
385 3775 505 3854 calligas
528 3776 697 3847 ablativum,
720 3777 838 3857 quande
860 3787 946 3841 exeat
967 3781 998 3840 in
1021 3780 1075 3841 bas
1096 3765 1222 3850 litteras,
1245 3782 1379 3860 regulam
1401 3802 1452 3862 ge·

165 3861 255 3919 netivi
284 3860 442 3936 singularis
471 3862 599 3922 attende.
644 3865 668 3922 si
697 3866 777 3925 euim
805 3866 836 3925 in
858 3884 893 3925 ae
916 3867 1025 3927 exierit
1045 3869 1215 3944 genetivus,
1239 3867 1399 3930 ablativum
1421 3871 1452 3930 in

258 3996 288 4089 V·
301 3980 395 4090 ¹cocleae
425 4034 581 4092 Vaticanus
604 4035 682 4094 1491

265 4137 282 4185 ς
303 4120 386 4174 editio
407 4121 588 4176 Ascenaiana
609 4139 638 4176 a.
664 4121 744 4179 1516

238 4321 248 4370 l
270 4336 295 4376 u.
314 4333 442 4370 aurumve
460 4334 591 4374 eumenen
612 4324 638 4370 V
654 4337 680 4380 u.
699 4337 807 4376 ananau
823 4341 981 4380 remanetur
999 4343 1125 4382 rrernrun
1145 4345 1192 4380 aas
1210 4342 1390 4381 ιιιιιιιιιιτιιιιι
1410 4339 1452 4372 rv-

167 4405 246 4438 rvnes
266 4405 283 4444 ς
301 4389 443 4438 Palemenis
458 4391 617 4455 grammatici
635 4395 801 4444 uetustissimi
819 4396 851 4445 de
866 4398 980 4464 partibus
994 4401 1117 4450 orationis
1133 4400 1199 4452 liber
1213 4402 1297 4451 eodex
1314 4398 1454 4447 Vaticm

170 4461 235 4510 1492
304 4456 375 4522 ard]
392 4459 459 4507 idem
482 4458 511 4507 V
575 4460 713 4512 lideberet
734 4465 759 4513 V
827 4466 964 4516 iberniae
980 4483 1025 4518 ore.
1048 4471 1075 4519 V
1141 4471 1276 4521 studetur
1292 4467 1377 4515 codex
1397 4463 1451 4509 Γπ·

167 4531 265 4578 riennes
284 4527 351 4578 1492
375 4537 458 4577 uester
475 4531 503 4579 V
515 4530 604 4588 integ
674 4533 705 4584 ll
727 4535 759 4582 au
782 4538 928 4599 geratinum
950 4537 1044 4588 dietum
1062 4550 1089 4589 et
1104 4541 1243 4590 ablatinnrn
1262 4548 1348 4582 msam
1373 4532 1400 4577 V
1419 4527 1452 4575 ad

168 4600 308 4657 genitiuum
328 4597 440 4646 datiuum
460 4599 580 4662 pluralem
598 4617 685 4653 casum
705 4617 723 4657 ς
812 4604 845 4655 12
863 4605 952 4655 babuit
971 4609 999 4656 V
1082 4608 1323 4660 lastaaataunum
1342 4598 1452 4646 tuisne

169 4665 207 4717 lis
223 4682 239 4722 ς
255 4669 292 4716 sie
310 4666 361 4720 dat.
381 4667 406 4714 iu
424 4668 446 4715 is
462 4669 493 4717 ab
511 4668 552 4718 bie
573 4672 600 4720 V
651 4674 683 4724 l'l
702 4673 791 4722 eedem
808 4675 884 4725 mado
901 4676 985 4728 codex
1001 4677 1150 4745 liepinerrir
1168 4678 1233 4728 tutet
1251 4671 1390 4729 eodemque
1410 4667 1452 4718 Vs

239 4738 271 4787 18
286 4738 345 4799 quin
362 4751 451 4801 parem
468 4740 494 4787 V
498 4751 515 4792 ς
564 4740 600 4790 20
616 4743 638 4790 ei
655 4743 783 4793 abietinas
799 4744 825 4793 in
842 4746 849 4793 i
867 4747 908 4796 uel
927 4762 943 4795 u
962 4747 1078 4799 babuerit
1095 4752 1117 4798 ei
1135 4766 1149 4797 e
1167 4751 1284 4807 correpta
1301 4739 1325 4786 V
1343 4740 1364 4783 si
1383 4734 1452 4782 abla-

171 4807 236 4855 riuus
253 4809 259 4855 ἱ
279 4806 320 4854 nel
340 4821 353 4854 e
370 4805 410 4855 nel
427 4824 442 4856 u
460 4807 575 4858 babuerit
592 4811 614 4860 ei
635 4810 643 4859 i
662 4813 688 4861 tn
708 4814 759 4861 ium
780 4815 802 4863 ei
819 4827 871 4870 ος
938 4818 970 4869 21
987 4819 1010 4868 ‚t
1028 4819 1152 4888 prodam
1170 4817 1195 4863 ia
1215 4826 1269 4860 vum
1288 4809 1311 4856 si
1329 4807 1338 4853 i
1357 4807 1383 4851 in
1400 4805 1452 4852 ium

169 4877 224 4925 sine
244 4878 269 4926 in
288 4890 330 4925 um
347 4879 491 4941 genetianm
510 4880 537 4928 V
602 4880 636 4930 27
654 4885 676 4933 ei
694 4896 725 4932 re
740 4883 821 4934 exerit
839 4886 867 4937 V
