3346 5498
121 330 186 396 480
335 350 348 421 ;
675 328 858 391 evrreurs

148 454 169 495 p.
184 438 307 483 raa-eor.
1216 429 1388 493 peraeae.

122 523 208 583 cuius
237 521 430 600 participium
458 520 605 599 passivum
635 520 789 597 praeteriti
812 519 957 597 temporis
979 515 1102 578 Ovidius
1124 517 1155 576 in
1177 514 1200 572 V
1221 511 1300 574 libro
1322 513 1417 574 laste·

122 642 188 686 rum
212 617 348 705 resorbi

271 722 475 805 Hippolyte
498 721 651 792 infelix,
676 722 808 784 vellem
830 722 999 783 coluisse
1022 719 1178 786 Dionen,

351 843 431 885 cum
453 826 710 885 consternatis
732 824 968 904 deripereris
990 823 1107 902 equis.

177 928 241 988 'ln
270 947 307 1007 po
334 926 425 988 rerba
452 928 603 1006 primitiva
631 926 675 987 vel
702 926 866 989 derivativa
893 927 1008 1005 primae
1031 930 1100 984 sunt
1121 923 1354 1001 coniugationis,
1380 928 1415 982 ut
1424 939 1449 983 s

123 1049 214 1110 crepo
237 1048 357 1109 crepas,
380 1028 519 1107 discrepo
542 1028 654 1107 dissipo
677 1028 764 1109 culpo
786 1046 898 1107 usurpo
927 1035 1013 1106 turpo
1035 1043 1174 1104 nuncupo
1196 1041 1309 1102 occupo
1331 1041 1421 1085 man·

125 1135 208 1213 eipo,
232 1131 372 1192 Horatius
395 1147 564 1191 sermonum
587 1129 665 1190 lihro
686 1129 713 1191 11

276 1231 470 1313 quaedam,
494 1234 524 1292 si
548 1232 675 1292 credis
697 1231 895 1300 consultiS,
918 1232 1234 1310 mancipatusus:

124 1337 274 1418 participo
296 1334 465 1414 participas,
489 1334 635 1412 anticipo,
660 1333 783 1395 Ovidius
805 1333 1084 1413 metamorphoseon
1106 1330 1184 1393 libro
1206 1329 1247 1391 111

277 1434 425 1496 tardius
447 1435 636 1504 exierant,
660 1435 721 1496 sed
745 1453 810 1515 per
832 1433 1049 1515 compendia
1071 1433 1208 1494 montis
1436 1447 1464 1489 ao

278 1539 487 1616 anticipata
510 1539 566 1597 via
590 1543 660 1597 est:

126 1641 213 1722 palpo
242 1639 358 1719 palpas,
387 1638 465 1718 quod
492 1639 524 1698 in
551 1638 655 1717 eadem
683 1657 754 1699 voce
782 1647 842 1699 tam
869 1656 976 1698 nomen
1002 1655 1091 1718 quam
1113 1636 1237 1698 verbum
1258 1636 1421 1714 siguificat.

127 1744 233 1802 tertiae
256 1759 349 1819 pauca
377 1741 527 1820 primitiva
555 1743 763 1819 reperiuntur,
793 1750 823 1801 et
845 1748 913 1800 sunt
935 1741 1026 1810 haec,
1048 1739 1148 1818 scalpo
1170 1739 1290 1818 scalpis,
1314 1738 1422 1818 sculpo

128 1843 254 1922 sculpis,
283 1860 373 1920 carpo
403 1860 475 1922 repo
503 1860 589 1921 serpo
617 1849 718 1922 strupo
746 1861 870 1922 rumpo,
900 1851 930 1903 et
957 1860 1032 1922 quae
1061 1861 1097 1902 er
1120 1841 1167 1901 his
1189 1846 1421 1920 componuntur.

128 1948 160 2005 in
182 1962 237 2023 por
260 1962 377 2023 quoque
406 1944 572 2004 desinentia
600 1946 767 2004 communia
796 1944 840 2005 vel
869 1944 1046 2025 deponentia
1069 1946 1183 2022 primae
1205 1951 1288 2012 sunt,
1313 1950 1345 2002 ut
1369 1961 1422 2004 au·
1437 1957 1464 1998 u

129 2063 221 2126 cupor
245 2046 412 2125 aucuparis.
435 2042 449 2127 {l

214 2147 247 2206 ln
274 2166 333 2226 quo
362 2147 406 2207 vel
434 2149 464 2207 in
493 2166 569 2226 quor
600 2148 750 2227 primitiva
773 2149 908 2227 quidem,
937 2166 1013 2227 quae
1035 2156 1066 2208 et
1088 2166 1181 2228 pauca
1204 2156 1289 2216 sunt,
1311 2148 1423 2207 tertiae

130 2255 219 2317 sunt,
249 2256 281 2307 ut
308 2249 408 2329 linquo
435 2249 561 2327 linquis,
591 2249 726 2328 relinquo
754 2249 915 2328 relinquiS,
943 2249 1083 2329 delinquo
1111 2249 1275 2327 delinquis,
1299 2251 1423 2327 inquam

131 2351 176 2411 vel
199 2351 289 2428 inquo
311 2350 489 2410 defectivum
517 2351 630 2429 inquis,
660 2353 746 2411 cuius
772 2351 918 2430 pluralem
946 2351 1086 2412 Horatius
1114 2369 1285 2412 sermonum
1306 2349 1387 2411 libro
1411 2350 1424 2410 l

133 2454 244 2519 reiert,
268 2452 471 2511 ‘communi
495 2470 604 2513 sensu
627 2453 737 2531 plane
761 2461 885 2522 caret„
906 2455 1129 2532 inquimus’,
1160 2461 1189 2513 et
1211 2454 1466 2531 irnperativumao

133 2554 291 2614 Terentius
312 2553 342 2613 in
359 2552 548 2622 Phormione,
573 2559 667 2614 ‘tum
690 2561 809 2614 autem
832 2554 942 2614 video
964 2563 1107 2634 patrem
1130 2555 1251 2616 lilium
1272 2552 1314 2614 ab
1338 2573 1425 2615 sese

133 2658 310 2717 amittere
333 2656 506 2725 invitum,
530 2656 673 2735 inque',
703 2673 811 2734 sequor
839 2658 988 2735 sequeris,
1017 2657 1122 2737 loquor
1148 2656 1294 2736 loqueris,
1323 2655 1426 2736 liquor

132 2758 255 2839 liqueris
276 2756 430 2836 deponens
450 2759 547 2837 prima
563 2756 674 2836 syllaba
688 2757 842 2838 producta,
866 2763 898 2817 ut
913 2757 1055 2834 Virgilius
1076 2761 1106 2818 in
1129 2758 1141 2817 l
1163 2757 1241 2819 libro
1261 2759 1426 2835 georgicon

288 2877 373 2919 vere
396 2878 487 2918 noro
510 2860 659 2936 gelidus
682 2861 786 2920 carris
809 2878 887 2920 cum
911 2859 1102 2920 montibus
1124 2860 1252 2920 humor

289 2960 451 3039 liquitur
473 2968 509 3020 et
532 2962 693 3041 zephyro
715 2963 840 3039 putris
863 2979 899 3020 se
922 2961 1029 3038 gleba
1053 2962 1225 3031 resolvit,
1438 2978 1467 3020 π

134 3065 269 3144 quamvis
302 3070 439 3122 neutrum
474 3064 535 3122 sire
570 3064 696 3123 activum
727 3064 840 3142 primae
879 3064 1095 3142 coniugationis
1126 3064 1289 3131 invenitur,
1329 3064 1428 3142 prima

137 3175 234 3226 tamen
258 3163 372 3245 syllaba
395 3172 547 3244 correpta,
570 3164 652 3244 liquo
673 3164 785 3244 liquas,
808 3165 908 3244 eliquo
930 3164 1059 3245 eliquas,
1083 3165 1219 3226 Lucanus
1241 3163 1320 3225 libro
1343 3165 1394 3227 Vll

289 3267 459 3326 excussit
481 3268 621 3327 cristas
643 3268 761 3344 galeis
784 3266 1010 3347 capulosque
1033 3267 1171 3327 solutis
1195 3262 1199 3345 l

287 3366 459 3447 pertudit
481 3368 621 3446 gladiis
644 3379 849 3449 ereptaque
872 3369 949 3448 pila
971 3368 1148 3447 liquavit,

137 3471 259 3531 Persius
405 3491 410 3499 ·
1442 3489 1471 3530 so

290 3570 495 3651 Phyllidas,
519 3573 762 3653 Hypsipyles,
787 3580 904 3631 ratum
928 3580 989 3631 aut
1011 3572 1196 3651 plorabile
1219 3572 1361 3652 siquid,

291 3672 452 3751 eliquat,
476 3692 515 3733 ae
539 3683 669 3734 tenero
692 3673 912 3752 supplantat
934 3672 1044 3734 verba
1068 3674 1209 3754 palato,

139 3774 263 3836 Ovidius
284 3775 428 3834 lastorum
450 3774 528 3835 libro
551 3774 606 3835 llll

228 4028 240 4077 l
261 4026 383 4077 laetorum
404 4029 541 4089 (supersrr.
562 4026 637 4078 refert
656 4026 772 4092 hipollite
790 4028 878 4078 inielix
898 4029 984 4079 uellim
1003 4030 1111 4080 coluisse
1131 4031 1244 4092 dionem)
1263 4032 1318 4097 ipae
1336 4033 1430 4082 dienen

140 4097 180 4147 B:
193 4095 365 4158 fast.V309
418 4098 433 4146 :3
453 4097 544 4146 uellem
559 4097 597 4146 Pt
616 4097 723 4160 uelims
738 4099 846 4155 nellesg
898 4100 1138 4163 dionesdidonem
1153 4103 1190 4150 Pt
1242 4101 1431 4167 dderipererie

140 4165 314 4230 Bdepereris
334 4167 358 4215 P
379 4167 497 4232 diriperis
520 4168 698 4231 tderiperes
746 4169 896 4234 timaueipo
921 4183 1016 4236 occupo
1036 4171 1089 4220 BP
1142 4173 1385 4225 isermonumlib,
1408 4173 1431 4220 V

140 4246 165 4288 t.-
185 4237 258 4301 epist.
279 4236 298 4282 ll
317 4236 409 4298 2159
496 4238 512 4287 8
532 4240 690 4303 mancipatus
708 4253 770 4287 usus
791 4239 813 4286 P
832 4240 991 4304 mancipatus
1009 4251 1046 4290 est
1066 4250 1157 4290 usust
1180 4241 1327 4304 erraneipatis
1347 4242 1429 4301 (eom.

142 4305 325 4368 ·tus)uieuss
390 4304 485 4355 Vlihro
505 4304 548 4371 lll]
571 4307 613 4356 lib.
637 4308 656 4355 ll
674 4307 714 4356 Bt
732 4307 794 4356 libro
815 4310 926 4366 seeundo
945 4313 985 4361 P:
1003 4319 1096 4363 anetam.
1114 4311 1146 4359 lll
1165 4311 1215 4360 2³34
1288 4309 1319 4360 19
1338 4311 1417 4373 inquo

143 4377 229 4438 inquio
249 4375 288 4426 P:
304 4374 338 4435 cf.
358 4374 443 4428 Pta'sc.
463 4379 480 4427 l.
502 4375 569 4440 Χρ.
589 4377 649 4433 495.
669 4379 701 4429 lo
784 4394 927 4431 sermonum
948 4380 1012 4429 libro
1033 4377 1052 4446 l]
1076 4382 1101 4441 3,
1118 4380 1153 4431 116
1238 4379 1418 4431 20eommuni

141 4461 198 4496 eum
216 4448 240 4496 P
326 4445 358 4494 ‘21
382 4446 406 4494 in
424 4443 586 4512 Phormione]
607 4446 675 4508 118,
694 4448 728 4498 25
816 4461 912 4514 patrem
931 4448 1009 4497 illium
1029 4450 1073 4512 Pf
1093 4450 1171 4499 lilium
1192 4457 1286 4515 patrem
1305 4459 1315 4498 t
1332 4460 1431 4514 patrem

141 4515 231 4566 om.B
318 4515 352 4563 22
370 4516 486 4565 inuitium
506 4532 573 4566 corr.
594 4518 884 4571 inuidntinuidum
905 4521 932 4581 tl
1016 4521 1051 4569 2⁴2
1069 4517 1161 4586 liquor]
1190 4520 1271 4573 Prisc,
1293 4521 1311 4572 l.
1331 4521 1386 4569 Vlll
1402 4537 1431 4584 p.

142 4585 236 4647 abet
306 4584 340 4637 23
359 4586 381 4634 in
402 4586 410 4634 l
430 4586 612 4653 lihrogeorg.]
633 4588 705 4638 eoa
775 4587 1215 4655 attucanuetio1·0vt1]o.158
1285 4589 1432 4656 28scapu·

143 4656 230 4718 lasque
248 4656 344 4706 solutas
364 4656 388 4704 P
405 4657 574 4720 scapulasque
594 4658 683 4706 solutis
697 4660 715 4719 s
730 4658 886 4722 capillosque
904 4658 1001 4707 solutos
1019 4667 1029 4708 t
1087 4660 1121 4711 29
1138 4659 1239 4724 gladius
1254 4667 1264 4709 t
1316 4671 1431 4726 arrepta-

143 4741 192 4788 que
211 4727 235 4774 P
303 4725 338 4777 30
352 4728 580 4793 perseusP:aat.
598 4727 620 4785 1,
639 4728 672 4777 34
741 4725 773 4778 31
793 4727 904 4793 philides
924 4730 949 4780 P
1015 4729 1049 4778 32
1067 4737 1152 4780 tenera
1171 4729 1336 4800 supplantant
1352 4733 1432 4781 uerba

143 4793 253 4860 palatum
272 4804 282 4845 t
350 4796 383 4848 3³
403 4797 524 4847 laetorum
542 4798 606 4845 libro
625 4795 676 4859 1111]
696 4813 719 4846 o.
741 4796 786 4847 151
