3346 5498
726 289 747 322 l

240 376 300 441 100
805 379 957 441 nodedu

262 500 283 539 p.
298 488 373 525 11-13
386 484 408 525 L.

236 565 353 627 litterae
381 574 448 627 sunt
475 568 619 646 quinque,
648 586 664 627 a
688 584 704 626 e
726 567 736 625 i
759 585 776 626 o
800 585 832 627 u:
867 567 941 627 istae
969 568 1099 647 quinque
1128 566 1242 628 vocales
1269 572 1349 627 sunt
1395 565 1527 646 reliquae

236 670 293 728 iam
323 676 518 729 consonantes
545 674 624 728 sunt.
670 667 721 729 sed
749 670 831 747 ipsae
859 677 1057 730 consonantes
1083 670 1153 729 item
1181 671 1211 729 in
1239 667 1312 729 duas
1334 676 1433 748 partes
1454 667 1527 727 divi·

236 770 359 840 duntur,
384 773 413 831 in
436 769 625 831 semivocales
648 778 678 831 et
700 779 803 831 mutas.
840 770 1030 831 semivocales
1052 758 1271 850 suntseptem,
1300 770 1314 830 l
1326 769 1337 830 1
1352 787 1381 829 m
1396 787 1416 829 n
1430 788 1447 830 r
1461 788 1476 828 s
1490 787 1525 837 1;

235 882 332 932 mutae
353 880 421 933 srmt
441 889 562 941 novem,
584 870 603 932 b
619 890 635 931 c
651 871 668 931 d
684 871 737 951 gh
755 871 808 952 lap
824 880 878 952 qt.
909 872 1061 933 videamus
1083 871 1120 933 de
1141 870 1199 932 illis
1222 871 1370 932 vocabulis
1391 870 1526 950 siugulis.

137 972 224 1028 42¹.ss
323 973 443 1034 l'ocales
475 974 571 1034 dictae
605 984 675 1034 sunt
707 992 741 1034 ea
769 975 900 1043 ratione,
935 977 1073 1053 quoniam
1103 992 1157 1053 per
1183 991 1215 1033 se
1242 991 1345 1033 vocem
1372 971 1552 1052 impleanta

121 1040 178 1098 519,
192 1041 224 1088 29

237 1075 306 1155 quid
330 1083 374 1136 est
396 1095 449 1154 per
471 1076 520 1136 set
555 1083 672 1137 ceterae
694 1075 810 1137 litterae
832 1093 892 1136 uon
915 1074 1000 1136 aliter
1023 1076 1317 1154 exprimunt-sonum
1338 1093 1440 1144 suum,
1469 1075 1526 1134 nisi

235 1179 356 1255 iungant
371 1178 427 1238 sibi
442 1176 585 1238 vocalium
602 1196 701 1238 sonos.
732 1176 848 1257 quando
871 1177 937 1238 dico
960 1176 993 1246 b,
1016 1195 1076 1237 non
1099 1174 1184 1237 aliter
1206 1195 1312 1238 sonum
1334 1175 1416 1236 illum
1439 1194 1526 1237 suum

224 1279 400 1340 naturalem
424 1281 577 1358 exprimit,
607 1280 664 1340 uisi
692 1281 822 1340 iunctam
845 1278 982 1341 babuerit
1004 1278 1144 1340 vocalem.
1190 1297 1206 1338 c
1229 1297 1288 1338 non
1311 1278 1397 1339 aliter
1418 1295 1525 1339 sonum

232 1379 317 1441 illum
341 1380 505 1441 naturalem
529 1383 683 1461 exprimit,
707 1382 765 1441 nisi
786 1383 917 1442 iunctam
939 1380 1045 1441 habeat
1067 1379 1207 1440 vocalem.
1239 1378 1373 1440 similiter
1389 1386 1418 1439 et
1439 1379 1453 1439 l
1465 1396 1525 1440 uon

234 1481 319 1543 aliter
342 1482 459 1543 dicitur.
498 1484 641 1543 stridores
664 1490 693 1544 et
715 1481 829 1542 dimidii
850 1485 930 1551 soni,
954 1484 1011 1542 nisi
1033 1480 1192 1562 praecedat
1213 1478 1271 1542 illis
1293 1479 1401 1541 vocalis
1422 1497 1562 1551 sonus,10

233 1602 292 1643 non
314 1581 447 1662 posjsunt
468 1585 554 1646 aliter
576 1586 712 1663 exprimi.
757 1602 829 1662 ergo
853 1584 933 1645 vides
956 1585 1094 1663 quoniam
1123 1581 1197 1644 aliae
1219 1601 1273 1662 per
1295 1600 1327 1643 se
1350 1601 1408 1643 non
1432 1581 1526 1662 expli·

233 1692 301 1744 cant
328 1704 449 1755 sonum,
479 1688 536 1746 nisi
562 1688 671 1747 iunctis
698 1685 857 1747 vocalibus.
901 1687 983 1766 ipsae
1009 1692 1107 1746 autem
1136 1682 1250 1746 vocales
1278 1682 1387 1745 nullius
1408 1683 1525 1745 litterae

232 1787 340 1846 auxilio
369 1795 471 1864 egent,
500 1788 552 1849 sed
579 1807 635 1868 per
657 1807 689 1848 se
718 1786 841 1867 implent
864 1805 979 1857 vocem,
1010 1795 1042 1848 ut
1064 1789 1089 1848 si
1110 1785 1192 1846 dicas
1214 1805 1230 1846 a
1253 1804 1270 1846 e
1291 1787 1342 1857 io
1364 1804 1398 1855 u,
1421 1804 1526 1846 omnes

232 1908 339 1967 perse
363 1891 575 1969 exprimuntur.
622 1907 694 1968 ergo
722 1889 789 1950 ideo
818 1889 913 1950 dietae
941 1896 1009 1949 sunt
1036 1887 1167 1959 vocales,
1197 1891 1265 1969 quia
1294 1896 1323 1948 et
1344 1906 1447 1948 vocem
1470 1907 1525 1967 per

232 2011 263 2051 se
279 1992 389 2051 iaciunt
405 1999 434 2051 et
454 1991 519 2053 aliis
542 2010 642 2051 vocem
665 1999 824 2071 praestant.
847 2011 923 2052 -nam
940 2010 999 2052 non
1021 1990 1117 2051 solum
1132 1992 1214 2069 ipsae
1230 1991 1398 2068 exprimunt
1421 2006 1523 2050 vocem
1536 2008 1560 2048 aa

232 2112 329 2161 suam,
352 2093 403 2153 sed
420 2095 507 2154 etiam
523 2092 586 2153 aliis
601 2093 833 2153 consonantibus
853 2093 965 2153 addunt
984 2111 1096 2153 vocem.
1127 2101 1173 2153 est
1193 2092 1248 2152 alia
1270 2092 1345 2151 ratio
1366 2091 1522 2162 vocalium,

232 2196 300 2272 quia
322 2194 401 2255 solae
424 2197 536 2275 positae
559 2193 701 2273 syllabam
724 2194 842 2255 iaciunt.
875 2194 953 2259 nulla
977 2194 1033 2255 alia
1055 2195 1154 2256 littera
1177 2192 1237 2254 sola
1260 2194 1356 2272 posita
1378 2193 1522 2274 syllabam

231 2297 307 2357 lacit.
354 2307 423 2376 puta
445 2299 458 2357 f
477 2315 569 2376 pone,
594 2295 664 2357 tolle
687 2295 832 2365 vocalem,
857 2304 886 2356 et
908 2296 980 2357 nibil
1003 2303 1102 2356 sonat:
1134 2316 1148 2357 r
1170 2314 1265 2376 pone,
1289 2295 1359 2356 tolle
1380 2295 1522 2365 vocalem,

232 2407 260 2457 et
288 2416 346 2458 non
375 2406 473 2466 sonat;
504 2406 534 2459 et
562 2399 744 2468 ceteraeita
774 2417 806 2459 se
831 2400 933 2478 utique
960 2397 1078 2458 babent.
1123 2415 1253 2476 apone,
1284 2398 1392 2457 etiam
1414 2415 1523 2476 perse

131 2488 134 2497 ’
230 2499 317 2579 plena
341 2509 399 2571 est,
423 2519 477 2580 per
500 2518 532 2560 se
555 2501 692 2579 exprimit
714 2518 818 2559 sonum
843 2509 872 2560 et
894 2518 1002 2579 perse
1024 2498 1166 2579 syllabam
1194 2499 1277 2567 lacit,
1306 2506 1339 2559 ut
1360 2500 1394 2559 ‘a
1415 2500 1521 2577 virgo
1535 2519 1560 2559 ao

132 3114 220 3175 mna

133 3184 191 3244 sao,
205 3182 220 3232 e

228 2600 397 2673 inlelix':
435 2621 452 2661 o
486 2621 581 2681 poue,
615 2610 643 2660 et
675 2620 731 2680 per
763 2619 796 2661 se
823 2600 909 2680 plena
938 2608 996 2674 est,
1026 2601 1059 2662 ut
1085 2605 1119 2659 ‘o
1156 2608 1287 2680 terque
1289 2607 1522 2681 ΜΗΘ

232 2701 364 2762 beati':
394 2705 404 2762 i
432 2722 511 2783 pone
540 2710 569 2764 et
598 2722 651 2783 per
678 2721 710 2763 se
737 2701 856 2781 plenam
879 2703 969 2763 elficit
991 2722 1107 2771 vocem,
1137 2701 1164 2761 ‘i
1192 2720 1348 2781 sequere
1375 2700 1521 2761 ltaliam

231 2806 380 2864 ventis'.
417 2822 488 2882 ergo
511 2807 592 2883 ipsae
615 2804 731 2864 vocales
747 2803 834 2887 ¹solae
856 2803 998 2884 syllabam
1021 2805 1141 2865 iaciunt.
1159 2799 1162 2879 l
1181 2802 1290 2882 duplici
1313 2820 1384 2882 ergo
1407 2805 1522 2864 ratione

231 2905 325 2966 dictae
353 2912 422 2966 sunt
450 2906 579 2977 vocales,
609 2914 658 2966 aut
686 2907 753 2985 quia
782 2898 895 2984 perse
923 2914 1042 2975 sonant,
1067 2913 1116 2966 aut
1138 2907 1206 2985 quia
1229 2904 1309 2966 solae
1331 2907 1444 2984 positae
1466 2923 1521 2985 pro

230 3006 349 3086 syllabis
371 3005 526 3069 habentur.
1533 3031 1559 3072 aa

318 3109 522 3171 Consonantes
545 3117 643 3170 tamen
666 3110 798 3190 reliquae
819 3108 887 3170 illae
910 3129 944 3171 ea
967 3112 1081 3171 ratione
1103 3111 1199 3170 dictae
1222 3117 1292 3169 sunt
1313 3115 1520 3177 consonantes,

233 3210 310 3289 quod
340 3229 400 3270 nou
428 3207 548 3282 sonant,
579 3211 630 3272 sed
660 3219 836 3279 consonant,
866 3212 895 3271 id
925 3200 1068 3290 estquod
1091 3213 1171 3273 solae
1193 3212 1305 3291 positae
1328 3229 1387 3271 non
1412 3210 1522 3272 babent

230 3312 350 3391 plenum
379 3332 499 3382 sonum,
529 3312 581 3374 sed
611 3334 677 3375 cum
707 3313 854 3375 vocalibus
881 3316 998 3375 iunctae
1025 3315 1225 3394 proferuntur.
1271 3319 1304 3373 ut
1330 3314 1355 3372 si
1383 3310 1463 3374 dicas
1491 3311 1520 3380 b,

230 3414 300 3474 tolle
322 3415 392 3475 inde
415 3435 445 3486 e,
475 3423 504 3475 et
533 3425 675 3478 mutatum
704 3423 748 3477 est
776 3425 805 3477 et
832 3434 890 3477 non
913 3415 1003 3476 babet
1023 3416 1144 3496 plenum
1167 3434 1282 3476 sonum.
1325 3422 1355 3475 et
1377 3413 1454 3474 bene
1476 3412 1520 3474 di·

231 3525 337 3576 cuntur
359 3523 571 3585 consonantes,
595 3518 674 3596 quod
698 3516 756 3578 duo
780 3520 845 3578 soni
867 3517 954 3578 simul
978 3527 1094 3579 sonant.
1423 3528 1426 3533 ⁴
1533 3539 1557 3579 ao

300 3754 313 3803 1
337 3755 438 3802 lineales
463 3763 521 3805 sunt
541 3755 655 3817 reliquae
674 3756 722 3803 iam
742 3763 909 3805 consonantes
929 3765 987 3806 sunt
1011 3756 1056 3805 sed
1075 3757 1147 3821 ipsae
1171 3763 1339 3806 consonantes
1354 3755 1414 3803 item
1430 3754 1455 3805 L
1474 3769 1521 3804 uo·

231 3823 374 3872 calescunt
394 3839 481 3873 omnes
500 3826 559 3873 item
577 3825 660 3874 ABG
728 3828 743 3872 2
764 3826 911 3874 diuiduntur
926 3836 1095 3876 consonantes
1113 3828 1137 3874 in
1157 3825 1182 3874 B
1252 3820 1424 3890 dvocabulis]
1444 3840 1520 3874 uoce·
1562 3883 1564 3885 ,

230 3892 297 3943 libus
314 3893 428 3942 ABCI,
516 3893 630 3943 Senon
653 3894 775 3943 aliter-
793 3895 884 3944 babeat
908 3896 1019 3945 vocalem
1039 3911 1085 3948 om.
1106 3897 1130 3945 Α
1139 3896 1174 3956 L,
1192 3895 1254 3948 cdd.
1276 3911 1293 3943 a
1311 3897 1336 3944 iu
1352 3909 1430 3958 recep.
1502 3894 1520 3945 9

230 3963 345 4011 similiter
363 3972 387 4011 et
409 3963 421 4010 l
442 3977 490 4012 non
509 3964 581 4013 aliter
601 3979 644 4028 per
662 3964 795 4014 stridorem
815 3966 941 4028 quendam
961 3966 1070 4015 demedii
1095 3980 1173 4015 soniis
1192 3967 1240 4014 nisi
1259 3966 1395 4030 praecedat
1413 3963 1456 4013 ille
1473 3979 1519 4014 no·

231 4034 294 4080 calis
312 4048 390 4081 soniis
409 4047 469 4098 ergo
488 4034 561 4082 uides
581 4034 605 4081 L
676 4033 709 4083 10
731 4034 830 4082 dimidii
850 4050 928 4085 sonus
948 4037 996 4084 nisi
1015 4035 1167 4100 praecedant
1185 4036 1235 4084 illis
1256 4036 1350 4085 uocalis
1369 4048 1448 4083 sonas
1468 4047 1517 4083 non

230 4112 337 4165 possunt
356 4103 454 4165 (potest
466 4102 499 4162 Bi
517 4103 589 4152 aliter
603 4103 710 4168 exprimi
725 4102 749 4151 B
755 4103 775 4153 C
792 4105 891 4152 demedi
906 4106 1016 4164 (dimidii
1031 4103 1060 4167 a)
1078 4119 1156 4155 sortus
1174 4106 1224 4154 nisi
1239 4106 1390 4169 praecedent
1407 4109 1477 4166 (ant
1489 4103 1519 4166 a)

233 4172 270 4219 illi
288 4172 389 4220 uocales
407 4170 471 4234 (illis
490 4173 585 4222 uocalis
602 4178 631 4233 a)
653 4187 731 4222 sortus
750 4187 798 4220 nou
820 4184 902 4236 potest
920 4176 1041 4239 (pessunt
1059 4176 1087 4236 a)
1107 4176 1179 4224 aliter
1198 4176 1305 4238 exprimi
1325 4174 1350 4224 A
1421 4172 1454 4224 13
1475 4187 1521 4238 per

232 4256 259 4289 se
277 4244 455 4306 exprimuntur
473 4252 497 4291 et
518 4243 613 4307 inplent
627 4258 714 4292 uocem
733 4244 757 4293 L
819 4245 851 4294 15
869 4245 940 4308 ipsae
957 4245 1100 4311 exprimunt
1115 4245 1171 4307 (sed
1191 4245 1251 4295 add.
1270 4245 1306 4306 d)
1323 4258 1368 4309 per
1385 4259 1413 4292 se
1429 4258 1519 4293 uocem

232 4311 256 4360 A
264 4311 287 4359 L
357 4313 390 4360 20
408 4326 452 4375 per
474 4328 502 4361 se
520 4313 645 4376 exprimet
664 4326 754 4361 sonum
774 4321 798 4361 et
815 4329 861 4378 per
881 4330 908 4362 se
927 4316 1040 4364 sitiebam
1061 4315 1121 4364 lacit
1138 4325 1165 4363 ut
1182 4329 1197 4363 a
1216 4315 1291 4381 uirgo
1308 4313 1400 4364 inlelix
1418 4328 1434 4363 o
1452 4328 1519 4378 pone

232 4392 256 4430 et
277 4397 321 4446 per
339 4396 366 4429 se
387 4381 460 4445 plena
480 4391 518 4431 est
536 4393 680 4445 acriterque
700 4392 867 4446 quattuorque
887 4386 952 4433 beati
972 4400 988 4432 u
1007 4399 1072 4449 pone
1091 4384 1116 4432 L
1135 4400 1180 4449 per
1199 4400 1227 4433 se
1244 4385 1363 4450 exprimit
1382 4385 1520 4449 (exprimet

232 4450 302 4515 AB)
325 4466 414 4500 sonaim
434 4466 448 4499 a
469 4455 544 4518 uirgo
569 4453 656 4502 iulelix
678 4452 715 4516 (iu
736 4453 774 4516 A)
795 4470 809 4504 ο
834 4463 919 4516 terque
943 4455 972 4517 (o
992 4467 1095 4518 alterque
1115 4455 1149 4517 B)
1172 4464 1310 4518 quaterque
1328 4455 1335 4502 i
1354 4469 1420 4519 poue
1437 4453 1521 4504 AB(

300 4537 315 4570 a
339 4520 422 4586 virgo]
444 4522 520 4586 Verp.
543 4522 623 4575 bacol.
643 4520 674 4583 6,
693 4524 727 4572 47
798 4521 979 4589 alacerque]
1006 4526 1085 4589 Verp.
1103 4525 1169 4574 Aen.
1191 4524 1250 4574 194
1320 4525 1354 4574 '22
1371 4525 1379 4574 i
1396 4519 1515 4589 sequere]

236 4591 315 4656 Verp.
335 4593 400 4640 Aen.
421 4591 464 4639 llll
481 4594 530 4642 sal
584 4592 617 4643 23
633 4600 722 4642 uentos
736 4593 760 4640 A
814 4594 910 4641 iaciunt
927 4595 1024 4659 duplici
1044 4609 1104 4660 ergo
1123 4595 1219 4644 ratione
1239 4595 1321 4643 dictae
1339 4605 1397 4658 aqut
1416 4593 1518 4643 rior-ales

232 4661 346 4722 (uocales
369 4662 449 4711 dictae
473 4672 532 4712 suut
550 4661 586 4721 A)
605 4673 647 4711 aut
668 4665 727 4725 quin
747 4666 769 4710 A
780 4664 803 4712 L
820 4662 915 4712 iaciunt
936 4664 993 4712 ideo
1014 4666 1095 4713 dictae
1114 4675 1172 4713 sunt
1190 4665 1292 4713 uocales
1308 4663 1403 4730 duplici
1422 4665 1519 4713 ratione

232 4732 335 4780 uocate,-
349 4731 431 4780 dictae
449 4743 507 4780 snut
519 4732 588 4794 qnod
606 4747 696 4798 perse
714 4743 805 4781 sonant
825 4734 850 4781 id
868 4742 905 4781 est
924 4734 979 4782 sine
993 4736 1088 4784 auxilio
1108 4735 1216 4783 alieuius
1233 4736 1297 4783 aliae
1317 4748 1362 4798 per
1380 4750 1408 4783 se
1427 4748 1518 4783 sonum

232 4814 281 4849 non
298 4801 401 4865 implent
419 4815 480 4866 ergo
501 4801 601 4850 vroeales
621 4803 705 4851 dictae
724 4812 782 4851 sunt
804 4813 848 4851 aart
871 4805 929 4864 quin
954 4803 1005 4854 BC
1078 4805 1109 4852 '27
1128 4804 1195 4853 solae
1216 4806 1314 4868 positae
1329 4803 1447 4853 sillabam
1466 4818 1517 4854 non

232 4868 328 4921 faciunt
342 4886 423 4936 neque
441 4871 533 4922 babent
551 4872 651 4937 plenum
670 4887 759 4921 soniam
783 4874 804 4921 L
874 4872 908 4924 30
927 4873 993 4936 quod
1012 4874 1111 4925 duobus
1128 4875 1200 4922 anuis
1218 4874 1292 4923 simul
1311 4881 1403 4925 sonant
1421 4874 1446 4926 b
