3346 5498
125 354 189 420 530
637 354 904 425 [PALAthlONlSl

638 430 650 437 ι.
891 431 903 438 -

125 546 159 609 in
180 552 249 608 arto
271 543 392 607 Donati
415 541 608 629 exponenda
627 542 769 606 maximo
792 541 902 607 studia
928 542 1217 628 grammaticorum
1238 543 1425 609 versaban-

126 656 193 724 tur,
216 644 358 731 scriptus
381 655 441 710 est.
479 667 555 709 nam
578 644 733 709 minorem
756 655 858 710 artem
881 645 1005 710 Donati
1026 653 1157 709 secutus
1179 642 1235 709 hie
1255 665 1425 730 gramma·

125 749 208 815 tieus
239 747 280 814 de
308 755 380 812 octo
411 747 560 833 partibus
589 747 743 812 orationis
771 747 927 813 disseruit
959 755 991 812 et
1021 747 1165 811 maximo
1191 745 1425 834 exemplorum

124 872 258 916 numero
291 859 444 933 congesto
474 860 508 915 ot
539 847 811 914 declinationibus
851 850 1016 913 nominum
1049 848 1208 935 adpositis
1239 858 1425 935 praecepta

124 950 210 1016 illius
234 949 419 1016 illustravit.
451 951 491 1016 de
513 951 703 1037 pronomine
719 972 796 1017 vero
812 952 910 1016 etiam
932 952 1109 1016 maximam
1130 960 1258 1037 partem
1280 973 1324 1015 ex
1347 951 1425 1038 ipsa

126 1054 249 1121 Donati
272 1066 342 1119 arte
363 1053 517 1141 repetivit
539 1052 589 1117 his
612 1052 820 1138 praemissis,
842 1058 881 1117 de
897 1059 1077 1134 pronomine
1093 1074 1162 1118 vero
1183 1058 1260 1118 nau
1279 1061 1425 1134 apertius

121 1164 193 1234 fieri
211 1160 446 1239 potest,‘qnnm
468 1161 614 1235 quomodo
635 1161 666 1218 t'n
688 1167 756 1219 orte
776 1161 902 1234 lenimus
923 1160 1045 1220 Donati.
1091 1154 1286 1220 eruditionis
1308 1163 1424 1220 autem

125 1257 214 1323 nulla
229 1262 262 1324 in
278 1257 339 1323 hoo
360 1257 442 1323 libro
465 1266 542 1322 sunt
555 1257 711 1342 vestigia,
727 1279 831 1342 neque
845 1255 913 1321 ulla
926 1266 1074 1323 vetorum
1090 1258 1286 1344 scriptorum
1308 1279 1424 1323 exem-

124 1359 178 1447 pla
201 1361 369 1446 adscripta
390 1370 478 1424 sunt.

210 1461 264 1528 Ad
293 1461 380 1526 hune
406 1461 507 1544 igitur
527 1459 647 1526 librum
674 1461 859 1548 respexisse
880 1461 1011 1527 videtur
1031 1463 1060 1526 is
1082 1463 1137 1547 qui
1159 1461 1193 1525 in
1214 1459 1330 1527 codiee
1351 1460 1423 1526 Va·

124 1566 231 1630 tieano
262 1564 344 1628 tter
379 1563 419 1627 de
452 1563 521 1626 rita
543 1563 641 1649 Aspri
676 1563 821 1648 scripsit,
856 1585 930 1627 enm
958 1572 1034 1648 post
1059 1584 1099 1628 oa
1124 1584 1209 1648 quae
1236 1562 1279 1628 de
1305 1573 1423 1629 vetere

124 1667 338 1750 grammatico
367 1687 408 1728 ex
437 1664 513 1728 lulii
543 1662 721 1750 Capitolini
751 1665 820 1730 vita
846 1664 1005 1729 Antonini
1037 1663 1248 1750 neglegenter
1280 1663 1424 1731 collecta

125 1769 276 1833 exhibuit
298 1766 433 1831 alterum
457 1768 555 1830 etiam
578 1768 736 1832 minorem
758 1768 861 1831 fuisse
883 1767 1026 1854 Asprum
1048 1767 1216 1847 scriberet,
1239 1767 1298 1852 qui
1320 1767 1421 1853 paulo

125 1882 198 1956 post
222 1869 457 1954 Hieronymum
481 1868 630 1934 vixisset.
674 1892 750 1933 nam
772 1870 863 1934 illum
884 1879 1028 1934 veterem
1049 1868 1208 1933 Antonini
1230 1867 1423 1954 philosophi

123 1973 291 2058 :toqualem
320 1969 422 2034 fuisse
445 1969 566 2052 voluit,
594 1971 680 2036 huuc
709 1971 930 2036 recentiorem.
974 1971 1062 2035 idem
1090 1972 1194 2035 secuti
1216 1982 1296 2035 stmt
1317 1972 1341 2034 ii
1364 1972 1421 2057 qui

125 2075 159 2137 in
181 2073 293 2136 codiee
316 2071 476 2137 Vaticano
508 2073 586 2135 rtet
618 2072 793 2138 Aemilium
820 2073 962 2158 Asprum
990 2084 1023 2138 et
1050 2073 1084 2135 in
1106 2071 1218 2137 codice
1240 2071 1420 2156 Reginensi

128 2176 208 2240 1818
236 2174 336 2259 Aspri
366 2175 496 2239 maioris
525 2183 628 2238 artem
661 2176 906 2261 inscripserunt.
952 2175 1083 2240 diversa
1108 2175 1235 2237 rationo
1261 2175 1316 2238 usi
1345 2186 1423 2239 sunt

125 2277 266 2343 editores
296 2274 373 2338 inde
400 2298 420 2338 a
449 2277 595 2361 principe
622 2275 783 2358 editione,
812 2276 868 2362 qui
891 2301 964 2341 cum
986 2288 1073 2341 recte
1095 2274 1336 2340 intellexissent
1357 2298 1423 2341 non

125 2402 220 2466 posse
242 2379 328 2442 hune
351 2376 470 2440 librum
493 2380 595 2441 reteri
617 2378 829 2462 grammatico
853 2379 964 2460 tribui,
980 2389 1017 2443 ut
1039 2380 1081 2443 ab
1104 2376 1160 2442 illo
1182 2377 1421 2459 discernerent,

125 2480 225 2565 Aspri
248 2479 384 2543 iunioris
406 2490 509 2543 artem
531 2481 777 2565 inscripserunt.
821 2479 1065 2545 Lindemanntts
1088 2500 1166 2544 vero
1195 2492 1332 2567 propter
1354 2480 1422 2544 cnl-

125 2594 194 2647 tum
218 2580 346 2646 dicendi
369 2603 472 2664 genus
495 2581 581 2645 hune
603 2581 760 2646 iuniorem
782 2584 838 2667 qui
860 2581 980 2646 dieitur
1000 2582 1145 2667 Asprum
1173 2602 1239 2644 non
1259 2583 1420 2646 recentio-

124 2707 192 2749 rem
221 2705 292 2748 csse
321 2682 487 2747 Prisciano
521 2684 734 2748 existimarit.
778 2685 829 2747 cui
858 2685 1064 2749 consentiens
1092 2685 1244 2750 Osannus
1278 2683 1421 2769 symbol.

123 2785 185 2850 litt.
208 2785 242 2848 ΙΙ
265 2807 297 2871 p.
320 2786 393 2866 ab,
417 2805 491 2848 eum
514 2806 552 2849 ea
575 2807 658 2871 quae
681 2807 701 2848 a
723 2786 897 2850 Consentio
921 2784 961 2849 de
983 2786 1077 2850 barb.
1101 2809 1133 2870 p.
1155 2785 1230 2865 tte,
1257 2786 1297 2850 15
1324 2798 1359 2850 et
1386 2787 1421 2850 in

124 2889 288 2974 excerptis
304 2886 443 2951 Charisii
460 2909 491 2972 p.
508 2887 579 2966 334,
594 2888 637 2951 39
652 2886 751 2973 Aspri
774 2889 902 2952 nominc
923 2887 1067 2952 citantur
1087 2887 1163 2951 huie
1184 2885 1303 2951 iuniori
1320 2911 1419 2974 quem

123 2990 202 3055 dicit
232 2991 340 3053 nescio
369 3012 432 3074 qno
461 2989 560 3054 modo
588 2988 786 3053 vindicanda
816 3001 963 3075 putaret,
990 2987 1110 3054 librum
1137 3009 1203 3052 non
1231 2990 1315 3054 satis
1339 2991 1420 3054 intc-

123 3115 218 3177 grum
247 3091 288 3154 ad
317 3113 374 3154 nos
402 3090 562 3176 perlatum
592 3112 664 3154 esse
687 3092 823 3154 censuit.
868 3090 1005 3177 denique
1027 3091 1235 3155 Herntannus
1258 3090 1420 3177 Hagenus

123 3197 156 3259 in
179 3192 279 3258 schol.
303 3192 457 3256 Beruens.
482 3190 524 3255 ad
539 3191 640 3276 l'erg.
664 3192 769 3257 bucol.
793 3208 890 3279 atquc
912 3214 1024 3278 georg.
1040 3191 1162 3279 tsuppl.
1178 3192 1287 3257 annal.
1305 3193 1418 3279 philol.

125 3295 187 3360 rel.
213 3295 277 3377 lt't
300 3317 331 3379 p.
355 3295 416 3358 128
440 3294 480 3357 de
502 3293 604 3359 altero
620 3294 719 3380 Aspri
742 3294 826 3360 libro
850 3293 902 3358 vel
924 3295 1156 3360 commentario
1180 3295 1213 3358 in
1235 3294 1418 3377 Donatum,

123 3421 219 3484 quem
242 3421 260 3461 a
284 3394 456 3460 scholiasta
479 3395 636 3460 Beruensi
659 3399 692 3459 in
710 3397 810 3480 l'erg.
833 3419 942 3481 georg.
965 3396 1014 3460 It'
1034 3396 1097 3460 233
1119 3397 1253 3460 citatum
1274 3419 1351 3463 esse
1373 3399 1420 3462 in·

124 3499 261 3579 tellexit,
277 3498 399 3562 dicens.
415 3499 566 3583 queraris
588 3497 674 3560 lnmc
690 3500 769 3561 satis
791 3498 956 3561 diversum
980 3521 1050 3562 esse
1072 3499 1115 3562 ab
1129 3514 1200 3562 arte
1215 3520 1302 3583 quac
1317 3499 1420 3583 vulgo

125 3602 227 3665 l'ertur
242 3600 386 3666 rideret.
403 3616 525 3677 tamen,
542 3622 582 3662 nc
597 3599 680 3663 dues
696 3601 798 3663 fnisse
811 3600 937 3684 Aspros
952 3601 1032 3664 artis
1047 3599 1277 3686 explanatores
1292 3613 1419 3666 statue·

125 3722 184 3767 tet.
201 3705 246 3767 ita
269 3725 342 3765 eunt
364 3724 437 3764 eum
460 3700 515 3763 illa
538 3701 800 3785 coniungendam
823 3724 895 3765 esse
910 3703 1126 3781 existimavit,
1141 3716 1176 3765 ut
1193 3703 1280 3766 huno
1295 3700 1419 3767 librum
1439 3738 1447 3761 t

125 3805 165 3867 de
185 3827 249 3887 qno
271 3826 356 3867 nune
372 3803 498 3885 agimus
522 3804 640 3888 partim
663 3820 794 3867 auctum
818 3803 938 3889 partim
960 3803 1166 3867 decurtatum
1189 3825 1264 3867 esse
1278 3803 1419 3869 diceret.

124 3905 210 3991 quod
233 3928 297 3986 qne
321 3904 415 3968 modo
440 3905 509 3967 fieri
533 3905 674 3989 potuerit
696 3928 761 3969 non
783 3903 955 3989 intellego.
979 3903 1140 3990 siqnidem
1156 3922 1223 3967 tam
1241 3905 1418 3971 dissimilia

125 4024 199 4070 sunt
227 4006 352 4070 onmia.
381 4028 463 4090 quae
491 4008 523 4069 in
551 4005 678 4070 duobus
708 4005 801 4071 libris
831 4009 954 4092 scripta
977 4024 1067 4069 sunt.
1089 4024 1124 4069 ut
1148 4027 1254 4091 neque
1276 4006 1418 4073 alterum

124 4132 164 4172 ex
196 4106 298 4170 altere
326 4105 459 4172 ductum
487 4131 591 4193 neque
619 4126 790 4193 utriunque
818 4131 859 4173 ex
882 4108 997 4174 eodem
1019 4109 1110 4173 fonte
1133 4107 1323 4174 derivatum
1344 4133 1419 4176 esse

121 4210 291 4298 adparent.

208 4311 273 4375 sed
302 4310 431 4374 omnino
459 4310 553 4374 huius
583 4315 652 4376 sire
681 4314 816 4376 iunioris
845 4313 914 4376 sive
938 4311 1070 4376 Aemilii
1094 4312 1193 4396 Aspri
1221 4313 1305 4378 artis
1327 4315 1419 4380 nulla

123 4437 276 4502 nmquam
300 4437 318 4478 a
341 4416 561 4495 grammaticis
585 4416 670 4478 facta
694 4434 741 4478 est
767 4415 898 4478 mentio.
929 4437 1005 4477 nam
1027 4436 1111 4500 qnae
1133 4415 1339 4499 antiquiores
1362 4417 1420 4482 ad·

124 4519 246 4604 scripto
270 4517 369 4600 Aspri
398 4517 526 4579 nemine
555 4519 737 4580 citaverunt
768 4515 909 4582 dubitari
938 4517 1048 4602 nequit
1071 4517 1149 4600 quin
1172 4516 1214 4579 ad
1237 4519 1420 4585 Aemilium

124 4624 282 4705 Asprum.
306 4638 448 4680 veterent
470 4618 733 4701 gnurtnatieutn.
756 4620 797 4681 ele
813 4641 875 4704 que
891 4617 1072 4703 disputarit
1090 4617 1298 4684 llibbcckius
1320 4623 1419 4709 proll.

124 4724 157 4785 in
180 4722 278 4804 l'erg.
306 4743 338 4805 p.
366 4719 423 4782 trs
446 4743 533 4804 sqq..
568 4720 737 4784 referenda
771 4723 853 4784 sint:
888 4722 1083 4784 recentiores
1111 4723 1352 4789 commentario
1386 4728 1422 4790 in

125 4824 305 4902 Donatum,
328 4821 383 4907 qni
406 4822 439 4884 in
462 4844 559 4885 mauu
582 4824 711 4906 scriptis
735 4821 825 4886 libris
849 4821 957 4906 Aspre
980 4822 1151 4901 tribuitur,
1174 4823 1228 4886 usi
1251 4840 1348 4911 sunt3
1377 4829 1423 4895 ab
