3346 5498
261 390 324 457 546
730 389 997 475 [PALAEMONIS]
1022 393 1093 456 tus

287 513 309 554 p.
321 501 422 543 1881-86
434 499 457 541 P.

262 584 370 645 lecturi
397 582 468 645 hnic
495 581 620 643 lecturo.
664 600 734 642 ecce
761 584 854 644 traxit
882 600 898 642 a
926 583 1046 642 nominc
1074 581 1314 643 declinationem.
1359 583 1552 644 3333313313

261 669 421 748 participia
448 669 479 728 in
507 667 657 746 praesenti
687 675 826 746 tempore.
850 674 901 728 331
927 668 959 727 13
989 685 1042 728 333
1069 674 1179 728 exeunt
1206 674 1237 726 31
1262 666 1384 728 3331331
1410 687 1426 728 3
1454 669 1553 748 prima

262 754 486 831 coniugatione,
516 758 549 812 31
574 770 676 812 amans
702 752 848 821 clamans,
877 753 985 813 autin
1015 770 1069 813 333
1097 759 1127 812 31
1153 754 1277 813 3331331
1303 771 1319 813 3
1348 753 1475 814 secunda
1503 751 1553 815 vei

261 840 349 902 tertia
371 844 506 916 correpta
528 837 574 898 vel
597 837 757 916 producta,
784 846 819 900 nt
840 855 965 898 monens
987 837 1089 916 legens
1111 837 1253 898 serviens.
1297 855 1365 898 nam
1387 856 1511 900 monens
1535 858 1553 900 a

261 923 392 986 secunda
414 923 621 1001 coniugatione
644 929 704 992 331,
727 921 831 1001 legens
853 941 869 983 a
891 923 981 983 133113
1003 929 1155 1002 33333313,
1178 907 1311 983 39331333
1333 925 1459 985 3133113
1480 935 1580 1003 pro-⁶

262 1011 360 1071 ducta.
405 1009 498 1069 loturi
521 1009 664 1087 temporis
686 1008 844 1087 participia
866 1025 984 1086 semper
1005 1008 1037 1068 in
1059 1025 1111 1069 rus
1133 1015 1242 1068 exeunt
1264 1007 1301 1069 ab
1324 1008 1462 1070 omnibus
1484 1026 1553 1069 333-

262 1094 324 1164 bis,
352 1095 412 1154 nisi
440 1112 456 1152 3
484 1094 618 1172 passivis.
663 1093 817 1173 praeteriti
845 1094 987 1172 temporis
1014 1110 1133 1173 semper
1162 1099 1212 1154 331
1239 1095 1270 1153 13
1299 1100 1347 1154 133
1375 1102 1429 1154 331,
1447 1096 1477 1154 13
1500 1112 1555 1155 sus

262 1181 365 1240 33113
387 1197 456 1239 31333
480 1179 591 1247 13133,
615 1185 648 1238 31
670 1178 764 1238 133133
786 1179 917 1257 scriptus
940 1186 1064 1248 amatus,
1087 1179 1119 1238 in
1141 1195 1201 1246 sus,
1225 1187 1257 1240 31
1279 1178 1370 1240 salsus
1391 1178 1500 1258 lapsus,
1519 1180 1553 1239 in

262 1282 332 1334 xus,
355 1271 389 1324 nt
410 1281 514 1324 nexus.
559 1270 657 1324 estet
678 1280 769 1325 unum
791 1264 823 1323 in
845 1281 911 1333 333,
934 1270 967 1324 31
988 1270 1133 1323 mortuus.
1177 1263 1270 1324 loturi
1293 1265 1436 1342 temporis
1456 1264 1553 1343 parti-

262 1350 340 1428 cipia
362 1369 378 1411 3
401 1350 527 1427 passivis
549 1348 594 1409 vel
617 1347 824 1409 communibus
846 1366 964 1427 semper
985 1348 1017 1408 in
1040 1347 1104 1409 dus.
1135 1365 1203 1408 nam
1225 1348 1377 1426 deponens
1390 1366 1553 1428 numquam
1568 1361 1596 1401 ¹⁰

262 1433 353 1496 babet
373 1433 433 1494 duo
454 1433 570 1495 lutura:
599 1451 655 1493 nec
677 1433 756 1493 enim
784 1433 911 1494 dicimus
939 1432 1114 1494 ‘luctandus
1135 1440 1182 1493 est
1202 1432 1270 1494 ille’
1299 1440 1350 1495 aut
1376 1433 1552 1502 nascendus,

263 1519 315 1581 sed
337 1517 427 1580 babet
455 1536 561 1588 unum,
590 1525 624 1579 nt
650 1518 817 1579 luctaturus
844 1520 1012 1580 nasciturus
1034 1518 1201 1588 locuturns;
1229 1517 1300 1579 licet
1331 1518 1407 1598 apud
1434 1525 1554 1579 veteres

262 1603 333 1665 talia
361 1621 479 1684 quoquc
507 1605 672 1664 communis
698 1604 819 1680 generis
847 1605 1046 1683 reperiantur.
1090 1621 1160 1665 sane
1183 1602 1285 1680 regula
1307 1611 1366 1672 331,
1394 1605 1554 1683 participia

263 1690 362 1749 omnia
386 1690 552 1768 praesentis
573 1686 727 1768 temlpnris
749 1690 869 1766 generis
891 1707 956 1749 esse
979 1690 1090 1756 omnis,
1114 1688 1144 1748 id
1167 1695 1213 1748 est
1234 1706 1368 1767 quaeque
1391 1697 1499 1749 exeunt
1522 1691 1553 1749 13

263 1792 316 1835 333
339 1791 473 1855 3333333
497 1776 527 1834 13
551 1793 619 1843 333,
644 1780 677 1834 31
697 1773 747 1834 bic
769 1779 799 1834 31
821 1773 895 1835 baec
918 1782 949 1834 31
970 1773 1025 1834 boc
1047 1792 1148 1835 amans
1170 1773 1272 1851 legens
1293 1776 1439 1835 serviens.
1571 1787 1597 1826 1⁵

780 1961 830 2022 DE
853 1959 1041 2023 suvnnnlo

348 2080 494 2141 Adverbia
516 2088 567 2141 331
588 2080 625 2140 ab
648 2080 715 2142 aliis
742 2081 865 2140 veniunt
892 2088 942 2141 aut
969 2099 1005 2140 ex
1034 2097 1076 2140 se.
1121 2086 1189 2140 sunt
1221 2079 1293 2148 loci,
1327 2082 1487 2159 temporis:
1521 2087 1556 2140 31

262 2173 334 2244 3313
357 2165 430 2235 1331,
460 2166 509 2225 bic
539 2167 606 2226 13113
634 2165 697 2225 11113
726 2172 755 2225 31
788 2165 1311 2244 33133333331333331331113331;
1341 2167 1498 2244 temporis,
1523 2171 1557 2225 31

263 2250 351 2311 hodie
374 2267 441 2311 cras
463 2250 529 2311 beri
552 2258 582 2310 31
603 2258 703 2310 331333
732 2268 807 2329 3333
830 2257 947 2330 tempus
974 2251 1151 2327 significant.
1195 2248 1231 2310 ab
1254 2250 1322 2310 31113
1343 2249 1481 2310 adverbia
1504 2268 1555 2309 ve·

263 2337 364 2404 niunt,
394 2343 445 2396 331
472 2355 488 2396 3
517 2337 637 2395 nomine
665 2341 716 2395 ant
743 2354 759 2394 3
787 2335 960 2414 3331131313,
990 2343 1022 2395 31
1049 2354 1064 2394 3
1094 2335 1180 2395 docto
1202 2335 1302 2403 docte,
1326 2354 1342 2395 3
1365 2336 1443 2395 13313
1466 2337 1597 2395 133139ο

264 2439 334 2482 sane
357 2419 567 2481 adverbiorum
590 2420 727 2480 biformis
749 2420 851 2496 regula
874 2427 934 2481 est:
958 2419 1084 2491 ablativo
1107 2420 1184 2480 enim
1207 2419 1379 2497 diriguntur
1402 2418 1555 2480 adverbia.

264 2505 341 2566 unde
370 2506 396 2566 si
424 2504 564 2565 babuerit
590 2505 737 2566 ablativus
765 2524 797 2574 3,
827 2504 1000 2566 adverbium
1027 2506 1059 2564 in
1088 2524 1103 2564 e
1132 2506 1237 2574 mittit,
1268 2512 1303 2567 31
1329 2522 1418 2583 33333
1441 2504 1556 2565 (1131313

265 2599 324 2660 331,
348 2610 364 2650 3
387 2588 473 2650 docto
496 2589 597 2660 docte,
620 2610 637 2652 a
659 2591 736 2649 iusto
758 2591 850 2658 iuste,
880 2589 918 2650 ab
946 2591 1038 2668 impio
1069 2592 1176 2669 impie,
1200 2609 1216 2650 a
1239 2589 1380 2667 religioso
1402 2589 1555 2667 religiose.

263 2677 289 2736 si
312 2693 382 2734 vero
405 2674 552 2736 ablativus
573 2677 604 2736 13
627 2677 637 2734 1
661 2676 784 2743 exierit,
808 2674 981 2735 adverbium
1004 2677 1035 2734 13
1059 2682 1105 2735 133
1128 2676 1235 2743 mittit,
1265 2681 1298 2734 ut
1320 2694 1336 2735 a
1358 2674 1449 2734 simili
1472 2675 1556 2735 simi·

263 2760 351 2830 liter,
375 2759 411 2820 ab
434 2759 504 2837 agili
528 2759 660 2838 agiliter,
683 2779 698 2820 a
721 2759 817 2821 veloci
839 2759 997 2829 velociter,
1022 2779 1038 2820 a
1060 2760 1132 2822 lorti
1155 2760 1290 2829 sortiter,
1312 2759 1598 2837 3333313333-ἳὸ

263 2845 342 2906 diter
364 2844 616 2906 3133133313113.
720 2891 724 2900 .

723 3015 772 3076 DE
795 3014 1094 3078 Pnsneosirloitn

348 3135 589 3214 Praepositiones
617 3143 702 3196 33133
730 3142 799 3195 3331
820 3137 1005 3196 accusativae
1029 3143 1060 3195 31
1081 3134 1241 3196 ablativae:
1265 3143 1387 3212 utputa
1410 3134 1444 3194 ad
1469 3154 1557 3214 prae·

264 3221 374 3299 positio
396 3223 427 3280 ia
449 3220 637 3288 masculinis,
662 3227 694 3280 ut
716 3220 752 3280 ad
775 3220 859 3280 illum
882 3221 970 3290 vado,
994 3222 1024 3279 in
1048 3222 1215 3288 femininis,
1239 3221 1275 3280 ad
1298 3216 1388 3301 illlam
1412 3219 1499 3288 vado,
1525 3224 1559 3280 in

264 3307 395 3374 neutris,
419 3304 455 3364 ad
478 3304 550 3365 illud
573 3304 647 3364 vado
669 3305 812 3384 templum
835 3305 881 3366 vel
902 3306 1067 3375 theatrnm;
1090 3312 1120 3365 31
1142 3305 1296 3384 pluraliter
1318 3308 1348 3365 in
1371 3305 1556 3375 masculinis,
1572 3315 1599 3355 ³0

265 3389 301 3450 ad
324 3390 405 3458 illos,
429 3391 460 3450 in
483 3391 654 3460 femininis,
679 3389 715 3450 ad
737 3390 812 3460 illas,
836 3393 868 3450 in
891 3392 1022 3457 neutris,
1046 3390 1081 3450 ad
1105 3389 1154 3450 illa
1178 3390 1286 3469 templa
1310 3390 1392 3449 vado.
1417 3408 1487 3449 sanc
1511 3392 1558 3450 313

265 3474 320 3535 tibi
344 3493 398 3554 per
419 3474 475 3535 boc
497 3493 605 3535 nomen
628 3476 824 3552 interrogatio
847 3476 888 3544 bt,
911 3482 1036 3554 313313
1059 3478 1083 3535 31
1107 3474 1174 3536 (1133
1195 3474 1247 3535 ‘ad
1263 3494 1350 3554 33333
1366 3475 1485 3535 vadisi’
1508 3475 1558 3535 vel

265 3558 301 3620 ad
324 3559 499 3639 333311331
522 3560 557 3620 311
581 3559 678 3639 quodi
701 3563 732 3620 in
754 3560 862 3639 plurali
877 3579 947 3620 vero
970 3560 1035 3620 vide
1058 3579 1095 3621 ne
1118 3560 1200 3621 dicas
1220 3560 1277 3621 ‘ad
1298 3560 1407 3639 templa
1423 3560 1556 3629 vadisl’,

265 3644 317 3704 sed
340 3644 393 3704 ‘ad
416 3663 491 3724 quae
515 3644 671 3724 templal’.
700 3647 744 3704 313
767 3645 821 3705 ‘ad
844 3644 1004 3724 33331333
1027 3645 1164 3724 pergisl'
1188 3647 1231 3706 sic
1253 3645 1305 3706 ‘ad
1329 3663 1404 3724 3333
1427 3644 1558 3724 palatia?

265 3724 301 3789 ad
324 3748 399 3807 3333
422 3730 552 3808 3331131’
574 3730 683 3790 313113
706 3730 826 3791 similia.
857 3732 888 3789 in
904 3730 1043 3791 ablativis
1058 3738 1155 3792 antem
1179 3730 1305 3791 dicimus
1329 3733 1362 3790 ‘a
1385 3737 1414 3790 13
1437 3732 1556 3797 33313’;
1572 3740 1600 3779 ³⁵

265 3815 308 3873 sic
331 3812 367 3873 ab
390 3813 455 3883 illo,
485 3813 655 3883 atheatro,
684 3813 722 3875 ab
743 3814 808 3883 illa,
839 3813 978 3882 anobis,
1003 3813 1040 3874 ab
1064 3815 1200 3884 aedibus,
1224 3815 1261 3876 ab
1283 3815 1345 3876 illis
1366 3817 1462 3875 venio.
1508 3834 1556 3874 33-

264 3905 386 3958 manent
407 3900 643 3978 praepositiones
664 3901 836 3978 utriusque,
866 3918 941 3978 quae
965 3899 1176 3961 discernuntur
1199 3900 1235 3960 de
1258 3909 1338 3961 nrotn
1362 3907 1392 3960 ct
1414 3903 1489 3960 situ:
1519 3901 1557 3960 de

265 3978 360 4050 motu,
384 3990 509 4062 utputa
532 3985 606 4061 ‘qno
629 3984 692 4043 isl’
716 3983 798 4044 vides
821 3986 890 4063 3313
918 4002 1027 4045 moves.
1072 3985 1124 4045 sed
1147 3985 1219 4064 quid
1242 3984 1489 4064 respondebitur?
1520 3986 1556 4046 ad

265 4069 463 4128 accusativum
486 4085 601 4136 casnm,
625 4076 658 4129 nt
680 4068 762 4129 dicas
783 4071 813 4129 in
836 4070 949 4138 lorum,
973 4071 1004 4130 in
1028 4069 1186 4149 templum,
1210 4072 1241 4131 in
1264 4070 1413 4130 balneum.
1444 4071 1557 4130 sivero

265 4153 341 4213 31133
363 4159 421 4220 331,
446 4160 476 4213 31
498 4153 645 4228 significas
668 4155 813 4214 13131333
838 4154 957 4224 alicubi,
981 4153 1107 4216 ablativo
1130 4155 1340 4234 respondebis,
1363 4155 1600 4216 3111333133)

265 4238 330 4298 loro
352 4237 424 4306 lui’;
448 4238 491 4297 sic
513 4236 556 4297 ‘in
572 4237 698 4299 thermis
713 4239 779 4300 lni’.
807 4257 878 4318 ergo
894 4248 926 4300 tu
942 4241 985 4300 sic
1002 4240 1131 4310 attende,
1149 4249 1190 4308 ut,
1207 4242 1232 4301 31
1249 4241 1418 4301 1333131313
1435 4239 1556 4309 alicubi,

335 4459 397 4508 431
415 4453 532 4522 monens]
556 4467 581 4505 31
600 4467 715 4510 metuens
735 4461 781 4515 Vs
796 4469 824 4510 31
843 4474 959 4511 moerens
977 4461 1110 4511 1111331133
1163 4474 1220 4509 narn
1239 4474 1390 4516 moerensc
1459 4458 1555 4528 9333]

266 4543 333 4577 3333
355 4529 382 4578 V
450 4526 483 4578 10
502 4528 528 4577 13
547 4529 595 4578 (133
612 4542 695 4584 oms
765 4531 796 4581 ll
813 4529 897 4580 lutura
911 4532 936 4580 in
953 4534 1043 4582 133333
1060 4546 1106 4579 om.
1126 4531 1151 4577 V
1222 4530 1465 4580 libamentorum
1486 4532 1514 4579 V

267 4599 300 4649 14
320 4596 345 4647 id
364 4608 403 4649 est
421 4611 622 4663 quaecunques
693 4599 725 4649 18
743 4596 876 4665 temporis]
897 4609 997 4666 1333333
1019 4602 1046 4650 V
1096 4600 1129 4648 22
1149 4596 1225 4666 unde]
1249 4613 1342 4656 3313ς
1412 4599 1555 4667 ermion]

265 4668 355 4718 exierit
373 4682 389 4724 ς
475 4667 509 4720 28
528 4668 684 4733 praepositio
702 4670 850 4720 masculinis
874 4671 901 4719 V
904 4682 921 4725 ς
1008 4670 1042 4723 30
1061 4671 1086 4719 in
1105 4670 1244 4719 masculino
1263 4671 1294 4719 ad
1314 4669 1415 4719 1113313
1434 4670 1559 4721 feminino

269 4738 316 4792 Vs
387 4738 419 4789 31
437 4740 537 4789 sancei
556 4737 600 4786 tibi
622 4738 667 4792 Vs
719 4737 752 4789 32
770 4741 836 4789 3131
856 4739 913 4789 dico
932 4739 1040 4807 puteed
1064 4741 1091 4789 V
1140 4738 1173 4790 31
1193 4741 1374 4793 (1133333331ς
1444 4739 1479 4792 38
1497 4741 1560 4803 quia

265 4815 383 4861 3333313
432 4808 478 4858 sed
498 4807 559 4872 qnid
578 4823 640 4874 ergo
664 4808 858 4873 respondebitur
881 4811 909 4859 V
961 4809 996 4860 40
1011 4809 1138 4876 significat
1155 4825 1183 4859 33
1205 4809 1248 4866 Vc
1300 4810 1332 4862 41
1353 4810 1392 4860 313
1407 4811 1432 4859 13
1451 4809 1560 4861 thermis

267 4875 302 4925 tut
321 4891 367 4924 om.
389 4887 406 4932 ς
477 4876 723 4929 133311131331133131
748 4879 774 4928 V
790 4878 867 4929 inerit
886 4877 979 4929 31133111
999 4891 1015 4935 ς
