3382 5498
720 356 790 421 tus
1335 357 1399 422 385

1250 478 1272 520 p.
1285 467 1336 509 tots
1349 465 1372 507 P.

115 555 233 626 regunt.
277 566 313 608 ex
341 547 450 627 quihus
477 566 530 609 nos
558 547 685 628 exempli
714 547 810 625 gratia
836 565 929 626 pauca
958 565 1112 626 ponemus.
1144 549 1279 625 ,genitivi
1312 566 1398 609 casus

114 648 219 710 verba:
243 651 389 710 misereor
412 650 506 720 illius,
536 648 634 711 taedet
661 648 788 719 laboris,
811 647 904 729 pudet
926 650 1053 728 incepti,
1077 651 1160 728 piget
1180 650 1262 710 lacti.
1307 649 1397 711 dativi

115 769 199 813 casus
221 751 326 813 verba:
349 753 456 813 mando
478 754 661 832 propinquo,
685 751 830 813 maledico
851 754 990 820 inimicis,
1014 752 1125 813 suadeo
1147 753 1261 820 amicis,
1285 753 1397 832 imputo

114 852 277 923 iudicibus,
299 859 390 934 parco
417 857 537 924 vicinis,
567 872 659 914 noceo
688 853 875 915 adversariis.
920 856 1079 914 accusativi
1103 872 1189 914 casus
1211 852 1315 914 verba:
1349 873 1396 914 ac·

88 973 184 1016 scuso
214 957 366 1026 inimicos,
396 959 500 1017 invoco
527 956 654 1026 iudices,
687 958 813 1016 miseror
842 955 990 1025 adllictos,
1020 958 1119 1016 imitor
1153 955 1261 1025 bonos,
1296 955 1399 1016 adlevo

115 1059 238 1126 amicos,
262 1058 346 1119 rideo
368 1060 500 1121 stultum.
530 1058 650 1119 ablativi
666 1076 752 1119 casus
766 1056 871 1118 verba:
895 1058 1015 1118 discedo
1031 1057 1068 1118 ab
1092 1059 1236 1126 inimicis,
1260 1058 1398 1140 discrepo

114 1159 152 1221 alr
174 1161 290 1238 ignaro,
321 1168 438 1221 avertor
465 1181 481 1222 a
508 1161 673 1240 petulante,
706 1159 867 1221 maledicor
888 1158 925 1219 ab
948 1161 1092 1229 inimicis,
1117 1158 1220 1222 absum
1243 1159 1279 1221 ab
1298 1160 1396 1230 stulto,

115 1261 257 1323 dissentio
280 1260 316 1322 ab
338 1264 479 1323 inimicis.
524 1264 641 1342 septimi
665 1280 751 1322 casus
773 1280 889 1345 quoque
912 1261 1002 1323 verba
1024 1269 1107 1332 sunt,
1132 1280 1207 1341 quae
1229 1262 1285 1322 hoe
1308 1262 1397 1323 dista-

115 1361 190 1422 bunt
212 1363 249 1423 ab
272 1364 412 1434 ablativo,
441 1365 519 1444 qrrod
547 1366 785 1444 praepositiones
813 1383 870 1424 non
900 1365 1063 1434 adduntur,
1088 1371 1120 1423 ut
1142 1365 1226 1425 lruor
1247 1366 1397 1434 amicitiis,

76 1480 102 1521 ro
115 1467 211 1545 potior
231 1462 373 1545 pecnnia,
402 1469 504 1546 privor
532 1472 693 1546 potestate,
723 1484 809 1527 careo
831 1468 981 1535 molestia,
1010 1466 1083 1527 cedo
1105 1468 1308 1545 possessione,
1332 1474 1399 1528 utor

114 1577 195 1646 toga,
225 1568 371 1629 interdico
398 1569 552 1637 amicitiis,
589 1569 722 1630 sacrifico
749 1570 882 1639 victima,
914 1569 1026 1647 glorior
1058 1568 1182 1628 viribus.
1226 1570 1298 1630 item
1330 1576 1400 1629 sunt

115 1669 203 1729 verba
226 1688 302 1748 quae
325 1669 413 1729 binos
434 1690 535 1741 casuS,
559 1688 618 1730 non
640 1672 771 1749 singulos
793 1679 915 1749 regunt:
944 1672 1108 1748 genitivum
1136 1677 1165 1730 et
1187 1672 1397 1740 accusativum,

114 1771 273 1831 obliviscor
299 1773 491 1842 iniuriarum,
522 1772 683 1833 obliviscor
711 1775 851 1842 iniurias,
882 1774 1004 1834 memini
1038 1790 1247 1842 numerorum,
1275 1773 1398 1833 memini

114 1891 269 1942 numeros;
292 1876 456 1951 genitivum
478 1881 508 1934 et
523 1877 682 1955 septimum
698 1895 813 1944 casum,
838 1892 910 1952 egeo
934 1876 1034 1954 panis,
1058 1891 1131 1951 egeo
1153 1891 1244 1952 pane;
1269 1874 1398 1935 dativum

77 1996 102 2036 rs
115 1984 146 2037 et
167 1978 380 2047 accusativum,
408 1977 511 2037 inludo
539 1984 638 2057 capto,
667 1978 770 2038 inludo
797 1984 931 2057 captum;
954 1977 1154 2037 accusativum
1176 1982 1206 2035 et
1228 1975 1397 2047 ablativum,

115 2096 235 2140 aversor
257 2097 273 2138 a
295 2079 463 2158 petulante,
487 2097 609 2140 aversor
630 2080 736 2140 lentes

183 2318 200 2366 t
219 2331 297 2366 noceo
316 2315 431 2367 aduersis
450 2332 524 2383 parco
538 2318 629 2368 uicinis
645 2317 678 2366 M
715 2340 728 2350 ·-
742 2316 762 2368 a
777 2318 847 2368 rideo
866 2317 970 2367 stultum
989 2317 1104 2380 (ebletiui
1124 2344 1156 2353 -
1174 2318 1284 2368 inimicis
1301 2318 1363 2372 add.
1378 2336 1401 2369 m

114 2389 141 2437 in
154 2387 248 2452 uturp.)
272 2389 423 2437 necessatiui
441 2400 465 2436 et
483 2387 562 2437 dstiui
585 2403 659 2436 cesus
682 2386 796 2436 inludere
817 2395 892 2452 capto
912 2387 1026 2437 inludere
1045 2398 1155 2454 captum.
1175 2388 1284 2453 Septimi
1302 2387 1332 2436 M

116 2457 230 2521 discrepo
247 2483 280 2494 -
293 2460 308 2505 7
322 2457 431 2506 inimicis
446 2471 491 2506 om.
505 2457 527 2506 B
592 2457 608 2505 7
627 2465 727 2507 auertcr
742 2457 886 2522 spetulrmte
903 2458 964 2508 ML
978 2471 1082 2508 euersor
1098 2473 1113 2506 e
1128 2456 1256 2521 petulante
1265 2456 1403 2508 Siedardue

115 2526 321 2577 8disseutioeb
337 2528 431 2589 iniquis
452 2528 476 2576 Ι,
562 2541 661 2591 quoque
679 2542 724 2578 cnr.
745 2527 804 2577 ML
891 2527 1099 2580 utmoramtcis
1115 2526 1141 2577 B
1228 2528 1258 2579 11
1278 2528 1402 2578 interdico

116 2595 205 2645 amicis
224 2596 257 2645 M
343 2596 375 2646 14
390 2597 670 2663 datiuum-ceptum
688 2598 735 2647 troc
754 2599 808 2647 loco
826 2612 873 2648 one.
892 2596 924 2646 M
1011 2598 1043 2649 15
1061 2596 1177 2646 inludere
1194 2607 1268 2662 copto
1288 2597 1402 2647 inludere

116 2676 216 2731 captum
235 2666 289 2715 BL
351 2667 502 2715 accusastiui
518 2675 542 2716 et
559 2667 665 2718 eblctiui
684 2682 759 2718 casus
777 2669 855 2717 nerbe
873 2667 936 2718 haee
952 2676 1010 2716 sunt
1025 2676 1125 2717 euertcr
1141 2667 1284 2730 epetulente
1302 2675 1403 2717 cnertor

117 2735 209 2787 lentes.
225 2736 329 2801 explicit
341 2735 373 2784 M
389 2737 527 2787 aecusatiui
542 2747 566 2786 et
583 2737 688 2787 ablsliui
709 2747 819 2789 euertor.
841 2753 870 2788 ae
888 2737 1017 2803 petulante
1034 2745 1136 2787 auertor
1153 2736 1245 2790 t'ontes.
1267 2736 1356 2803 explic
1371 2737 1401 2785 de

118 2805 204 2858 uerbo.
223 2805 259 2855 lie
275 2807 425 2870 pronomine
438 2807 463 2856 L
534 2806 565 2858 to
583 2822 688 2857 euersor
708 2815 813 2874 utropree
827 2811 882 2860 loeo
895 2806 1034 2858 Sicdnrdus
1053 2815 1153 2857 asertor
1169 2804 1195 2857 B

978 3466 1064 3582 <20
1101 3462 1174 3564 vs
1225 3506 1369 3643 perp

1143 3755 1308 3859 SOtOt.
