3346 5498
731 373 802 434 ltus
1348 374 1412 440 445

123 562 203 625 hacc
225 558 349 643 scripta
371 566 447 621 sunt
469 567 544 622 ante
567 556 686 623 librum
707 558 929 642 grammatici,
958 562 1076 640 Septem
1098 567 1345 626 circumstantiae
1365 584 1411 626 re-

123 665 289 742 quirendae
308 671 378 723 sunt
399 665 429 723 in
453 681 515 723 una
537 681 657 738 quaque
678 672 760 740 arte,
783 665 817 723 id
836 673 880 724 est
898 667 982 726 locun
1008 672 1124 741 tempus
1143 683 1274 742 pasena
1293 667 1411 739 sactum

123 784 218 828 caasa
239 767 344 827 modus
362 765 502 837 facultas
523 768 570 824 uel
590 768 745 826 materies:
766 768 851 826 lacius
874 783 933 841 qua
951 766 1043 836 sacta
1064 776 1119 845 cst,
1142 777 1256 844 tempto
1278 770 1409 844 quaudo,

121 885 255 946 persona
284 870 350 942 quis
376 867 465 944 fecit,
490 868 610 941 sactum
638 869 712 941 quid
735 867 827 940 fecit,
857 885 952 928 causa
981 886 1040 944 quo
1062 871 1150 930 ruodo
1168 870 1257 946 fecit,
1278 870 1413 943 facultas

125 975 171 1032 uel
190 972 331 1030 materies
353 971 432 1030 uude
450 969 538 1042 fecit.
568 985 647 1044 quae
667 975 777 1044 septem
800 973 844 1029 ita
865 974 1046 1031 conueniunt
1067 973 1136 1032 liuic
1157 972 1245 1032 libra.
1283 979 1412 1048 teinpus:

123 1077 154 1134 in
176 1053 313 1149 tempori
322 1072 439 1130 Iuliani
457 1073 602 1144 consula,
619 1072 701 1145 quod
721 1072 792 1131 iude
813 1073 1024 1147 intellepimus,
1049 1075 1121 1148 quia
1143 1075 1326 1150 Priscianus,
1348 1090 1411 1133 rna-

123 1180 217 1252 pister
239 1175 363 1251 Euticis,
387 1173 570 1249 temporibus
590 1174 722 1233 eiusdem
744 1174 859 1233 Iuliani
875 1172 949 1245 suit.
981 1191 1133 1250 persona:
1164 1177 1263 1236 Euteu
1284 1179 1330 1236 uel
1352 1177 1412 1237 llu-

124 1282 213 1354 ticas,
236 1279 290 1352 qai
309 1279 528 1349 interpretatur
546 1274 724 1347 fortunatus
747 1276 792 1333 uel
816 1274 898 1346 felic
920 1277 966 1336 uel
986 1277 1080 1336 bouus
1101 1286 1217 1350 textor,
1247 1281 1320 1353 quia
1341 1279 1414 1337 benc

124 1388 153 1440 et
170 1377 304 1451 feliciter
325 1380 423 1438 tenui
448 1379 571 1449 reputas
590 1378 812 1450 praumaticae
833 1379 918 1437 artis.
960 1376 1080 1449 sactum
1103 1379 1170 1454 ipsa
1192 1396 1245 1438 ars
1265 1381 1411 1452 inlellepi·

123 1490 182 1542 tur.
226 1496 337 1553 causa,
366 1482 437 1554 qula
460 1479 618 1550 Craterus,
642 1495 713 1537 suia
735 1479 918 1555 discipulus,
941 1480 1110 1552 postulauit
1130 1480 1187 1539 lioc
1209 1496 1283 1555 opus
1302 1482 1340 1540 ab
1362 1483 1414 1541 illo

121 1585 205 1656 fieri,
236 1588 268 1641 ut
292 1584 457 1656 potuissent
485 1581 617 1640 Romani
641 1596 822 1654 capnosccre
843 1581 1070 1655 coniupatioues
1090 1598 1130 1640 ca
1151 1584 1256 1657 prima
1271 1598 1413 1658 persona,

123 1688 201 1746 sicut
230 1684 355 1757 faciunt
379 1684 508 1743 Graeci.
552 1683 673 1742 modiis:
700 1697 843 1741 uumerus
874 1682 1022 1743 librorum
1056 1683 1102 1741 ael
1128 1699 1187 1756 quo
1213 1682 1410 1757 madefecit,

124 1783 262 1849 uidelicet
289 1787 421 1857 artificio
448 1785 495 1844 ael
522 1799 679 1858 prospere.
717 1785 858 1843 materies
884 1785 932 1843 vel
955 1783 1110 1856 facultas:
1138 1786 1218 1845 unde
1235 1784 1326 1858 fecit,
1357 1787 1414 1847 lucc

123 1897 167 1950 est
187 1890 225 1948 dc
246 1887 452 1947 discernendis
473 1885 742 1959 coniupationibus.
773 1880 806 1944 in
821 1881 1055 1966 Bambergcnsi
1071 1891 1180 1945 autem
1202 1880 1315 1947 codice
1338 1883 1413 1948 sub·

124 1988 246 2072 scriptu
268 1992 345 2048 sunt
366 1981 462 2065 haec,
485 1988 624 2047 liuticios
637 1993 681 2046 cst
697 1989 745 2045 uir
758 1987 931 2062 inpeniosus
945 1988 984 2047 ae
1001 1988 1087 2048 Utica
1103 1995 1187 2048 ortus
1204 1990 1410 2063 provintia*).

124 2094 265 2153 Brientcs
297 2090 493 2167 appellantur
519 2091 622 2149 euticii
651 2090 740 2163 quasi
771 2091 837 2148 acri
866 2090 1034 2149 iudiciales.
1078 2092 1190 2150 calicia
1221 2092 1298 2150 enim
1330 2093 1415 2166 apua

118 2193 324 2273 phylosophos
346 2193 539 2266 appellantur
560 2206 633 2250 uera
654 2191 778 2250 iudicia.
823 2191 904 2250 uuae
926 2191 1028 2251 Eutec
1051 2194 1221 2267 appellatus
1242 2198 1301 2265 est,
1326 2195 1415 2266 quasi

124 2314 194 2359 uere
214 2297 368 2367 iudicans,
397 2310 433 2353 ea
454 2293 537 2368 quoa
561 2294 741 2367 sapientiam
769 2293 923 2353 iudicavit.
968 2293 1069 2353 Eatec
1090 2296 1168 2353 enim
1189 2310 1352 2368 capnonen
1375 2295 1413 2353 cie

125 2402 283 2475 apnamine
310 2403 461 2456 ornatum.
506 2389 646 2475 denique
673 2389 716 2454 ub
743 2388 805 2453 boe
832 2389 1044 2474 grammatico
1066 2413 1132 2456 non
1153 2387 1286 2456 videtur
1307 2390 1411 2455 diver-

125 2521 179 2562 sus
208 2517 280 2561 esse
313 2495 340 2558 is
374 2493 466 2558 cuius
500 2500 655 2578 excerpta
683 2490 724 2555 dc
756 2490 955 2578 aspiratione
981 2491 1091 2578 posuit
1119 2489 1337 2556 Cassiodorus
1371 2491 1411 2555 de
1510 2554 1522 2579 ,

125 2597 268 2683 orthogr.
283 2620 315 2684 p.
332 2595 425 2659 2311.
448 2616 521 2658 narn
546 2592 655 2680 siquid
677 2591 830 2679 colligere
851 2591 928 2658 licet
942 2615 984 2658 ex
1006 2591 1171 2658 tractandi
1193 2601 1227 2657 et
1247 2592 1412 2665 scribendi

125 2701 249 2766 ratione
271 2700 305 2762 in
327 2697 399 2762 istis
423 2695 602 2783 excerptis,
618 2695 776 2781 conplura
796 2695 926 2780 utrique
948 2693 1099 2780 scriptori
1121 2695 1304 2759 communia
1325 2705 1410 2761 sunt.

123 2805 151 2869 is
175 2802 276 2887 igitur
298 2797 480 2885 Eutychem
503 2797 589 2862 dixit
609 2799 642 2861 in
665 2796 805 2862 rubricis
827 2820 859 2883 p.
881 2796 966 2861 2280
988 2801 1133 2878 Eutychis
1155 2802 1193 2860 de
1214 2801 1411 2880 aspiratione,

124 2907 181 2972 ubi
202 2909 298 2969 cattis
318 2924 401 2967 corr.
423 2905 542 2964 eulitliis
564 2899 665 2964 habet
686 2897 791 2964 codex
813 2898 987 2962 Beruensis
1009 2899 1083 2979 330,
1106 2904 1194 2962 ulicis
1215 2897 1286 2963 cod.
1303 2898 1410 2963 Paris.

124 3007 223 3087 7495,
251 3014 283 3069 et
312 3027 344 3089 p.
367 3002 467 3081 2311,
494 2999 551 3078 ubi
577 3005 702 3065 eutichis
732 2998 839 3064 deleta
866 3009 981 3086 postea
1008 3023 1023 3064 s
1051 2999 1160 3065 littera
1188 3000 1286 3064 babet
1307 3000 1411 3066 codex

124 3106 299 3173 Bcrncnsis
322 3105 402 3183 330,
424 3109 500 3167 eutis
521 3124 605 3167 corr.
628 3101 669 3165 al.
691 3123 733 3164 m.
756 3108 852 3167 eutius
874 3102 944 3166 cod.
967 3101 1063 3166 Bern.
1085 3102 1161 3182 243,
1184 3108 1317 3166 euticetis
1338 3102 1409 3167 cod.

124 3210 227 3274 Paris.
250 3207 349 3287 7495,
378 3216 410 3268 ct
438 3203 478 3269 de
504 3202 620 3268 iisdem
648 3203 810 3287 excerptis
839 3202 951 3266 dicens
979 3200 1019 3267 de
1048 3202 1151 3266 instit.
1174 3201 1276 3267 divin.
1300 3205 1409 3289 script.

124 3334 151 3375 c.
174 3312 216 3375 30
237 3333 269 3395 p.
292 3307 354 3371 478
377 3304 428 3370 ed.
452 3306 578 3370 Genev.
602 3327 631 3369 a.
652 3304 748 3385 1656,
772 3309 994 3383 ortlropraplios
1015 3310 1155 3383 antiquos
1176 3310 1278 3383 leuant
1292 3342 1333 3351 —
1349 3309 1409 3368 Eu·

123 3420 220 3478 ticlicu
243 3418 281 3474 lic
303 3414 499 3488 aspiratione.
539 3406 635 3470 editis
658 3415 766 3470 autern
788 3404 882 3470 libris
910 3404 952 3470 de
973 3406 1074 3470 verbo
1096 3406 1237 3492 primum
1260 3402 1409 3469 Camera-

123 3518 189 3580 rius
217 3510 361 3597 Eutychi
388 3531 506 3575 nomcu
539 3509 742 3594 praeposuit,
777 3515 908 3572 secutus
942 3505 1030 3570 haud
1057 3505 1156 3571 dubie
1183 3505 1408 3572 auctoritatem

124 3616 245 3682 codicis
275 3613 338 3693 sui,
365 3614 399 3676 in
428 3633 490 3697 quo
519 3616 611 3675 critici
636 3609 791 3697 scriptum
819 3610 1003 3690 invenerut3
1031 3607 1149 3672 deinde
1173 3607 1344 3672 Putscbius
1368 3633 1408 3674 cx

123 3718 272 3783 Parisino
299 3714 427 3794 codice,
456 3736 519 3799 quo
547 3734 619 3776 eum
646 3734 741 3776 usum
769 3733 841 3777 csse
869 3706 969 3797 supra
995 3710 1079 3790 dixi,
1103 3714 1249 3792 Eutychis
1270 3711 1408 3795 recepit,

123 3830 285 3908 postremo
307 3815 548 3905 Lindemannus
563 3813 735 3878 Bobiensis
757 3813 880 3878 codicis
903 3810 1143 3898 subscriptione
1165 3810 1326 3876 adductus
1350 3821 1410 3892 est,

123 3935 160 3988 ut
193 3917 390 4004 Eutychiurn
417 3939 531 3982 verum
560 3937 631 3979 esse
659 3937 776 3980 nomen
803 3914 1030 3997 contenderet,
1065 3913 1152 4000 quod
1179 3912 1257 3977 inde
1283 3911 1325 3977 ab
1353 3911 1409 3978 illo

124 4036 268 4110 tempore
295 4018 393 4103 vulgo
423 4019 593 4105 probatum
623 4027 686 4097 est,
718 4016 911 4103 praesertim
945 4038 1018 4080 cum
1051 4014 1114 4081 hoc
1144 4016 1273 4079 nomine
1306 4014 1410 4078 fuisse

122 4125 259 4190 latinum
282 4124 528 4208 grammaticum
555 4118 754 4204 temporibus
776 4119 819 4184 M.
843 4117 1001 4183 Antonini
1023 4126 1149 4182 constet
1170 4126 1303 4181 auctore
1325 4115 1409 4181 Iulio

124 4225 307 4314 Capitolino
330 4224 388 4288 vit.
414 4224 533 4286 Antan.
558 4219 674 4306 philos.
697 4242 725 4283 c.
747 4221 776 4283 2.
822 4219 974 4284 Osannus
997 4218 1134 4305 symbol.
1156 4217 1219 4282 litt.
1242 4217 1277 4282 11
1300 4242 1330 4304 p.
1348 4218 1409 4281 164

124 4330 269 4416 probatis
293 4324 510 4391 Lindemanni
532 4321 714 4387 rationibus
736 4330 846 4386 tamen
867 4321 902 4384 in
923 4321 1045 4385 incerto
1067 4319 1313 4406 relinquendum
1336 4340 1408 4382 csse

208 4517 234 4582 ²¹¹)
253 4519 305 4566 Vix
324 4516 398 4565 erodi
416 4517 507 4579 potest
525 4513 575 4563 bus
593 4511 714 4577 ineptias
736 4511 975 4576 grammaticorum
995 4526 1028 4561 ex
1046 4526 1131 4576 pravo
1149 4507 1333 4575 etymologiae
1351 4512 1406 4558 stu·

124 4606 167 4655 dio
185 4610 260 4653 ortas
278 4601 401 4650 fraudem
421 4599 520 4649 fecisse
539 4598 606 4648 viris
623 4596 720 4658 doctis,
740 4611 805 4661 quos
823 4595 857 4646 dc
875 4594 1009 4645 Africana
1028 4595 1160 4658 Eutychis
1177 4593 1284 4657 origine
1303 4592 1407 4656 cogita-

123 4694 196 4739 visse
224 4687 320 4736 scribit
347 4685 476 4735 Bartlrius
504 4683 612 4735 advers.
630 4683 667 4731 xl
687 4684 702 4730 ‘l
721 4698 747 4746 p.
766 4683 815 4731 514
842 4681 889 4730 ‘cx
912 4679 1027 4744 reliquis
1050 4680 1084 4729 ab
1108 4678 1232 4743 Eutyche
1259 4675 1407 4740 aliquando

125 4774 310 4825 Grammatico
332 4770 461 4820 laudatur
485 4765 628 4834 (Statius),
651 4767 760 4817 homine
779 4765 886 4816 Gracco
904 4769 935 4815 ut
952 4765 1048 4830 credo,
1066 4765 1111 4815 vel
1129 4763 1207 4824 Afro,
1226 4767 1256 4810 ut
1274 4761 1407 4813 Pithneua

124 4865 152 4909 et
170 4856 218 4907 alii
236 4856 418 4922 suspicantur,
438 4855 486 4906 sed
505 4854 613 4905 Latinis
632 4852 791 4906 auctoribus
809 4850 953 4904 rcresndis
970 4849 1099 4917 diligenti
1116 4852 1145 4898 et
1161 4844 1321 4899 industrio'.
