3346 5498
1187 1429 1208 1471 p.
1222 1419 1270 1458 lsot
1284 1415 1318 1456 od
1332 1413 1417 1456 Putsch.

232 1929 414 1992 Fluentibus
436 1929 534 1991 verbis
546 1927 663 1991 scribis
685 1932 722 1992 ad
737 1951 806 2001 me,
830 1937 863 1992 ut
878 1950 911 1992 ea
927 1933 1048 2011 quaein
1064 1938 1127 1992 arte
1143 1937 1265 2010 unaque
1281 1929 1443 1990 doctissimi

143 2035 258 2095 lionati
282 2031 427 2093 nebulosa
450 2032 576 2111 caligine
598 2025 723 2112 legentis
745 2033 905 2095 obscurant
926 2036 1073 2096 inscitiam
1095 2032 1194 2094 lucido
1209 2050 1346 2094 sermone
1362 2030 1399 2090 ad
1415 2039 1444 2090 te

145 2134 334 2214 perierenda
357 2134 534 2204 rescribam,
558 2137 642 2214 quasi
665 2136 825 2216 quidquam
847 2137 885 2196 sit
907 2136 986 2216 quod
1006 2136 1174 2215 indaginem
1190 2137 1232 2194 tui
1248 2136 1338 2195 vitare
1353 2134 1447 2212 possit

121 2237 265 2314 ⁵ingenii
288 2243 318 2296 et
341 2235 462 2298 alterius
477 2236 589 2316 laqueis
603 2239 728 2298 inretiri.
766 2257 869 2318 parce,
893 2239 1077 2308 doctissime,
1101 2246 1238 2318 protervo
1253 2237 1369 2305 forsan,
1392 2234 1444 2295 sed

148 2348 238 2416 grato
262 2339 409 2399 sermoni:
439 2338 535 2399 ofide
564 2338 702 2400 omnibus
730 2347 759 2401 et
780 2342 810 2401 in
834 2340 969 2402 omuibus
991 2341 1063 2409 lide,
1093 2339 1149 2400 hoc
1177 2346 1290 2399 tantum
1317 2337 1446 2417 reperiri

151 2442 264 2520 potuit,
288 2442 319 2500 in
343 2459 402 2520 quo
423 2440 466 2501 las
488 2441 526 2499 sit
549 2440 600 2500 tibi
623 2441 680 2502 dici
704 2443 880 2503 ‘mentiris’.
906 2441 977 2521 quid
999 2444 1088 2522 igitur
1111 2443 1235 2503 iaciaml
1257 2440 1342 2501 video
1356 2457 1445 2517 quam

152 2540 312 2622 scopuloso
341 2537 511 2620 difficilique
540 2542 570 2603 iu
598 2542 664 2604 loco
687 2544 873 2606 necessitudo
895 2554 1039 2632 versetur.¹
1067 2543 1223 2605 indevotus
1250 2561 1297 2603 me
1326 2559 1445 2622 quoque

154 2652 311 2704 accusante
327 2644 474 2724 reperiar,
498 2643 655 2722 adgrediar
677 2648 851 2708 temeritatis
866 2647 999 2716 flatibus,
1023 2653 1105 2709 aestu
1119 2645 1287 2726 procelloso
1301 2643 1443 2707 iactabor.

120 2755 201 2807 uest
221 2746 310 2816 tanti,
340 2747 514 2807 temerarius
535 2749 682 2826 corrigar,
711 2766 798 2826 quam
821 2750 942 2810 nomine
964 2748 1127 2810 conditoris
1150 2748 1273 2819 alliciar,
1303 2747 1358 2828 pro
1387 2766 1445 2828 quo

155 2847 192 2907 de
220 2848 345 2909 diversis
364 2853 368 2921 Ι
388 2847 538 2909 veteribus
565 2856 649 2929 aptos
676 2849 744 2911 huic
774 2853 857 2931 operi
884 2853 995 2931 sumpsi
1021 2857 1162 2912 tractatus
1190 2857 1276 2931 atque
1305 2849 1352 2910 his
1380 2869 1444 2910 mea

103 3021 110 3046 k
155 2967 287 3030 quoque,
311 2958 344 3011 ut
366 2952 447 3030 potui
470 2957 499 3010 et
520 2969 595 3030 quae
617 2952 712 3031 potui,
736 2971 791 3032 pro
814 2951 960 3013 bacchate
975 2953 1110 3034 copulavi
1125 2951 1288 3032 ablatisque
1303 2950 1445 3013 limitibus

155 3070 260 3130 eampo
296 3050 384 3131 plano
417 3052 557 3133 dispersi,
592 3061 624 3113 ut
651 3053 839 3115 inoffensibili
869 3074 955 3116 cursu
984 3055 1098 3117 iructus
1129 3055 1184 3117 sibi
1213 3054 1305 3115 lector
1327 3052 1445 3132 colligat

155 3163 318 3214 maturatos
339 3172 405 3213 usu.
428 3172 476 3214 mc
498 3156 555 3216 tuis
578 3157 744 3235 praeceptis
758 3156 929 3235 adgressum
945 3160 1152 3237 circumspice,
1176 3156 1342 3217 luxuriosos
1356 3154 1445 3215 tonde

123 3271 144 3309 1⁵
156 3274 324 3323 sermones,
352 3254 518 3332 doctiloquo
534 3258 612 3318 serie
627 3259 805 3335 corrigentis
821 3259 947 3319 extende
963 3267 1060 3327 curta,
1084 3258 1239 3327 candifico,
1264 3264 1296 3319 ut
1311 3256 1345 3317 ad
1364 3264 1444 3317 tuum

156 3356 316 3417 arbitrium
339 3365 444 3418 cuncta
468 3358 621 3420 rideantur
645 3367 766 3422 tractata
788 3358 898 3420 relecta
920 3359 1043 3440 digesta.
1069 3359 1142 3421 vale.
1161 3366 1167 3435 Ι

223 3614 315 3664 Codex
332 3613 472 3663 cerneum
491 3613 501 3662 1
521 3615 544 3666 1.
565 3613 604 3667 1*.
695 3615 708 3665 1
726 3630 788 3664 scoo
878 3630 925 3664 nur
1010 3631 1130 3666 ranunrvs
1150 3613 1155 3680 Ι
1178 3630 1314 3666 cneooums
1333 3612 1447 3680 (litterae

154 3686 249 3734 recenti
264 3700 340 3732 manu
359 3683 482 3733 obductae
501 3695 567 3738 eunt.
595 3687 620 3735 in
638 3688 724 3735 altero
743 3687 862 3749 ruorpinir
880 3693 956 3749 porte
973 3688 1068 3735 recenti
1085 3702 1157 3734 manu
1175 3687 1327 3748 amortpeum
1341 3693 1379 3736 est
1394 3685 1444 3734 cle-

154 3754 221 3802 donii
238 3755 243 3812 Ι
259 3753 372 3802 clenodii
392 3750 552 3819 gemmetico,
571 3758 597 3805 in
615 3759 699 3805 altera
716 3759 857 3806 recentiore
880 3757 953 3807 etiam
980 3773 1053 3806 runnu
1079 3750 1213 3806 Clenodius
1240 3757 1265 3805 iu
1291 3755 1398 3821 primam
1422 3765 1446 3804 et

154 3824 291 3873 secundam
306 3826 392 3872 Artem
406 3822 510 3885 Donati)
523 3825 715 3890 discuteremus
732 3840 843 3875 untione
862 3840 976 3876 nursino
992 3835 997 3888 ι
1014 3841 1172 3876 narixrsrsrr
1185 3865 1208 3878 ..
1219 3867 1241 3878 ..
1259 3842 1304 3876 nro
1322 3841 1384 3876 teor
1396 3841 1445 3875 cnr

155 3896 158 3907 '
181 3908 336 3945 rrnrurmoe
406 3896 422 3942 4
443 3893 662 3946 obscuratioscilio
683 3899 768 3945 oel—
786 3911 814 3945 os
875 3904 925 3945 otte
994 3897 1150 3960 oquiquum
1222 3896 1377 3961 'trepperiri

153 3963 309 4028 {iquoquae
383 3963 415 4013 10
439 3966 568 4027 repperiet
640 3966 670 4015 12
694 3966 774 4015 sumsi
845 3976 921 4028 atquc
945 3964 997 4030 his]
1023 3966 1128 4030 aquebio
1200 3965 1233 4015 14
1251 3965 1328 4031 plano
1351 3969 1449 4016 recenti

151 4051 223 4083 nanu
241 4036 422 4167 aeripuemsu
492 4033 523 4085 15
541 4035 737 4084 maturatosiusu
756 4036 898 4085 occidetur
968 4050 1073 4102 agressa
1090 4043 1118 4084 ut
1137 4037 1235 4086 videtur
1305 4033 1337 4085 16
1354 4033 1393 4100 ut]
1412 4035 1446 4086 ud

222 4105 252 4155 li
276 4111 369 4153 cuncte
401 4114 476 4153 cunta

216 4330 234 4381 3
254 4328 386 4395 Αρίοἰὺιιε
403 4327 506 4379 meliore
520 4327 622 4378 metallo
642 4326 734 4378 defixis
753 4327 810 4377 etilo
830 4327 909 4378 multo
928 4328 1028 4378 lectiore
1041 4327 1177 4379 liuentibus
1196 4334 1243 4377 etc.
1263 4328 1368 4378 coniecit
1380 4326 1447 4374 Her-

146 4417 252 4452 ummroe
266 4401 395 4465 Hogemm
449 4399 464 4447 4
485 4398 621 4448 obscurant
640 4399 671 4447 ob
686 4397 811 4447 inscitiam
830 4399 960 4463 ingenium
974 4399 1037 4449 idem
1108 4398 1138 4447 la
1157 4409 1232 4460 arque
1249 4395 1301 4462 tus]
1323 4397 1446 4459 aquibus

146 4473 285 4525 emmim
361 4470 394 4520 15
414 4477 554 4520 maturatos
573 4472 631 4517 nisu
651 4466 781 4518 Petreium

699 4675 899 4685 *-
