3346 5498
531 1380 595 1453 EX
621 1380 761 1454 LIBRO
787 1381 1013 1455 MACROBH

207 1552 275 1644 tt
319 1551 755 1647 lllllllltddllll
798 1553 863 1645 lll
907 1551 1347 1647 dellllllllll

414 1717 616 1783 unnnor
646 1718 946 1800 nnrrnruvn
974 1719 1134 1784 vener

1106 2056 1128 2097 p.
1141 2043 1243 2084 llil-29
1257 2043 1289 2085 td.
1307 2044 1392 2086 Putarb.

100 2125 114 2164 ⁵
211 2114 341 2174 Graecae
365 2114 531 2193 latinaeque
555 2115 672 2192 linguae
688 2116 959 2177 coniunctissimam
975 2117 1180 2191 cognationem
1196 2124 1300 2177 natura
1323 2116 1415 2176 dedit.
1432 2120 1479 2169 187
1493 2119 1523 2169 V·

126 2235 194 2275 nam
222 2224 253 2276 et
279 2216 373 2276 isdem
399 2217 545 2276 orationis
568 2216 702 2295 partibus
724 2216 836 2296 absque
860 2217 994 2287 articulo,
1023 2236 1111 2297 quem
1127 2218 1252 2279 Graecia
1274 2217 1336 2278 sola
1357 2235 1420 2277 sor-

126 2320 181 2378 tita
205 2326 260 2387 est,
285 2319 379 2379 isdem
395 2336 487 2397 paene
503 2317 762 2380 observationibus
777 2321 881 2397 liguris
896 2319 1169 2380 constructionibus
1184 2328 1308 2398 uterque
1324 2338 1421 2381 sermo

125 2420 336 2498 distinguitur,
353 2429 384 2480 ut
401 2420 613 2500 propemodum
640 2422 689 2500 qni
707 2423 851 2482 utramvis
874 2431 967 2483 artem
988 2421 1129 2483 didicerit
1150 2421 1252 2482 ambas
1269 2420 1273 2502 l
1295 2424 1421 2482 noverit.

126 2524 156 2580 in
185 2522 287 2582 multis
309 2531 406 2583 tamen
436 2522 577 2582 differunt
605 2531 634 2583 et
663 2523 806 2603 quasdam
832 2525 1030 2602 proprietates
1058 2523 1182 2593 babent,
1211 2543 1286 2603 quae
1314 2541 1420 2600 graece

91 2641 113 2679 ιο
127 2623 267 2684 idiomata
291 2632 442 2684 vocantur.
1243 2623 1247 2634 '

127 2823 173 2870 DE
197 2823 387 2872 VERBORVM
409 2824 606 2884 vrmvsuvn
628 2824 783 2873 Linuvan
810 2824 1057 2873 mrrnnnnrns
1081 2825 1149 2872 VEL
1171 2822 1421 2872 socrnrarrssvs

212 2931 359 2992 Accidunt
392 2931 491 2992 verbis
511 2928 666 3011 utriusque
689 2931 805 3008 linguae
828 2948 953 3010 persona
976 2932 1092 2991 numeri
1115 2932 1209 3008 ligura
1232 2927 1420 3008 coniugatiol

129 3039 247 3112 tempus
269 3033 384 3103 modus,
406 3052 495 3112 quem
511 3033 616 3094 Graeci
633 3033 760 3093 enolisin
776 3042 890 3103 vocant,
913 3033 1012 3093 Latini
1027 3051 1095 3093 cum
1110 3034 1215 3093 lormis
1230 3034 1260 3092 in
1277 3032 1421 3112 qualitate

126 3143 300 3214 posuerunt,
323 3153 427 3212 genus,
450 3134 529 3214 quod
552 3134 628 3213 apud
645 3134 774 3195 Graecos
788 3135 934 3195 diathesis
953 3142 1151 3213 nuncupatur.
1180 3133 1305 3194 eandem
1326 3150 1420 3212 paene

88 3257 113 3295 15
127 3255 194 3297 cnm
217 3236 336 3297 casibus
357 3239 609 3297 constructionem
632 3244 760 3306 servant,
783 3244 816 3297 ut
837 3238 984 3297 misereor
999 3236 1089 3305 illius,
1112 3254 1202 3316 parco
1218 3235 1271 3305 illi,
1295 3253 1421 3295 veneror

126 3339 218 3408 illum,
242 3337 408 3418 φροντίζω
430 3334 543 3416 τοῦδε,
566 3336 726 3418 πείθομαι
748 3334 845 3420 τῷδε,
868 3338 958 3417 φιλῶ
977 3334 1087 3399 τόνδε.
1119 3337 1280 3398 ablativum
1295 3337 1420 3397 Graecia

126 3457 184 3498 non
201 3442 319 3518 recipit.
349 3439 451 3499 eadem
468 3439 529 3500 illis
544 3457 737 3519 personarum
754 3441 931 3501 similitudo:
955 3443 1051 3520 prima
1074 3459 1155 3509 voco,
1171 3439 1300 3500 secunda
1323 3459 1419 3508 rocas,

127 3543 214 3600 tertia
238 3548 330 3610 vocat,
359 3539 450 3601 καλῶ
472 3540 585 3613 καλεῖς
615 3542 721 3603 καλεῖ.
772 3545 802 3603 in
830 3545 963 3604 numeris
986 3560 1044 3603 una
1073 3542 1219 3602 dissensio
1248 3550 1309 3610 est,
1343 3541 1420 3621 qnod

127 3637 263 3720 δυϊκόν,
286 3642 316 3701 id
340 3650 386 3703 est
407 3643 540 3712 dualem,
571 3644 651 3704 nulla
674 3645 804 3705 latinitas
826 3644 955 3714 admisit,
980 3645 1085 3705 Graeci
1102 3662 1171 3704 rero
1194 3647 1224 3704 in
1249 3630 1347 3703 verbis
1368 3661 1420 3703 uo·

87 3742 318 3823 ominibusque
342 3740 443 3805 dvtua'
465 3744 605 3805 videntur
627 3746 749 3807 babere.

671 3929 718 3975 Dll
741 3928 881 3978 rtuvssls

210 4034 337 4111 Figurae
366 4034 511 4096 ambobus
527 4052 596 4109 ,non
624 4037 689 4095 sine
728 4036 909 4096 discretione
940 4054 1038 4115 pares.
1090 4054 1143 4096 nos
1169 4035 1297 4097 dicimus
1329 4056 1420 4099 curro
1436 4048 1483 4097 148
1497 4047 1527 4099 v.

126 4153 278 4214 percurro,
302 4135 344 4196 illi
367 4133 472 4216 τρέχω
495 4131 668 4215 diacon-'xm
713 4145 852 4217 quattuor
885 4157 1002 4218 quoqne
1032 4138 1126 4198 modis
1154 4146 1184 4199 et
1212 4137 1285 4199 baec
1313 4147 1344 4199 et
1370 4139 1419 4200 illa

126 4246 343 4317 conponuntur,
368 4256 403 4298 ex
426 4237 543 4299 duobus
566 4240 692 4315 integris
714 4240 855 4317 produco,
879 4258 914 4300 ex
937 4242 1055 4318 integro
1078 4248 1107 4300 et
1129 4249 1269 4319 corrupto
1285 4242 1417 4319 perdcio,

209 4429 236 4482 P
256 4431 350 4484 codex
371 4428 526 4485 Parisinus
548 4428 629 4485 7186

205 4531 229 4584 p
252 4516 335 4569 editio
356 4517 497 4585 princeps
521 4512 662 4585 Opsopoei
683 4532 710 4571 α.
735 4507 816 4571 1588

194 4747 300 4810 liquem
318 4763 336 4810 p
352 4763 401 4809 que
418 4748 442 4795 P
510 4748 539 4799 ll
562 4762 671 4798 sinevae
686 4763 731 4797 om.
753 4748 777 4798 P
830 4748 862 4801 13
881 4749 906 4798 in
926 4748 1047 4813 qualitate
1066 4765 1122 4799 exc.
1145 4748 1209 4801 Bob.
1230 4749 1376 4812 qualitatem
1396 4749 1420 4798 P

196 4816 228 4867 la
247 4817 328 4867 Latini
354 4817 460 4867 earrdern
485 4832 566 4883 paene
585 4833 641 4868 rum
661 4817 764 4868 Graecis
790 4820 813 4868 to
837 4819 938 4869 casibus
963 4820 1175 4870 constructionem
1195 4828 1296 4869 servant
1315 4823 1420 4872 coniecit

126 4884 270 4950 Opsopoeur
342 4888 374 4937 lb
392 4885 478 4955 parco]
502 4901 614 4954 pareop
686 4887 962 4955 repeteremus?
