3346 5498
206 337 213 347 ⁵
247 347 308 412 162
814 347 967 412 POMPEll

271 456 430 511 prae-511..

246 537 358 618 syllaba
383 537 515 612 dedicata
538 543 584 597 esl
605 538 708 614 generi
732 545 851 607 neutro,
875 555 1027 599 scamnum
1051 544 1178 605 lectum;
1209 544 1237 597 el
1266 537 1415 596 invenitur
1439 543 1537 595 lamen

245 658 305 701 non
328 656 489 716 numquam
512 637 632 699 alterius
654 640 773 715 generis
795 641 825 698 iu
849 639 951 714 eadem
967 638 1078 718 syllaba
1094 640 1284 699 terminatum
1301 656 1419 698 nomen.
1441 630 1539 697 sciens

247 761 317 821 ergo
340 741 453 819 aliquas
476 739 592 818 regulas
615 740 745 801 addictas
769 759 833 801 esse
855 741 1014 820 generibus
1036 748 1142 801 tractat
1165 743 1322 801 contraria,
1359 740 1439 808 dicit,
1464 740 1538 800 baec

246 864 294 906 res
320 863 381 905 non
409 853 439 905 te
468 842 608 922 decipiat:
641 862 708 903 nam
736 845 926 905 inueniuntur
954 843 1039 904 aliter
1062 845 1252 923 personantia
1276 851 1304 903 et
1326 841 1447 903 alterius
1469 850 1539 902 sunl

210 967 220 986 ·
245 949 373 1025 generis.
419 965 457 1007 ne
480 945 559 1007 dicas
582 945 655 1006 mibi
677 945 765 1006 ‘ecee
788 964 898 1007 nomen
919 948 950 1008 in
974 965 990 1006 a
1013 947 1086 1016 exit,
1111 945 1200 1007 debet
1222 946 1340 1024 genens
1363 963 1429 1005 esse
1451 943 1565 1004 semi-5

246 1051 335 1110 nini'.
379 1066 446 1109 nam
476 1042 571 1126 po‘lest
599 1047 661 1107 fleri
695 1054 727 1106 ut
752 1056 837 1109 sonet
864 1049 1040 1109 femininum
1067 1056 1097 1108 et
1124 1049 1162 1107 sit
1190 1046 1396 1116 masculinum,
1426 1053 1459 1108 ul
1493 1055 1539 1107 est

246 1151 369 1212 Catilina
396 1150 526 1229 Agrippa
553 1149 684 1211 Messala.
729 1151 785 1211 isla
813 1154 932 1213 uomina
957 1152 1159 1212 enuntiatione
1182 1157 1250 1211 sunl
1272 1151 1427 1218 feminina,
1451 1148 1537 1209 intel·

246 1253 325 1314 lectu
351 1260 420 1313 suut
448 1251 618 1313 masculina.
665 1259 714 1312 aut
742 1272 757 1312 e
787 1256 935 1314 contrario
960 1254 1162 1314 enuntiatione
1185 1253 1362 1319 masculina,
1386 1249 1537 1312 intellectu

246 1353 402 1424 feminina,
429 1363 461 1415 ιιι
483 1353 644 1416 Eunuchus
667 1355 829 1423 comoedia,
854 1355 928 1417 baec
948 1353 1109 1417 Eunuchus
1132 1354 1293 1416 comoedia.
1337 1355 1401 1434 ipsa
1424 1355 1464 1414 ila
1487 1373 1537 1433 ap·

245 1456 387 1536 pellatur:
417 1473 485 1516 nam
513 1457 554 1515 ita
581 1457 706 1534 legimus
728 1457 757 1517 in
781 1459 844 1535 ipso
868 1457 1023 1527 Terentio,
1049 1458 1169 1535 ‘quam
1192 1454 1389 1517 transtulit
1410 1457 1446 1516 iu
1468 1456 1577 1517 Eu-10

246 1558 403 1619 nuchum
437 1561 566 1620 suam'.
610 1558 731 1619 Orestes
758 1559 921 1637 tragoedia,
956 1559 1029 1620 haec
1061 1565 1187 1639 myrtus,
1217 1557 1290 1620 baec
1318 1557 1435 1620 laurus:
1465 1557 1538 1618 baec

246 1661 448 1722 enuntiatione
471 1668 541 1721 sunt
564 1660 740 1730 masculina,
764 1660 918 1723 intellectu
941 1661 1090 1721 feminina.
1135 1662 1206 1721 ilem
1230 1661 1431 1721 enuntiatione
1455 1661 1539 1720 lenn-

245 1767 329 1834 uiua,
360 1762 511 1824 intellectu
535 1771 654 1832 neutra,
679 1770 711 1823 ul
733 1781 838 1843 poema
861 1762 1007 1823 emblema
1031 1765 1229 1842 epigramma:
1264 1762 1336 1824 haec
1360 1764 1537 1823 enuntiatio·

246 1885 312 1928 nem
342 1866 453 1926 lrabenl
481 1866 629 1934 leminini,
658 1873 757 1926 tamen
780 1873 883 1926 neutra
907 1872 983 1926 sunl.
1030 1867 1218 1926 econtrario
1241 1867 1311 1925 item
1336 1865 1538 1926 enuntiatione

245 1974 363 2037 neutra,
395 1965 545 2028 inlellectu
573 1967 727 2038 feminina,
758 1975 789 2027 ιιι
817 1967 1014 2029 Phronesium
1042 1967 1148 2028 mulier
1177 1965 1221 2027 rel
1244 1965 1413 2045 Glycerium
1437 1975 1466 2028 et
1488 1966 1537 2027 illa
1553 1980 1577 2020 15

127 2079 322 2147 431‚26quae
342 2072 372 2131 in
396 2069 556 2130 comoediis
579 2068 712 2147 legimus
738 2066 743 2151 Ι
766 2072 838 2130 item
862 2071 1064 2131 enuntiatione
1087 2069 1264 2138 masculina,
1288 2069 1442 2130 intellectu
1466 2088 1538 2130 neu·

245 2181 303 2233 tra:
333 2174 359 2232 si
388 2171 468 2232 dieas
494 2170 617 2250 pelagus
646 2170 761 2249 vulgus,
786 2174 868 2250 quasi
891 2172 1088 2233 masculinum
1112 2179 1170 2241 est,
1202 2180 1231 2232 ot
1259 2178 1356 2232 lamen
1385 2170 1538 2233 intellectu

245 2281 384 2334 neutrum
408 2281 461 2333 est.
493 2281 523 2333 el
544 2273 651 2333 adiecit
666 2271 784 2351 vulgus,
809 2273 860 2332 sed
885 2273 941 2333 lroc
964 2292 1023 2334 nou
1046 2282 1090 2334 est
1112 2283 1240 2335 certum:
1265 2292 1331 2334 nam
1355 2282 1539 2353 potestesse

245 2384 274 2437 et
296 2374 490 2436 masculinum
514 2383 543 2435 et
566 2384 714 2435 neutrum.
743 2375 823 2445 vides
847 2394 918 2454 ergo
940 2377 1080 2454 ‹prrouiam
1102 2394 1213 2454 genera
1235 2384 1307 2436 sunt
1329 2393 1405 2453 qnae
1428 2374 1539 2436 discre-

245 2486 317 2558 pant
339 2475 498 2554 aliquando
521 2496 535 2536 a
560 2477 678 2555 regulis.
1552 2491 1578 2529 m

127 2591 186 2653 431,
200 2590 232 2640 29
329 2580 424 2659 Saepe
447 2580 591 2657 contingit
614 2586 646 2639 ut
668 2582 697 2639 in
721 2577 864 2656 singulari
888 2597 1013 2639 nurnero
1029 2579 1149 2641 alterius
1171 2580 1289 2656 generis
1311 2580 1348 2639 sit
1371 2586 1399 2637 el
1421 2579 1451 2638 in
1475 2576 1539 2658 pln-

246 2681 300 2742 rali
323 2682 452 2742 alteriue.
481 2683 648 2742 invenimus
671 2681 800 2741 enimin
824 2679 965 2758 singulari
989 2700 1113 2742 numero
1136 2680 1214 2742 aliud
1238 2699 1333 2759 genus
1356 2688 1385 2740 et
1407 2679 1485 2741 aliud
1509 2683 1540 2741 in

245 2784 366 2864 plurali,
396 2792 428 2844 ul
456 2792 499 2844 est
527 2783 675 2845 balne'um.
722 2783 777 2842 boc
806 2780 943 2843 balneum
973 2782 1100 2844 dicimus
1128 2785 1158 2843 in
1183 2802 1308 2845 numero
1331 2782 1486 2859 singulari,
1511 2791 1541 2843 et

196 2868 199 2873 ⁵
245 2888 275 2946 in
303 2885 410 2986 plurali
439 2887 562 2946 elicimus
590 2885 646 2945 bae
670 2884 792 2945 balneae
822 2884 874 2944 has
896 2884 1029 2945 balneas:
1070 2888 1238 2946 ‘occisus
1268 2892 1323 2945 est
1350 2904 1366 2946 a
1395 2883 1540 2945 balneis

246 2986 436 3048 Pallaceni
468 3007 484 3047 a
518 3006 608 3048 cena
641 2988 793 3047 rediens
826 2987 959 3047 Romae
992 2988 1127 3048 Sextus
1161 2988 1344 3048 Roscius'.
1390 2989 1461 3047 item
1495 2995 1579 3047 esen

245 3091 418 3150 femininum
448 3092 478 3150 in
501 3088 645 3168 singulari
669 3097 698 3149 et
724 3091 755 3149 iu
778 3087 884 3168 plurali
907 3098 1060 3159 neutrum,
1084 3098 1116 3150 ut
1138 3088 1211 3149 baec
1235 3087 1389 3157 carbasuS,
1414 3089 1540 3150 ethaeo

245 3191 367 3252 carbasa
395 3191 522 3252 dicimus
550 3195 580 3251 in
610 3189 726 3270 plurali.
771 3192 841 3250 item
865 3192 896 3250 in
919 3190 1062 3269 singulari
1084 3211 1209 3253 numero
1231 3193 1381 3252 invenitur
1403 3191 1540 3253 masculi·

247 3313 331 3365 num,
363 3297 393 3354 in
423 3293 528 3374 plurali
557 3303 709 3362 neutrum,
740 3293 786 3353 bic
809 3293 949 3354 Tartarus
978 3294 1101 3355 ethaeo
1124 3294 1256 3356 Tartara.
1302 3291 1446 3354 debemus
1469 3311 1540 3371 ergo

247 3405 363 3466 notare,
388 3397 505 3476 quaudo
521 3403 592 3456 sunt
608 3398 726 3457 nomina
742 3397 771 3455 in
789 3392 921 3476 culmero
937 3395 1079 3474 singulari
1094 3395 1216 3457 alterius
1232 3397 1351 3473 generis
1368 3403 1397 3455 et
1418 3395 1541 3456 allerius

245 3499 276 3558 in
299 3497 421 3578 plurali,
451 3506 483 3559 ut
510 3500 552 3559 sic
580 3497 720 3559 dicantus.
765 3498 816 3558 sed
840 3499 916 3559 scire
939 3497 1030 3558 debes
1053 3499 1133 3576 quod
1156 3519 1174 3554 a
1203 3498 1275 3558 baec
1299 3495 1417 3566 balnea,
1441 3505 1475 3557 ut
1496 3507 1579 3559 eslao

247 3604 412 3660 ‘secreta
436 3602 448 3659 l
453 3603 528 3678 ugit
551 3599 647 3669 loca,
674 3599 806 3659 balnea
830 3592 948 3659 vi'l‘at’.
980 3599 1093 3661 eaelum
1109 3617 1234 3660 numero
1256 3599 1398 3676 singulari
1420 3602 1540 3677 generis

247 3703 344 3762 neutri
368 3710 425 3772 est,
455 3703 484 3762 in
513 3699 621 3780 plurali
649 3700 818 3763 masculini:
855 3701 1047 3763 boccacium
1071 3699 1411 3770 dicimusetlricaeli;
1440 3704 1540 3781 ‘quis

249 3854 314 3861 ——
331 3855 418 3861 ,--.-
442 3856 552 3862 ----

316 3941 396 3988 2non
417 3954 553 4003 numquam
578 3939 632 3989 AB
650 3954 695 3990 nee
711 3954 847 4002 uumquum
867 3939 921 3990 Co*
993 3941 1019 3990 in
1040 3941 1127 3990 eadem
1147 3940 1221 3991 eea
1238 3940 1262 3989 iu
1283 3939 1388 3989 alterins
1407 3940 1496 3989 eadem
1514 3942 1540 3989 A

246 4009 367 4062 diruetur
384 4011 510 4059 contrario
531 4011 554 4058 B
561 4010 602 4059 Co
621 4019 700 4059 nacta
716 4012 839 4059 contrario
858 4011 882 4058 A
953 4014 969 4062 4
989 4012 1151 4060 inueniuntur
1170 4011 1243 4062 aliter
1255 4010 1331 4060 BCo
1351 4011 1422 4059 aliter
1440 4011 1540 4061 iuueni-

247 4079 329 4131 lurA
400 4079 457 4130 but
475 4080 547 4141 qnasi
568 4091 640 4128 sonet
655 4081 841 4130 Lindenronnrcr
855 4083 927 4143 quasi
942 4089 1014 4130 sonet
1033 4081 1114 4131 ABG
1183 4079 1344 4129 Sinreileclu
1364 4090 1540 4130 suntmuscn-

247 4150 297 4199 lina
313 4149 357 4198 Ab
376 4150 503 4199 intellectu
523 4150 663 4199 masculina
680 4150 705 4198 B
725 4150 851 4200 intellectu
871 4160 954 4200 erilem
973 4151 1113 4200 masculine
1133 4151 1153 4201 0
1222 4151 1254 4201 10
1273 4150 1400 4217 Terentio]
1422 4150 1538 4205 Eunuclr.

243 4223 314 4284 prol.
333 4218 367 4270 32
422 4219 455 4271 19
471 4218 599 4287 quomam]
621 4231 714 4281 nirenta
729 4221 809 4271 ΑΒΘ
866 4223 899 4270 24
919 4221 1107 4272 basbalnasA
1160 4221 1258 4271 occisus
1277 4217 1324 4287 est]
1346 4222 1397 4274 Cic.
1416 4239 1443 4287 p.
1462 4223 1538 4274 Rore.

248 4291 304 4344 Aru,
319 4290 344 4352 7,
360 4289 392 4340 18
444 4304 458 4338 u
478 4290 573 4340 balneis
587 4290 710 4355 pelluceni
727 4292 752 4340 B
759 4286 818 4341 Ca*
832 4291 906 4340 ebeln
922 4333 927 4344 ,
944 4334 968 4345 ,,
986 4291 1032 4354 (ad
1051 4292 1155 4342 balneas
1168 4302 1194 4342 uc
1210 4292 1309 4340 videtur
1326 4292 1356 4356 a)
1374 4291 1501 4359 pullageni
1515 4297 1540 4342 A

315 4361 349 4410 25
368 4361 467 4409 rediens
487 4360 560 4410 BCo
579 4361 695 4411 redicens
714 4362 738 4410 A
795 4371 883 4411 sextus
901 4360 991 4412 nea*
1011 4362 1123 4412 aecnsA
1187 4363 1280 4411 rostius
1298 4361 1323 4410 A
1377 4361 1411 4412 '26
1431 4370 1458 4411 ιιι
1477 4359 1541 4413 lineo

247 4431 375 4482 carbasina
388 4430 469 4494 (corr,
486 4429 554 4490 ens)
572 4441 595 4480 et
610 4431 672 4480 lmec
685 4432 791 4481 carbasa
806 4433 829 4481 A
843 4441 869 4480 ul
886 4430 937 4494 (est
950 4431 1011 4484 odd.
1024 4432 1060 4495 B)
1075 4431 1137 4481 baec
1156 4433 1291 4481 cerbnssus
1306 4431 1406 4482 ethaeo
1420 4433 1540 4484 carbasea

245 4502 293 4554 BG
344 4500 378 4552 30
395 4501 432 4551 sic
447 4500 561 4549 dicamus
574 4500 648 4550 BOo
665 4502 687 4551 si
700 4503 814 4552 dieamus
834 4503 858 4551 A
911 4502 956 4550 sed
976 4504 1039 4551 scire
1059 4503 1137 4552 debes
1156 4503 1224 4565 quod
1241 4502 1323 4566 (corr.
1344 4501 1412 4566 quod
1430 4499 1494 4552 haee
1511 4505 1540 4564 o)

247 4573 337 4623 balnea
353 4581 381 4621 ut
399 4579 438 4621 est
455 4572 548 4620 sectile
564 4571 642 4634 (corr.
657 4575 766 4634 secretu)
781 4608 807 4624 ,.
825 4572 918 4622 edebeo
935 4573 1000 4634 qrrod
1018 4572 1081 4621 haee
1096 4573 1185 4622 balnea
1204 4582 1286 4622 ut,est
1300 4573 1366 4638 lugit
1380 4572 1435 4622 loca
1448 4573 1540 4622 balnea

247 4644 341 4696 uitet..
364 4641 461 4691 caelum
481 4641 513 4694 A.
534 4644 625 4691 lacuna
643 4659 716 4709 qnam
735 4644 844 4693 indicaui
860 4644 896 4692 ila
913 4644 1027 4707 suppleri
1043 4651 1133 4706 polest,
1152 4644 1197 4693 sed
1216 4644 1280 4692 scire
1299 4644 1376 4693 debes
1395 4643 1464 4706 quod
1480 4655 1544 4694 sirnt

247 4713 333 4777 aliquo
353 4713 455 4762 nomina
475 4726 539 4773 quae
553 4712 653 4761 diverso
668 4728 762 4779 genere
782 4714 900 4779 leguntur
919 4715 944 4761 in
965 4729 1069 4763 numero
1082 4714 1187 4779 plurali:
1208 4728 1264 4762 nam
1285 4713 1428 4763 invenimus
1447 4722 1472 4762 et
1491 4713 1540 4762 bne

247 4784 351 4833 balneae
371 4782 472 4831 ethaeo
488 4782 586 4839 balneo,
606 4784 815 4844 pollicebimur,
834 4783 879 4834 sed
896 4785 961 4832 seire
980 4785 1101 4834 debemus
1120 4784 1187 4846 quod
1203 4785 1311 4834 dicimus
1328 4793 1352 4834 et
1369 4783 1432 4832 haee
1450 4783 1540 4834 balinea

316 4851 347 4906 31
362 4848 468 4917 secreta]
494 4852 558 4904 Hor.
576 4854 608 4904 de
626 4861 675 4904 ort.
692 4863 760 4916 poet·
778 4853 829 4905 298
901 4853 934 4905 32
951 4853 1019 4921 quis]
1041 4855 1178 4907 laterculi
1199 4853 1266 4906 1097
