3346 5498
281 373 343 438 556
367 427 369 431 .
804 362 943 434 iulum.
966 373 1051 434 ΒΟΒ.

308 482 465 536 pmmv

432 581 498 623 nee
520 580 603 640 spes
627 540 825 620 libertatis
846 569 929 620 erat
951 577 1017 619 nec
1039 577 1129 619 curu
1151 559 1291 638 peculi,

281 666 353 724 item

431 764 668 842 Parthenope
691 763 835 823 studiis
857 762 1061 823 florentem
1084 761 1270 840 ignobilis
1298 763 1368 830 oti,

280 875 311 927 et
332 865 403 927 alibi
716 848 718 852 ’

367 1045 370 1052 Ι
430 969 491 1027 hic
514 976 633 1028 tamen
656 965 723 1026 ille
746 967 1020 1038 urbemPatavi
1043 965 1226 1044 sedesque
1251 965 1391 1024 locavit
1588 993 1602 1031 5

280 1088 336 1149 pro
358 1069 473 1129 Horatii
496 1071 609 1147 tugurii
631 1068 741 1148 peculii
764 1071 818 1129 otii
841 1068 964 1128 Patavii.

362 1171 405 1232 De
428 1173 560 1230 vocativo
583 1170 738 1247 singulari.
782 1188 837 1248 per
864 1188 965 1230 omnes
988 1169 1205 1248 declinationes
1225 1169 1255 1227 in
1279 1165 1379 1227 latinis
1402 1165 1576 1227 nominibus

280 1271 359 1332 idem
383 1273 443 1331 erit
464 1273 613 1332 vocativus
635 1274 686 1351 qui
709 1280 739 1331 et
761 1273 975 1341 nominativae,
999 1279 1119 1350 praeter
1141 1287 1264 1348 graeca,
1288 1287 1364 1348 quae
1387 1277 1416 1329 et
1438 1271 1500 1328 suis
1524 1289 1574 1328 re·

278 1371 356 1451 gulis
377 1375 512 1433 serviunt
533 1382 562 1433 et
585 1373 701 1442 latinis,
725 1379 756 1432 et
777 1381 897 1452 praeter
912 1392 947 1434 ea
962 1391 1038 1452 quae
1061 1381 1091 1432 et
1113 1371 1260 1432 secundae
1275 1369 1480 1430 declinationis
1501 1381 1574 1431 sunt
1648 1438 1651 1444 ,

279 1484 308 1535 et
329 1494 365 1536 us
388 1477 595 1534 terminantur.
618 1493 653 1535 ea
668 1477 747 1533 enim
763 1475 849 1534 modo
872 1493 904 1544 e,
927 1474 1014 1535 modo
1032 1476 1041 1533 i
1058 1476 1223 1533 vocativum
1246 1472 1444 1533 determinant
1465 1490 1571 1534 sunm:
1589 1494 1614 1531 ro

277 1585 348 1636 tunc
371 1578 397 1645 i,
431 1594 498 1635 curn
526 1596 561 1637 us
589 1595 665 1655 pura
692 1576 784 1635 luerit
811 1576 1004 1636 antecedente
1033 1578 1043 1635 i
1072 1577 1171 1636 littera
1199 1582 1230 1633 ct
1257 1576 1378 1653 propria
1406 1575 1479 1640 sint,
1510 1593 1573 1633 non
1598 1596 1603 1604 ·

278 1677 469 1756 appellatiia;
492 1677 588 1739 ablata
611 1680 690 1737 enim
713 1677 816 1738 eadem
839 1696 874 1737 ns
896 1677 1008 1756 syllaba
1030 1677 1142 1737 iaciunt
1164 1678 1343 1745 vocativum,
1368 1683 1400 1735 ut
1421 1674 1573 1752 Vergilius
1638 1663 1642 1672 ⁴

277 1798 294 1838 o
317 1778 443 1854 Vergili,
468 1779 628 1839 Terentius
651 1797 668 1837 o
690 1778 828 1839 Terenti:
853 1787 923 1839 tunc
945 1798 978 1849 e,
1002 1797 1069 1838 cum
1088 1797 1124 1838 er
1147 1778 1194 1838 his
1218 1777 1313 1838 tribus
1336 1776 1380 1837 vel
1403 1795 1494 1837 unum
1517 1778 1571 1836 de·

277 1882 380 1949 luerit,
414 1889 465 1941 aut
497 1899 570 1960 pura
604 1900 654 1950 us,
690 1889 739 1941 aut
767 1884 777 1940 i
806 1880 998 1949 antecedens,
1029 1888 1080 1940 aut
1107 1882 1171 1959 ipsa
1198 1883 1375 1959 proprietas
1421 1880 1572 1958 excipitur

277 1999 368 2039 vumm
394 1980 486 2041 filius:
516 1982 571 2042 boc
600 1983 693 2052 enirm
722 1985 856 2062 quamvis
884 2001 942 2042 non
971 1984 1010 2041 sit
1035 1983 1205 2060 proprium,
1235 1991 1333 2041 tamen
1355 1981 1476 2058 regulae
1500 1999 1570 2059 pro·
1587 1999 1613 2036 rs

276 2084 411 2160 priorum
434 2085 563 2162 inrepsit
585 2093 615 2143 et
636 2086 802 2145 vocativum
825 2104 911 2145 suum
934 2086 1005 2144 lecit
1027 2102 1044 2142 o
1066 2083 1122 2153 fili,
1146 2085 1223 2144 sicut
1244 2081 1334 2143 lulius
1356 2102 1374 2142 o
1396 2082 1461 2142 luli.

360 2183 401 2242 De
431 2186 562 2261 genitivo
590 2193 621 2244 et
642 2185 740 2246 dativo
763 2186 936 2265 pluralibus
981 2187 1077 2264 prima
1100 2184 1260 2245 declinatio
1282 2194 1312 2244 et
1334 2185 1462 2244 secunda
1485 2187 1571 2261 geni-

276 2287 368 2346 tivum
391 2285 534 2365 pluralem
557 2287 670 2347 iaciunt
692 2287 792 2346 addita
814 2305 880 2347 rum
903 2285 1016 2366 syllaba
1039 2285 1167 2347 ablativo
1189 2289 1270 2346 casui
1293 2286 1453 2364 singulari,
1477 2294 1511 2345 ut
1532 2286 1570 2345 ab

276 2388 331 2448 imo
357 2395 443 2466 poeta
472 2387 578 2447 borum
607 2396 778 2467 poetarum,
808 2387 845 2448 ab
874 2388 929 2448 boe
952 2389 1038 2448 docto
1061 2388 1165 2448 borum
1189 2388 1353 2448 doctorum.
1398 2388 1447 2446 hic
1469 2396 1570 2447 tamen

275 2487 452 2567 aliquotiens
474 2497 595 2549 ornatus
617 2492 712 2566 gratia
734 2489 780 2548 vel
802 2493 890 2550 metri
907 2485 1083 2550 necessitate
1107 2490 1151 2549 vel
1174 2490 1389 2549 consuetudine
1413 2492 1571 2550 vetustatis
1586 2512 1613 2549 eo

274 2609 328 2669 per
350 2585 526 2670 συγκοπήν
546 2592 764 2669 pronuntiatur.
811 2593 841 2650 in
870 2592 1114 2671 primoquidem
1143 2591 1341 2651 declinatione
1369 2593 1400 2650 in
1424 2591 1570 2669 hisquae

274 2695 435 2771 composita
463 2702 545 2762 sunt,
575 2702 608 2753 ut
638 2692 843 2753 caelicolarum
876 2692 1065 2761 caelicolum,
1100 2695 1326 2770 omnigenarum
1362 2694 1569 2769 omnigenum:

275 2793 423 2871 Vergilius

949 2915 1157 2975 superoque
1180 2898 1365 2956 nitentem

425 2997 646 3057 caelicolum
670 3001 750 3074 regi
774 2996 977 3058 mactabam
1000 3001 1037 3058 iu
1060 2998 1176 3058 litore
1201 3007 1361 3066 taurum,

274 3099 352 3159 idem

425 3201 740 3280 omnigenumque
763 3202 868 3262 deum
892 3211 1055 3262 monstra
1079 3210 1115 3260 et
1137 3201 1299 3262 latrator
1322 3199 1475 3262 Auulvis.

274 3303 402 3362 amlorae
432 3303 521 3361 etiam
550 3320 608 3360 uon
638 3304 832 3373 arnloravum,
861 3304 913 3363 sed
937 3304 1096 3364 amiorum:
1128 3304 1167 3362 ita
1191 3304 1269 3362 enirn
1292 3320 1410 3381 semper
1433 3321 1498 3361 esse
1523 3303 1569 3362 di·

273 3405 400 3463 cendum
424 3405 482 3462 iam
505 3403 573 3462 inde
602 3406 766 3483 antiquitus
794 3404 930 3465 obtinuit.
975 3406 1006 3463 in
1035 3404 1164 3464 secunda
1188 3423 1257 3463 vero
1279 3404 1478 3463 declinatione
1504 3412 1570 3462 tan·

273 3514 335 3564 lum
358 3523 425 3563 cum
453 3506 513 3563 sint
540 3508 660 3581 generis
689 3505 860 3574 masculini,
892 3515 923 3565 ul
945 3508 1076 3565 virorum
1099 3507 1209 3566 virum:
1233 3507 1348 3565 ‘arma
1372 3508 1489 3564 virum
1507 3512 1569 3564 ta·
1589 3528 1615 3567 eo

273 3606 490 3685 bulaeque’:
514 3606 680 3667 modiorum
701 3608 846 3674 modium,
870 3609 948 3666 sicut
963 3607 1078 3667 Tullius
1093 3606 1218 3687 ubique,
1236 3609 1440 3667 sestertiorum
1456 3615 1569 3666 sester-

273 3710 357 3767 tium.
403 3726 469 3767 nam
502 3726 598 3787 neque
632 3705 778 3790 senrilnini
811 3712 932 3785 generis
960 3727 1055 3788 neque
1089 3711 1189 3768 neutri
1217 3711 1335 3769 nomina
1369 3707 1479 3786 placuit
1511 3708 1571 3767 boc

273 3808 360 3868 modo
388 3810 537 3868 enuntiari
566 3828 619 3888 per
649 3813 814 3886 genitivum
842 3810 1002 3888 pluralem,
1032 3828 1067 3868 ae
1095 3813 1222 3870 maxime
1251 3819 1370 3878 neutra,
1400 3828 1436 3868 ne
1464 3817 1495 3868 et
1519 3809 1570 3870 hie

275 3913 359 3968 lieret
380 3906 611 3988 συνέμπτωσις
633 3913 806 3971 nominativi
830 3912 999 3988 singularis
1024 3921 1054 3970 et
1076 3912 1254 3971 essentiam
1277 3930 1335 3971 non
1359 3912 1489 3989 triptota,
1514 3914 1569 3971 sed

274 4018 447 4088 tetraptota,
477 3997 607 4088 ut'puta
635 4031 690 4090 pro
720 4013 896 4090 templorum
919 4012 1076 4091 templum,
1101 4013 1178 4091 quod
1202 4021 1246 4072 est
1269 4013 1441 4071 nominativi
1466 4020 1495 4070 et
1518 4031 1567 4070 ac-
1584 4040 1611 4075 a.

274 4114 396 4173 cusativi
421 4120 450 4170 ct
472 4114 605 4171 vocativi.
651 4117 722 4173 item
745 4116 900 4193 utriusque
930 4115 1139 4193 supradictae
1167 4112 1375 4174 declinationis
1398 4113 1514 4172 dativus
1538 4123 1570 4172 et

273 4215 419 4274 ablativus
446 4213 569 4293 pluralis
591 4216 617 4273 is
640 4215 749 4294 syllaba
775 4218 967 4284 terminatur,
997 4218 1132 4294 exceptis
1154 4235 1229 4294 quac
1252 4214 1454 4291 arnbiguitatis
1476 4232 1568 4274 causa

273 4315 485 4376 discernendae
513 4323 614 4375 contra
645 4319 793 4376 rationem
815 4326 935 4398 recepta
959 4327 1041 4387 sunt,
1072 4316 1189 4377 liliabus
1211 4316 1323 4377 deabus
1345 4315 1478 4396 equabus
1501 4336 1568 4376 rnn-

273 4418 371 4487 labus,
401 4419 472 4476 item
500 4415 644 4478 ambabus
671 4419 801 4488 duabus,
837 4420 924 4480 domo
958 4420 1112 4480 domorum
1140 4419 1285 4480 domibus.
1331 4419 1421 4497 idque
1450 4420 1567 4497 antiqui

344 4634 432 4703 inec]
459 4639 538 4701 Verp.
560 4638 638 4687 bucol.
661 4640 685 4698 1,
706 4640 740 4689 33
810 4638 1014 4704 3l‘ertbenope]
1038 4641 1217 4704 Verpyeorp,
1236 4640 1275 4687 llll
1297 4639 1346 4688 564
1418 4636 1463 4703 oti]
1488 4640 1524 4687 uti
1544 4641 1570 4690 B

341 4709 357 4754 iv
376 4707 429 4771 bie]
450 4710 528 4771 Verp.
549 4709 609 4756 Aen.
628 4710 635 4754 l
656 4710 705 4758 247
777 4711 1004 4759 uttcvrrrsnionline
1025 4711 1047 4756 ll
1118 4713 1151 4758 2⁴
1170 4709 1324 4773 superoque]
1349 4710 1427 4772 Verp.
1447 4708 1512 4761 Aen,
1536 4712 1569 4759 ΙΙΙ

272 4779 306 4824 ‘20
359 4778 556 4826 'iberaeliculnm
576 4776 600 4823 B
652 4779 684 4826 27
704 4777 929 4843 omnigemrmque]
953 4781 1110 4842 Verqtlen.
1133 4780 1191 4828 Vlll
1210 4779 1261 4829 otiu
1326 4779 1359 4826 30
1377 4775 1457 4842 arma]
1485 4780 1568 4844 Verp.

273 4847 336 4896 Aea,
354 4849 361 4893 l
383 4847 431 4894 llll
500 4849 533 4896 34
553 4861 719 4895 cvnunrwerc
737 4848 763 4896 B
