3346 5498
133 368 196 435 276
694 375 846 439 POMPEI!

157 480 316 533 pror-031,

131 563 365 640 praepositiones
386 561 590 623 indillerenter
612 562 775 643 ponebant,
800 582 879 626 nunc
901 569 1067 627 accusativo
1088 569 1214 639 iunctos,
1239 583 1318 625 nunc
1340 561 1422 624 abla-

132 665 200 724 tivo.
245 672 325 724 aetas
351 666 499 743 posterior
522 664 578 725 boc
599 664 750 744 probavit,
778 675 811 727 ut
837 666 998 728 debeamus
1020 667 1253 729 animadvertere
1273 667 1421 743 rationem

131 765 305 835 verborum,
329 783 403 843 quae
419 766 507 826 verba
523 768 745 846 coniunguntur
760 767 934 837 elocutioni;
960 777 989 828 et
1009 788 1077 830 cunr
1094 768 1253 829 viderimus
1274 769 1421 829 rationem

131 865 303 942 verborum,
327 869 370 927 sic
392 867 658 939 considerabimus
683 876 781 930 utrum
804 872 997 932 mutationem
1014 870 1150 930 babeant
1171 871 1233 949 ipsa
1256 868 1359 938 verba,
1382 887 1420 929 an

130 971 379 1046 permansionem.
426 969 534 1030 deinde
561 972 587 1031 si
614 971 723 1032 videris
745 970 834 1032 rerba
858 973 1024 1050 significare
1047 974 1255 1040 mutationem,
1280 981 1349 1032 tunc
1372 988 1448 1034 ac·a

131 1073 260 1131 cusativo
288 1075 401 1141 uraris
430 1073 454 1133 si
482 1075 735 1152 permansionem,
767 1082 837 1135 tunc
866 1072 1002 1136 ablativo.
1048 1083 1080 1135 ut
1107 1083 1176 1154 puta
1205 1091 1262 1151 quo
1285 1072 1373 1132 modo
1396 1073 1422 1131 si
1473 1104 1477 1122 ·

131 1171 211 1233 dicas
239 1191 331 1253 pergo
359 1175 532 1253 prolicisoor
555 1175 627 1234 vado
651 1194 700 1244 eo,
730 1177 829 1236 omnia
856 1177 910 1236 ista
933 1177 1123 1237 minationem
1147 1176 1325 1253 significant.
1371 1175 1423 1252 qui

131 1274 201 1334 dicit
224 1277 334 1353 ‘pergo
343 1276 362 1345 ’,
393 1295 452 1337 non
474 1296 506 1338 se
535 1276 665 1337 ostendit
686 1279 716 1337 in
740 1294 798 1337 uno
821 1276 886 1336 loco
909 1284 1006 1346 stare;
1030 1278 1080 1357 qui
1104 1277 1175 1337 dicit
1197 1277 1421 1355 ‘proficiscor’,

130 1376 258 1438 ostendit
280 1395 312 1456 se
340 1379 370 1437 ln
399 1376 524 1439 alterum
545 1377 644 1438 locum
667 1381 809 1448 transire;
840 1380 891 1458 qui
913 1377 986 1439 dicit
1007 1377 1096 1447 vado,
1120 1380 1150 1438 in
1174 1377 1298 1438 alterum
1321 1376 1420 1438 locum

130 1479 257 1539 transire
279 1497 311 1539 se
333 1479 529 1547 demonstran
558 1482 608 1560 qui
631 1480 702 1540 dicit
724 1499 773 1551 eo,
802 1480 949 1562 similiter.
994 1499 1065 1558 ergo
1088 1481 1227 1560 quoniam
1250 1481 1306 1540 ista
1329 1479 1461 1540 verbam

130 1583 227 1639 omnia
251 1583 443 1641 mutationem
466 1583 645 1660 significant,
674 1581 702 1642 id
727 1591 771 1642 est
797 1589 895 1643 actum
919 1581 1066 1659 quendam
1092 1581 1095 1660 l
1120 1581 1232 1643 babent
1255 1591 1283 1642 et
1305 1589 1420 1642 motum

129 1681 291 1760 quemlam,
321 1684 398 1743 scire
427 1683 569 1743 debemus
596 1682 691 1762 quod,
719 1675 984 1762 quotienscumque
1012 1684 1085 1744 baec
1112 1682 1200 1744 verba
1229 1684 1366 1762 ponimus
1388 1683 1420 1742 in

130 1782 311 1853 elocutione,
336 1782 426 1863 [scire
442 1784 532 1846 debes
547 1784 641 1865 quod]
655 1784 726 1845 illae
741 1787 977 1864 praepositiones
992 1787 1158 1846 accusativo
1182 1788 1354 1864 iunguntur.
1387 1794 1422 1844 ut

128 1895 196 1964 puta
220 1905 260 1945 eo
278 1888 308 1945 in
330 1886 444 1955 lorum,
474 1906 509 1947 eo
538 1889 569 1948 in
597 1885 763 1957 basilicam,
792 1905 884 1966 pergo
913 1887 967 1948 sub
996 1886 1159 1957 basilicam,
1188 1889 1360 1966 prollciscor
1388 1888 1420 1947 in

129 1985 242 2058 villam,
266 1990 438 2066 proficiscor
459 1991 490 2049 in
512 1989 626 2056 lorum,
650 1990 822 2068 quoliciscor
838 1988 894 2050 sub
909 1991 1016 2058 lorum,
1041 1987 1115 2049 abeo
1137 1990 1166 2049 in
1190 1989 1319 2057 domum,
1343 1987 1419 2048 abeo
1435 2007 1460 2049 ιι

128 2088 158 2148 in
181 2088 288 2149 villam.
334 2109 404 2168 ergo
434 2091 552 2168 quando
580 2091 621 2149 vis
644 2088 800 2167 diligenter
824 2099 853 2150 et
881 2090 1094 2152 rationabiliter
1117 2093 1158 2150 uti
1180 2092 1244 2151 istis
1265 2091 1421 2170 praeposi·

128 2189 273 2260 tionibus.
304 2200 438 2252 naturam
469 2191 627 2253 vorborum
657 2194 785 2271 primum
816 2192 987 2262 considera,
1011 2194 1087 2254 etsi
1110 2191 1345 2252 consideraveris
1367 2210 1420 2252 na·

127 2300 223 2353 turam
256 2293 414 2355 verborum
450 2303 480 2355 et
506 2294 615 2354 videris
644 2310 710 2353 esse
737 2293 856 2355 mobilia
885 2302 914 2353 et
941 2293 1053 2354 babere
1081 2294 1235 2354 transitum
1259 2293 1418 2372 quendam,

126 2395 204 2454 scire
227 2393 318 2456 debes
340 2394 420 2475 quod
443 2397 608 2456 accusativo
631 2397 776 2465 serviunt;
801 2397 845 2456 sin
869 2394 963 2465 aliter,
987 2394 1122 2459 ablativo.
1167 2403 1200 2455 ut
1222 2396 1246 2454 si
1269 2394 1350 2455 dicas
1372 2403 1419 2455 sto

126 2495 214 2555 sedeo
243 2515 363 2566 maneo,
392 2498 490 2558 omnia
518 2498 571 2557 ista
599 2499 803 2574 permanentis
830 2496 941 2562 babent
968 2499 1224 2575 significationem.
1269 2498 1319 2576 qui
1347 2495 1458 2558 diciteo

127 2604 187 2666 sto,
211 2615 270 2658 non
292 2600 450 2660 transitum
472 2598 555 2668 lacit,
579 2598 629 2658 sed
653 2600 684 2658 in
707 2598 771 2658 loco
789 2607 848 2668 est;
872 2601 923 2678 qui
944 2599 1014 2659 dicit
1035 2618 1155 2669 maneo,
1179 2616 1239 2658 non
1261 2599 1419 2659 transitum

125 2698 208 2768 lacit,
232 2700 282 2760 sed
306 2703 336 2761 in
360 2700 425 2761 loco
449 2708 506 2767 est;
531 2701 580 2777 qui
604 2699 674 2760 dicit
695 2699 799 2768 sedeo,
824 2700 968 2761 similiter.
1000 2719 1071 2779 ergo
1094 2700 1239 2760 debemus
1255 2697 1356 2760 dicere
1371 2707 1419 2760 sto

125 2799 154 2857 in
178 2801 257 2870 loro,
287 2813 332 2862 sto
355 2804 385 2862 in
409 2800 543 2869 basilica,
573 2801 663 2862 sedeo
685 2802 739 2862 sub
762 2803 842 2871 loro,
874 2801 962 2862 sedeo
986 2802 1041 2861 sub
1065 2801 1194 2862 basilica.
1228 2803 1339 2861 <omnia
1361 2803 1419 2863 ista

125 2902 163 2960 ita
186 2921 218 2963 se
240 2902 364 2973 babent,
388 2911 436 2972 ut,
461 2903 577 2983 quando
600 2903 688 2964 verba
712 2905 905 2965 mutationem
928 2904 1109 2981 significant,
1132 2902 1199 2965 illae
1221 2904 1417 2983 praepositio·

127 3021 179 3063 nes
202 3006 375 3065 accusativis
396 3006 569 3082 iungantur,
600 3004 717 3084 quando
739 3007 993 3085 permansionem,
1016 3003 1083 3066 illae
1106 3007 1341 3084 praepositiones
1356 3005 1416 3066 ab·
1430 3026 1455 3067 aa

125 3104 219 3166 lativis
246 3107 414 3184 iungantur.
459 3091 516 3167 boc
544 3106 657 3167 scilicet
685 3107 722 3168 de
749 3105 862 3168 duabus
889 3108 967 3178 istis,
996 3109 1027 3167 in
1056 3115 1085 3165 et
1111 3105 1182 3176 snb,
1221 3105 1299 3186 quod
1328 3106 1416 3168 bodie

109 3209 291 3286 sequimur,
315 3208 372 3268 boo
395 3207 471 3268 dixi:
494 3208 583 3269 bodie
601 3208 681 3271 'duae
703 3217 772 3270 sunt
792 3209 1027 3288 praepositiones
1042 3226 1117 3287 quae
1139 3210 1169 3268 in
1192 3207 1430 3288 ambiguitatem-

124 3311 260 3380 veniunt,
289 3312 319 3370 in
348 3317 377 3370 et
404 3309 474 3379 sub;
503 3320 533 3372 et
560 3329 616 3389 qua
644 3319 706 3373 arte
736 3320 892 3390 regantur,
916 3309 986 3370 dixi.
1011 3307 1014 3389 l
1038 3328 1127 3390 super
1150 3318 1179 3370 et
1202 3309 1304 3371 subter
1326 3310 1416 3371 bodie

125 3415 306 3473 accusativae
334 3420 410 3473 sunt.
456 3431 516 3473 non
544 3413 598 3473 tibi
626 3413 706 3484 dieo,
734 3416 818 3474 istam
846 3414 871 3473 si
898 3413 939 3472 ita
968 3413 1116 3491 proleras,
1147 3413 1305 3472 accusativi
1328 3420 1374 3472 est
1395 3428 1414 3464 ιι

124 3514 226 3574 subter
248 3513 296 3573 illa
320 3532 390 3573 vero
413 3513 546 3584 ablativl;
571 3534 630 3576 non
655 3515 706 3575 tibi
730 3515 796 3577 dico
819 3514 898 3574 illam
915 3517 1014 3592 super,
1039 3515 1266 3593 ‘superterram
1282 3512 1452 3575 ambulo’ea

124 3624 153 3673 et
175 3618 233 3675 ‘sto
255 3634 345 3693 super
366 3620 473 3698 terrass,
498 3627 568 3695 puta
591 3626 636 3686 ut,
661 3617 777 3696 quando
793 3617 1055 3677 commutationem
1071 3616 1225 3693 significat,
1249 3617 1414 3675 accusativo

124 3717 204 3776 dicas
231 3718 331 3786 istam,
361 3727 412 3778 aut
443 3718 560 3797 quando
583 3721 839 3797 permansionem,
868 3715 993 3778 ablativo
1015 3716 1096 3778 dicas
1118 3716 1207 3778 illam.
1253 3717 1415 3787 nonlicet,

124 3799 176 3878 sed
199 3821 259 3877 sive
282 3838 341 3894 eas,
365 3820 426 3878 sive
447 3837 636 3898 permaneas,
661 3818 728 3879 illae
750 3821 985 3899 praepositiones
1008 3820 1181 3880 accusativis
1202 3817 1321 3879 casibus
1343 3838 1413 3880 con·

121 3922 292 3996 iunguntur.
339 3936 410 3997 ergo
438 3922 468 3979 in
498 3929 527 3980 et
559 3919 614 3980 sub
647 3920 810 3982 seeundum
839 3921 917 3982 illam
946 3922 1092 3982 rationem
1120 3939 1208 3998 quam
1242 3921 1302 3981 dixi
1334 3940 1414 3983 nunc

194 4159 205 4207 l
227 4158 325 4206 iunctas
344 4174 390 4211 ont,
411 4157 493 4208 ABG
574 4160 590 4207 '2
609 4159 728 4223 probauit
747 4159 817 4210 Act
837 4161 970 4225 usurpauit
988 4159 1013 4209 B
1097 4161 1113 4209 4
1134 4173 1166 4207 an
1183 4159 1228 4219 ¹(an
1248 4160 1269 4208 si
1289 4161 1313 4210 A
1332 4175 1363 4209 on
1384 4159 1412 4225 a)

123 4228 326 4294 qverrnansionem
344 4229 368 4277 oi
386 4229 590 4293 permansionem
609 4236 667 4276 tune
681 4228 790 4277 ablatiuo
810 4229 903 4279 deiude
921 4232 942 4279 si
960 4229 1055 4280 uideris
1074 4230 1152 4277 uerba
1171 4229 1316 4294 significare
1331 4240 1414 4279 muta·

122 4301 217 4347 tionem
232 4307 292 4346 tune
310 4298 457 4347 accusation
476 4297 636 4364 (siguificare
655 4300 860 4363 permansionem
879 4311 938 4348 tuno
956 4299 1148 4350 ablatiuo'add.
1167 4298 1205 4361 A)
1223 4309 1249 4347 ut
1265 4310 1326 4363 puta
1341 4300 1414 4350 ABG

192 4368 261 4418 1721
278 4365 403 4429 omAG,
421 4368 482 4423 add.
498 4384 535 4418 oe
607 4367 639 4418 18
656 4379 681 4417 et
699 4368 777 4417 babes
797 4378 821 4418 et
840 4371 972 4418 transitum
990 4369 1076 4420 rua*
1095 4378 1119 4416 et
1138 4367 1216 4418 babes
1235 4370 1368 4418 transitum
1387 4370 1412 4419 A

190 4437 225 4488 28
242 4440 349 4488 ueniunt
368 4446 392 4485 et
411 4439 477 4487 luet
497 4438 544 4486 aab
562 4436 645 4487 ABG
727 4447 751 4487 et
767 4453 816 4501 qna
837 4447 889 4488 arte
907 4454 924 4488 a
943 4449 967 4488 et
985 4447 1071 4501 quarte
1090 4439 1114 4486 A
1132 4448 1156 4486 et
1177 4453 1227 4499 qna
1243 4440 1341 4488 ratione
1360 4437 1414 4488 BC

191 4508 225 4558 ‘29
243 4507 374 4572 praeferas
393 4523 461 4558 corr.
486 4505 643 4572 prolerasO
727 4511 840 4558 lacunam
862 4509 983 4567 indicaui,
1007 4525 1057 4574 qua
1080 4512 1195 4569 exempto
1216 4510 1414 4571 praepositionis

123 4577 209 4626 subter
227 4582 266 4629 uel
282 4580 425 4629 commatico
438 4579 478 4627 vel
494 4578 603 4627 ablativo
618 4581 725 4639 iunctae,
746 4581 831 4644 qualia
850 4578 881 4628 de
898 4581 1085 4643 praepositione
1103 4593 1180 4642 super
1197 4580 1329 4641 adscripta
1345 4585 1412 4640 eunt,

122 4648 250 4698 eaeidisse
267 4650 383 4698 ridentur
452 4648 486 4698 30
505 4648 547 4696 illa
564 4651 779 4698 ueroeoousatlui
797 4646 1001 4699 ABCablatiul
1019 4652 1046 4698 in
1063 4662 1173 4711 werpe
1244 4650 1313 4698 illam
1334 4663 1412 4713 super

123 4729 215 4766 verram
231 4720 255 4768 Il
325 4719 425 4768 ambula
445 4717 502 4767 AB
571 4719 604 4769 31
623 4727 662 4766 sto
681 4733 758 4783 super
773 4729 854 4768 terras
868 4719 893 4767 B
907 4728 945 4767 sto
965 4720 1051 4768 subter
1067 4728 1146 4766 terras
1162 4717 1186 4763 A
1206 4729 1244 4767 sto
1264 4721 1312 4767 sub
1331 4730 1410 4767 terras

121 4785 142 4833 (J
196 4799 256 4851 puta
274 4797 301 4837 nt
313 4788 367 4847 (aut
381 4784 450 4847 AB)
467 4787 568 4837 ambulo
586 4790 703 4851 quoniam
722 4789 852 4851 (quonlam
871 4804 918 4842 om,
934 4789 967 4851 A,
980 4788 1042 4838 ariel.
1057 4788 1087 4849 a)
1102 4789 1322 4838 commutationem
1339 4788 1412 4838 ABG

191 4859 224 4907 32
242 4869 285 4906 ιιιιι
304 4859 422 4920 ‹pvoninm
436 4860 641 4923 permansionem
659 4858 745 4908 ABG
