3346 5498
659 371 894 435 couuuurtll
1388 370 1429 434 85

141 556 193 621 sed
221 579 262 622 ne
289 557 518 644 antiquissima
546 558 676 644 quidem
705 557 825 639 forma,
848 579 932 644 quae
954 556 1085 643 quidem
1108 555 1151 619 ad
1174 564 1317 620 nostram
1341 566 1428 621 aeta-

139 672 200 724 tem
226 669 411 746 propagata
438 661 496 739 sit,
523 657 559 723 id
588 659 680 746 qued
701 659 807 726 solum
834 659 903 723 fere
930 658 964 722 in
991 659 1087 723 huius
1115 657 1205 723 modi
1227 657 1320 722 libris
1344 680 1428 723 com-

138 760 223 824 muni
245 783 310 825 usu
332 761 420 826 tritis
443 760 626 846 quaeritur,
650 765 779 828 restitui
802 763 915 849 possit.
947 782 1085 847 eumque
1112 769 1246 846 propter
1266 758 1427 824 vilitatem

137 885 259 945 rerum,
288 863 323 926 in
352 863 471 949 quibus
495 864 640 928 maxima
667 887 743 952 pars
771 863 855 929 libri·
870 873 1036 944 versatur,
1060 883 1177 948 operae
1199 862 1340 946 pretium
1362 882 1428 925 non

136 974 221 1029 esset
243 985 371 1029 omnem
393 964 544 1033 codicum
567 964 820 1052 discrepantiam
836 977 911 1031 ante
932 961 1042 1030 oculos
1066 985 1203 1051 ponere,
1225 962 1427 1026 tutissimum

136 1071 203 1131 esse
233 1067 342 1130 visum
375 1076 425 1132 est
452 1089 530 1153 prae
558 1067 691 1154 reliquis
719 1065 1015 1133 Wolfenbuttelani
1043 1065 1165 1131 codicis
1198 1064 1427 1129 auctoritatem

135 1169 235 1255 sequi.
282 1190 477 1254 quamquam
501 1170 587 1233 enim
609 1168 772 1256 permulta
792 1171 827 1233 in
850 1191 887 1233 eo
910 1169 1022 1233 codiee
1051 1167 1170 1233 vitiose
1193 1164 1314 1252 scripta
1336 1176 1424 1245 sunt,

135 1280 241 1334 tamen
270 1282 305 1335 et
330 1270 469 1335 formam
496 1269 687 1336 elocutionis
719 1272 883 1337 interdum
911 1272 1017 1334 minus
1048 1277 1233 1354 corruptam
1266 1266 1425 1346 exhibuit,

134 1394 230 1458 quam
252 1371 551 1457 Sangermanenses
574 1372 665 1454 libri,
689 1381 721 1437 et
742 1371 795 1437 vel
822 1382 995 1460 propterea
1022 1371 1202 1457 principem
1224 1369 1330 1444 locum
1361 1370 1425 1435 sibi

134 1473 342 1556 vindicabat,
370 1473 458 1559 quod
487 1474 547 1539 hoc
569 1477 639 1540 solo
661 1475 826 1561 praesenti
848 1473 897 1538 uti
921 1472 1057 1554 licebat,
1080 1473 1273 1559 praesertim
1295 1492 1370 1535 cum
1390 1472 1426 1535 in

133 1572 195 1638 illis
233 1575 442 1640 excutiendis
478 1575 561 1640 hanc
594 1598 705 1640 curam
739 1576 896 1642 adhibere
928 1573 1121 1656 noluissem,
1155 1583 1192 1637 ut
1223 1574 1424 1639 levissimam

133 1677 313 1764 scripturae
349 1677 603 1765 discrepantiam
638 1677 843 1744 adnotarem.
900 1677 944 1742 ad
979 1676 1062 1740 vitia
1097 1685 1207 1740 autem
1245 1678 1425 1762 scripturae

132 1778 336 1844 emendanda
357 1779 486 1844 firmum
508 1779 709 1867 praesidium
731 1780 952 1866 praebuerunt
974 1779 1279 1863 Saugermanenses.
1323 1799 1424 1863 quare

132 1879 180 1944 his
207 1877 303 1944 libris
331 1902 413 1968 quos
435 1882 505 1946 dixi
526 1881 574 1946 ita
595 1904 674 1945 usus
698 1905 785 1963 sum,
808 1892 846 1947 ut
867 1882 1005 1968 primam
1026 1901 1159 1943 manum
1181 1876 1423 1944 Wollenbutte-

131 1980 195 2046 lani
218 1981 360 2063 codicis,
383 1981 491 2069 quoad
514 1984 583 2047 eius
605 1982 676 2047 fieri
699 1993 829 2069 posset,
853 1984 1084 2070 exprimerem,
1108 1992 1140 2045 et
1162 1980 1358 2066 ubicumque
1381 1981 1423 2046 ab

132 2105 167 2148 ea
188 2084 408 2150 recedendum
431 2093 533 2166 esset,
563 2085 816 2172 discrepantiam
844 2096 974 2171 praeter
995 2083 1082 2148 levia
1104 2081 1236 2169 quidem
1258 2080 1424 2148 scribendi

131 2185 212 2250 vitia
232 2185 396 2271 integram
423 2187 619 2266 indicarem,
648 2187 981 2272 Sangermauensium
1008 2196 1119 2262 autem
1140 2183 1300 2249 librorum
1323 2183 1422 2269 serip-

129 2297 235 2351 turam
262 2287 370 2374 ipsam
398 2310 542 2375 quoque,
570 2289 628 2355 ubi
656 2312 676 2354 a
703 2301 834 2376 recepta
861 2289 1022 2374 scriptura
1049 2287 1266 2372 discreparet,
1296 2287 1422 2350 subice-

130 2411 214 2470 rcm,
239 2387 299 2454 sed
320 2387 424 2454 multa
445 2399 566 2473 tamen,
588 2413 671 2478 quae
693 2390 815 2455 nullius
837 2390 991 2455 momenti
1014 2411 1086 2453 esse
1108 2387 1308 2453 videbantur
1329 2410 1422 2474 prae·

130 2491 310 2573 11111111*).
356 2490 494 2578 denique
522 2491 600 2578 quid
628 2492 662 2556 in
685 2504 795 2558 vetere
822 2493 920 2556 trium
947 2490 1433 2576 11111111111111111111111-,

130 2592 208 2657 tiore
241 2603 388 2680 tempore
422 2601 581 2658 mutatum
614 2606 702 2659 esset
728 2603 880 2660 accurate
908 2590 1054 2657 iudicare
1086 2591 1221 2677 longum
1248 2601 1281 2655 et
1306 2590 1421 2656 inutile

129 2704 212 2777 erat3
240 2695 298 2760 ubi
324 2694 420 2759 huius
450 2717 578 2782 quoque
605 2697 654 2760 rei
675 2696 758 2761 ratio
781 2695 931 2761 habenda
953 2704 1040 2777 erat,
1063 2705 1282 2760 correctorum
1304 2716 1421 2758 manus

128 2794 245 2861 litteris
273 2797 336 2862 abc
361 2797 515 2863 iudicavi.
561 2798 619 2863 sed
646 2798 681 2861 in
703 2795 1007 2863 Wolfenbuttelano
1036 2796 1150 2861 codice
1177 2794 1247 2860 sola
1269 2817 1289 2858 a
1310 2794 1421 2860 littera

130 2898 345 2985 antiquissimi
373 2900 566 2965 correctoris
595 2901 806 2983 mutationes,
837 2899 949 2964 addito
983 2899 1140 2963 asterisco
1169 2897 1243 2983 (a*)
1271 2919 1311 2962 ea
1337 2920 1419 2983 quae

192 3070 217 3135 ⁸)
237 3072 377 3123 Notabilis
394 3071 526 3122 librorum
544 3073 808 3136 manuscriptorum
826 3072 1017 3136 discrepantia
1035 3072 1124 3120 estin
1142 3070 1230 3120 tribus
1248 3071 1419 3121 tractatibus

129 3156 160 3206 de
171 3158 304 3216 numeris,
318 3156 352 3207 de
366 3156 468 3222 figuris,
482 3158 516 3207 de
530 3157 642 3208 casibus
654 3158 801 3211 nominum.
827 3155 973 3220 dequibus
987 3155 1068 3205 rebus
1082 3170 1143 3204 cum
1155 3155 1199 3204 bis
1212 3160 1360 3204 tractatum
1373 3159 1418 3218 sit,

128 3242 242 3306 primum
261 3242 372 3293 brevius
391 3259 415 3307 p.
435 3245 482 3293 157
501 3257 574 3314 sqq,
593 3241 691 3292 deinde
708 3241 819 3292 uberius
837 3256 862 3306 p,
883 3243 930 3290 177
949 3255 1020 3304 sqq„
1039 3239 1312 3290 Wolleubuttelanus
1331 3239 1417 3290 codex

129 3331 181 3376 tres
204 3331 342 3376 tractatus
366 3327 510 3377 uberiores
533 3331 595 3393 post
618 3327 760 3376 breviores
784 3320 896 3376 exhibet
919 3327 1048 3375 contiuuo
1071 3326 1203 3390 scriptos,
1227 3325 1269 3374 sic
1291 3325 1331 3374 uti
1350 3325 1418 3375 editi

129 3417 197 3474 sunt,
217 3412 246 3460 in
264 3410 550 3477 Sangermanensibus
568 3413 628 3463 bini
645 3411 679 3461 de
699 3410 798 3462 iisdem
816 3411 898 3461 rebus
918 3414 1053 3461 tractatus
1073 3409 1214 3458 coniuncti
1233 3413 1305 3459 sunt.
1340 3411 1416 3460 Wol-

130 3495 316 3546 ienbuttelani
339 3500 432 3545 autem
455 3495 559 3547 codicis
582 3496 648 3547 orde
671 3496 878 3547 commendatur
900 3497 935 3544 iis
959 3511 1030 3559 qnae
1055 3510 1088 3544 ex
1110 3494 1200 3558 priore
1218 3499 1298 3559 parts
1316 3495 1350 3545 ds
1368 3510 1416 3545 nu-

129 3582 208 3631 meris
227 3581 315 3631 citata
333 3585 397 3631 suut
415 3581 443 3630 in
462 3583 615 3646 posteriore
634 3597 659 3647 p.
674 3584 721 3632 178
740 3581 909 3632 1111111111
920 3583 969 3629 iam
980 3582 1006 3629 ia
1018 3581 1119 3645 repulia,
1133 3577 1266 3643 siquidem
1279 3580 1349 3630 haec
1362 3596 1416 3630 uon

130 3666 161 3715 ad
179 3682 236 3716 rem
255 3665 334 3717 modo
352 3669 511 3728 tractatam,
525 3667 574 3716 sed
593 3667 628 3717 ad
646 3667 736 3717 locum
754 3666 864 3731 lougius
882 3671 1014 3715 remotum
1031 3670 1159 3731 spectare
1177 3665 1314 3715 videntur.
1343 3666 1415 3717 eius-

128 3749 185 3799 dem
204 3749 310 3801 codicia
328 3750 462 3801 rationem
481 3752 566 3802 etiam
583 3753 612 3801 in
630 3751 827 3817 orthographia
844 3751 1040 3802 vocabulorum
1052 3749 1211 3815 plerumque
1224 3754 1335 3800 secutus
1347 3766 1416 3803 sum.

128 3849 291 3899 quamquam
313 3837 342 3884 iu
360 3835 413 3885 hoc
431 3851 531 3901 genere
551 3836 650 3897 multa,
670 3839 699 3885 in
718 3836 815 3900 quibus
833 3836 941 3886 librarii
959 3851 1025 3886 suae
1044 3836 1146 3885 aetatis
1164 3835 1416 3900 pronuntiationem

128 3925 326 3985 expresserunt,
346 3935 401 3976 non
417 3919 542 3969 indicata
560 3920 748 3985 discrepantia
766 3920 896 3971 librorum
921 3921 1041 3982 correxi,
1059 3919 1136 3970 velut
1159 3936 1173 3970 e
1196 3935 1244 3985 pro
1267 3923 1277 3969 i
1297 3921 1415 3985 positum

126 4003 349 4070 frequentissime
367 4005 395 4054 iu
414 4004 531 4070 talibus,
549 4008 688 4070 collegere,
706 4013 855 4065 contenere,
874 4009 1018 4065 dimedium,
1035 4012 1107 4069 trec,
1126 4005 1246 4066 deserum
1268 4019 1317 4069 pro
1340 4007 1415 4070 diffe-

125 4099 194 4148 rent,
214 4092 339 4140 accedere
358 4105 407 4155 pre
424 4092 554 4152 11111111,
573 4090 618 4141 111
637 4093 646 4139 ἰ
663 4106 711 4156 pro
730 4107 758 4152 e,
776 4097 806 4141 ut
824 4093 915 4152 decim,
935 4093 1081 4157 liquiscuut,
1097 4091 1190 4152 scrire.
1227 4090 1350 4155 graviori
1367 4090 1415 4140 du·

126 4174 254 4225 bitationi
273 4174 362 4225 locum
380 4175 553 4240 praebebant
565 4176 635 4227 11111
648 4176 781 4226 sermonis
793 4174 838 4226 vel
856 4176 961 4226 termae
974 4176 1118 4225 verborum
1132 4190 1166 4224 ex
1183 4174 1293 4224 infimae
1312 4178 1415 4225 aetatis

125 4260 322 4311 consuetudine
341 4259 494 4324 proiectae.
530 4276 593 4310 uam
613 4277 673 4310 cum
691 4267 719 4309 et
737 4261 878 4326 scriptoris
896 4259 1016 4309 elocutio
1034 4258 1109 4308 rudis
1126 4275 1160 4308 ac
1178 4259 1310 4310 mendosa
1328 4261 1373 4322 sit,
1388 4267 1416 4311 et

124 4343 229 4395 librarii
248 4343 337 4394 multa
355 4359 422 4394 suae
442 4345 544 4394 aetatis
563 4360 637 4394 more
656 4345 836 4409 corruperint,
855 4360 940 4410 saepe
959 4346 1095 4394 incertum
1114 4350 1183 4407 erat,
1202 4345 1298 4408 siquae
1317 4359 1334 4394 a
1346 4361 1414 4410 puro

124 4445 246 4481 sermone
272 4429 367 4480 aliena
392 4435 485 4491 erant,
507 4436 596 4479 utrum
619 4429 689 4479 haec
714 4429 888 4495 grammatici
906 4429 1052 4494 inperitiae
1073 4444 1109 4477 11
1127 4428 1301 4479 librariorum
1320 4428 1414 4493 negle-

123 4517 233 4578 gentiae
258 4513 408 4564 tribuenda
432 4518 533 4565 essent.
569 4530 653 4579 quare
678 4530 711 4564 ea
734 4514 841 4579 quidem
860 4529 929 4577 quae
951 4512 1084 4564 librorum
1103 4528 1238 4564 consensu
1255 4517 1316 4563 tuta
1334 4517 1414 4562 erant

122 4615 208 4665 neque
231 4617 283 4666 pcr
304 4615 335 4649 se
359 4599 548 4664 inprobabilia
567 4615 627 4649 esse
644 4599 811 4649 videbantur
829 4601 933 4662 recepi3
957 4597 1184 4649 dissentientibus
1203 4605 1294 4649 autern
1313 4598 1413 4648 codici-

121 4685 168 4736 bus
186 4686 313 4737 librariis
332 4684 424 4750 potius
442 4700 493 4734 sua
512 4686 582 4734 vitia
599 4685 780 4749 relinquenda
799 4699 879 4748 quarn
902 4683 1045 4748 scriptoris
1063 4699 1214 4735 sermonem
1232 4689 1336 4734 temere
1354 4699 1412 4734 cor·

121 4771 299 4839 rumpendum
319 4785 382 4820 esse
402 4770 568 4823 existimavi,
604 4770 681 4820 velut
703 4772 780 4835 ipsud
797 4785 846 4834 pro
864 4772 944 4833 ipsum
962 4783 1047 4834 saepe
1064 4785 1153 4834 neque
1172 4776 1264 4818 tamen
1283 4773 1412 4818 constan-

120 4860 158 4907 ter
180 4859 208 4906 in
229 4854 493 4905 Wolfenbuttelano
517 4854 612 4905 codice
634 4856 779 4923 seriptum,
803 4853 874 4919 quod
897 4853 949 4904 hac
969 4854 1134 4905 auctoritate
1152 4858 1293 4919 receperat
1311 4854 1412 4904 Linde·
