3346 5498
180 365 243 431 400
722 367 924 431 CONSENTH

205 490 227 531 p.
241 477 315 518 itt-³2
329 476 353 517 B.
1328 489 1347 518 e.
1365 478 1400 518 ta.
1415 476 1451 517 it.

180 561 331 627 eveniunt,
361 561 481 618 evenire
508 567 607 618 tamen
635 564 773 637 possunt,
807 557 934 638 exempli
968 573 1057 618 causa
1089 555 1221 617 breviter
1248 558 1477 621 demonstrabi-

181 680 254 721 mus.
299 678 332 720 ac
359 662 490 740 primum
516 662 594 721 scire
623 658 765 720 debemus
787 660 996 738 metaplasmos
1018 659 1072 720 hos
1094 660 1139 720 rel
1161 678 1177 720 a
1200 662 1297 739 poetis
1319 662 1397 741 ipsis
1419 680 1476 742 po-

180 765 252 822 sitos
280 764 338 822 iam
367 765 399 821 in
428 763 495 841 ipsa
523 765 672 840 scriptura
695 763 774 831 fleri,
799 762 843 822 vel
867 760 962 830 nobis,
987 780 1054 822 cum
1077 764 1120 823 ita
1142 760 1304 823 scandendi
1327 771 1379 824 aut
1401 782 1476 843 pro·

179 865 334 925 nuntiandi
358 866 520 925 necessitas
543 862 677 941 urgebit,
703 864 855 925 iaciendos
878 862 1019 943 relinqui.
1050 873 1153 944 poetae
1177 866 1291 926 iaciunt
1312 865 1476 946 metaplas-

179 985 252 1035 mos,
274 986 340 1026 oum
356 968 414 1045 ipsi
438 967 497 1025 iam
519 967 698 1044 scripturam
721 967 894 1045 relinquunt
915 974 1100 1046 corruptam,
1124 973 1156 1025 ut
1178 974 1224 1027 est
1246 966 1503 1048 ‘relliquiass

180 1069 355 1129 Danaum’
378 1075 408 1127 et
429 1069 576 1128 ‘tanton
600 1086 652 1127 me
675 1071 835 1129 crimine
863 1067 1013 1144 dignum
1036 1068 1214 1128 duxisti’:
1252 1069 1367 1130 addidit
1389 1071 1477 1132 enim

180 1189 267 1232 unam
283 1171 412 1231 litteram
427 1188 481 1250 per
496 1170 720 1250 metaplasmum
736 1170 761 1241 l;
784 1172 855 1230 item
878 1177 981 1230 contra
1004 1171 1130 1246 dempsit
1150 1188 1241 1231 unam
1262 1173 1393 1232 litteram
1412 1189 1477 1249 per

179 1275 406 1349 metaplasmum
433 1289 464 1346 e,
497 1274 574 1333 sicut
602 1272 734 1332 Lucilius
760 1272 842 1331 ‘ore
866 1274 1057 1351 corrrpto’:
1086 1272 1216 1353 dempsit
1236 1275 1315 1333 enim
1344 1268 1351 1355 Ι
1381 1293 1477 1337 uuam

180 1374 309 1436 litteram
331 1392 386 1453 por
409 1374 637 1454 metaplasmum
661 1393 691 1433 r:
714 1383 742 1434 et
765 1373 878 1434 Ennius

332 1476 418 1535 buic
442 1485 601 1536 statuam
624 1478 739 1536 statui
762 1478 942 1536 maiorum
966 1475 1078 1536 obatu
1101 1475 1266 1547 athenis;
1490 1500 1518 1537 ao

180 1587 209 1640 et
225 1579 273 1638 hie
289 1596 406 1657 quoquc
429 1597 483 1656 per
505 1576 729 1655 metaplasmum
752 1578 880 1657 dempsit
903 1578 1032 1639 litteram
1056 1596 1080 1637 r.
1111 1578 1167 1638 boc
1190 1597 1257 1639 cum
1279 1581 1394 1649 evenit,
1420 1598 1478 1642 nos

179 1683 210 1741 in
234 1678 403 1741 scandendo
426 1680 648 1758 metaplasmum
672 1698 730 1740 non
753 1682 894 1741 iacimus:
926 1677 1013 1740 babet
1042 1682 1122 1740 enim
1145 1682 1203 1740 iam
1227 1680 1308 1741 illum
1331 1681 1477 1744 lectionis

180 1785 274 1862 ipsius
302 1782 526 1860 metaplasmum
554 1783 719 1861 scriptura,
747 1800 822 1861 quae
852 1784 895 1842 sic
924 1802 939 1842 a
969 1792 1056 1861 poeta
1084 1783 1188 1843 relicta
1218 1789 1272 1842 est.
1317 1791 1408 1863 atque
1443 1787 1476 1846 in

180 1886 245 1945 istis
268 1884 363 1943 modis
387 1883 562 1944 adiectionis
584 1893 612 1944 et
639 1885 847 1954 detractionis,
871 1887 931 1944 nisi
955 1885 1013 1963 ipsi
1035 1892 1141 1963 poetae
1157 1887 1347 1964 corruperint
1361 1885 1476 1946 dictio·

181 2005 258 2056 nent,
283 2006 335 2047 rios
359 2005 422 2046 earn
445 2005 637 2065 corrumpere
660 1988 844 2066 metaplasmi
867 1994 1012 2065 potestate
1036 2003 1093 2046 non
1117 2004 1283 2066 possumus.
1328 1995 1399 2048 sunt
1423 1988 1477 2050 alii
1493 2008 1518 2048 1⁵

181 2089 274 2157 modi,
305 2091 336 2147 in
363 2088 472 2166 quibus
500 2096 586 2167 poeta
614 2097 754 2168 corrupte
784 2089 903 2168 quidem
932 2089 1004 2165 legit
1027 2091 1105 2166 ipso,
1130 2090 1182 2148 sed
1205 2088 1280 2149 banc
1303 2091 1478 2168 corruptio-

181 2209 248 2250 nem
272 2193 420 2270 scriptura
437 2209 496 2250 non
519 2190 643 2260 indicat,
667 2198 699 2250 ut
722 2189 889 2250 ‘ltaliam
914 2191 990 2250 lato
1013 2192 1212 2269 prolugns'
1241 2197 1273 2250 et
1294 2190 1479 2270 ‘aquosus

181 2291 314 2353 Orion'
338 2300 368 2352 et
391 2290 552 2352 ‘labitur
575 2293 710 2353 infelix
733 2292 963 2352 studiorum'
980 2302 1009 2351 et
1025 2294 1109 2371 ‘qua
1126 2289 1478 2354 sirrnmalabentes’.

181 2396 242 2453 sire
271 2395 350 2453 eninr
381 2394 598 2473 producantur,
627 2396 688 2454 sive
718 2393 823 2453 breves
851 2397 911 2454 sint
940 2397 948 2453 i
973 2403 1001 2452 et
1030 2414 1046 2453 o
1075 2402 1105 2453 et
1127 2413 1158 2463 a,
1189 2394 1275 2453 aliter
1297 2393 1393 2455 scribi
1417 2415 1478 2457 non

181 2497 345 2575 potuerint,
376 2503 405 2554 et
433 2497 464 2555 in
493 2498 642 2574 scriptura
671 2515 728 2555 nori
758 2479 914 2575 apparebit
945 2498 1001 2556 ista
1024 2497 1192 2574 corruptio,
1216 2496 1267 2555 sed
1291 2515 1344 2556 nos
1367 2496 1518 2576 dirigi-ao

182 2616 249 2657 mur
271 2600 303 2657 in
325 2596 493 2657 scandendo
516 2597 552 2657 ad
575 2597 794 2658 defendendum
816 2617 934 2658 versum
950 2597 1134 2675 metaplasmi
1156 2606 1320 2676 potestate,
1340 2601 1393 2677 qui
1417 2603 1480 2661 erit

182 2706 233 2759 aut
259 2699 368 2779 systole
397 2706 448 2758 aut
477 2701 593 2759 ectasis.
639 2699 745 2759 similis
772 2702 847 2759 ratio
876 2687 907 2759 in
936 2700 1066 2760 diaecesi
1094 2707 1123 2759 et
1146 2700 1361 2779 episynaliphe.
1408 2720 1480 2763 nam

182 2801 261 2881 quod
284 2801 423 2861 Horatius
446 2804 486 2861 ait
509 2803 703 2880 ‘seraeque
727 2805 883 2870 sudtae’,
907 2810 936 2861 et
957 2802 1094 2864 Lucanus
1116 2804 1157 2861 ait
1180 2801 1340 2861 ‘dixisse
1357 2801 1479 2864 Phoe·

184 2902 272 2972 bos',
307 2911 336 2962 et
357 2902 499 2980 Virgilius
529 2901 533 2985 l
565 2907 618 2962 ‘et
651 2907 747 2964 votis
780 2906 850 2963 iam
884 2923 978 2962 rirrrrc
1012 2903 1193 2963 adsuesce
1221 2905 1372 2973 vocari’‚
1403 2907 1479 2966 item

183 3006 415 3083 ‘aeripedem
449 3009 619 3073 cerram',
650 3008 711 3064 sive
741 3005 926 3082 conglutinas
954 3004 1095 3084 syllabas,
1131 3007 1192 3063 sire
1220 3005 1348 3074 (lividas,
1379 3006 1517 3068 isdemne

183 3107 294 3167 litteris
317 3106 485 3175 scribetur,
508 3106 633 3186 plusque
658 3107 827 3167 intellectus
850 3107 1028 3168 defendendi
1052 3125 1155 3166 versus
1178 3110 1253 3167 ratio
1277 3106 1392 3167 inducit
1413 3127 1478 3169 me·

185 3209 320 3288 taplasmi
343 3216 505 3286 potestate,
529 3216 617 3288 prout
640 3209 713 3268 haee
736 3212 800 3289 ipsa
823 3211 898 3268 ratio
922 3211 1116 3287 persuaserit.

269 3309 441 3390 Sequuntur
463 3311 521 3370 duo
544 3311 730 3390 metaplasmi
753 3313 943 3390 quorumvis
965 3323 993 3370 et
1016 3317 1145 3389 potestas
1168 3313 1198 3370 in
1222 3311 1391 3371 scandendo
1413 3332 1478 3374 ma·

184 3413 262 3473 riano
287 3412 377 3481 valet,
403 3412 556 3492 synaliplre
581 3421 609 3472 et
633 3412 797 3492 ecthlipsis.
842 3412 878 3472 de
902 3413 949 3473 bis
972 3412 1028 3471 hoc
1051 3413 1155 3472 maline
1178 3415 1412 3492 praecipiemus,
1445 3423 1478 3476 ut

255 3617 522 3666 ldemonstrauimus
541 3616 575 3664 M
642 3616 720 3667 3uel
744 3617 850 3665 anobis
871 3615 901 3663 M
970 3616 1124 3682 iurgnebit
1142 3616 1272 3667 iaciendos
1292 3631 1348 3666 esse
1366 3616 1477 3683 relinqui

185 3686 215 3734 M
264 3683 434 3748 {trelliquias}
451 3684 676 3751 teramnae
728 3682 859 3751 dtantou]
879 3685 1136 3750 Verg.Aeu,X668
1187 3687 1480 3752 'ldempsit—eomM

186 3755 297 3819 dempsit
318 3756 426 3804 litteram
450 3771 495 3821 per
515 3756 706 3820 metaplasmum
726 3770 739 3803 e
758 3756 817 3805 add.
834 3755 1009 3806 Lacdmannaa
1029 3759 1054 3805 in
1071 3756 1173 3806 haeret.
1194 3758 1227 3806 vt
1249 3757 1314 3809 1135
1365 3755 1478 3809 atoci-

187 3872 245 3939 tiua]
272 3875 305 3936 cs.
325 3874 426 3924 Locdm.
453 3877 477 3923 ia
496 3876 598 3929 Lacerat,
618 3878 635 3923 l.
655 3891 675 3925 c.
768 3873 799 3924 10
818 3877 939 3926 maiorum
963 3878 1049 3931 obatu.
1070 3876 1169 3927 athenis
1193 3878 1229 3941 (et
1250 3883 1284 3932 at.
1304 3895 1368 3930 man.
1386 3896 1478 3944 maper-
1503 3871 1505 3875 ¹

186 3942 296 4007 scripto)
314 3945 348 3993 M
364 3946 487 3994 maiorum
507 3956 530 3995 et
549 3946 581 3994 ab
601 3955 642 3994 otu
662 3946 740 3995 edidit
757 3944 931 4006 Buttmaanua,
954 3952 997 4014 qut
1014 3948 1137 3996 maiorum
1157 3949 1265 3998 abitrum
1288 3948 1395 3998 Athenis
1414 3956 1479 4001 acri·

185 4013 289 4062 dandina
307 4016 412 4064 coniecit
429 4017 454 4063 ia
470 4015 603 4076 addendis,
623 4023 650 4064 ut
667 4016 774 4063 abitratu
797 4017 887 4066 dictam
905 4028 971 4068 esset
992 4033 1041 4082 pro
1058 4018 1195 4080 arbitratu,
1211 4018 1259 4066 dac
1272 4018 1373 4068 adiecta
1391 4022 1477 4084 expli-

185 4084 284 4132 catione
310 4084 448 4133 ‘maiorum
472 4094 553 4134 autem
576 4084 697 4134 arbitratu
717 4101 764 4134 noia
786 4087 866 4148 inepta
883 4088 934 4136 dici
954 4090 1053 4138 uidetur
1070 4089 1138 4149 fieri,
1155 4089 1222 4152 qaod
1237 4089 1345 4137 arcatores
1362 4092 1479 4152 externplo

185 4170 246 4214 aaa,
265 4154 291 4201 ia
311 4152 415 4216 savione,
435 4158 459 4204 in
482 4155 621 4204 Hamaodio
645 4161 670 4204 et
688 4153 875 4218 Aristogitone,
894 4160 957 4207 aetat
975 4162 1116 4208 iusserint’.
1145 4159 1265 4206 maiorem
1280 4156 1352 4206 horto
1372 4172 1477 4208 auream

185 4223 275 4272 aliems
296 4223 470 4273 Lacluaanuaa
489 4227 505 4271 1.
527 4241 548 4277 e.
575 4226 656 4289 magis
684 4239 828 4274 mansurum
854 4240 951 4292 auguro
977 4228 1073 4282 abactis.
1090 4227 1215 4292 Itderpiua
1241 4229 1312 4289 apud
1339 4227 1479 4278 Valttenum

188 4295 253 4346 tenu.
271 4309 341 4356 paea.
363 4296 410 4346 ret.
427 4311 453 4358 p.
470 4293 498 4343 81
559 4294 588 4344 11
610 4292 668 4359 boc]
690 4293 752 4343 haee
771 4295 803 4344 M
855 4296 885 4346 lt
904 4300 1085 4362 corrumperint
1100 4298 1133 4347 M
1186 4298 1217 4347 15
1235 4295 1302 4363 eam]
1325 4297 1374 4345 iam
1392 4298 1427 4348 M

187 4360 347 4430 lamium]
369 4364 591 4428 Verp.Aeu.12
641 4364 1058 4430 aquosuslVerp.Aea.ll1152
1112 4367 1144 4417 18
1164 4365 1266 4432 labitur]
1291 4369 1369 4431 Verg.
1388 4383 1477 4434 georg.

187 4434 285 4484 111498
337 4431 397 4501 qua]
420 4435 499 4499 Verp.
521 4436 584 4486 sien,
608 4435 626 4481 ll
645 4434 694 4484 4113
754 4437 786 4486 21
806 4436 838 4484 ad
860 4436 997 4485 delendum
1016 4452 1120 4486 uorsum
1140 4437 1172 4485 M
1219 4438 1253 4487 22
1271 4438 1374 4488 iactatis
1392 4439 1428 4489 M

186 4505 274 4553 diarisi
294 4504 325 4553 M
376 4504 409 4555 ‘23
428 4502 553 4569 Horatius}
575 4512 625 4554 sat.
645 4506 653 4553 1
673 4505 705 4567 8,
726 4505 757 4555 17
809 4515 895 4555 saetae
914 4508 948 4556 M
964 4506 1046 4555 foetae
1064 4507 1143 4557 edidit
1161 4507 1326 4557 Butanaamcs
1378 4509 1482 4560 Laeana·

186 4576 332 4638 ementatum,
351 4576 418 4639 quod
431 4584 521 4637 postea
538 4577 660 4625 adlectum
672 4591 728 4625 esee
739 4577 849 4627 additum
861 4593 882 4629 a.
896 4580 930 4626 ait
949 4576 1050 4641 indicat,
1068 4593 1102 4626 eae
1118 4577 1231 4627 Melioris
1243 4580 1349 4639 petitam
1364 4579 1479 4630 sortien-

187 4645 289 4708 dumque
307 4661 363 4694 eaae
377 4644 474 4694 dixisse
493 4644 612 4694 Plrodbon
633 4647 738 4695 coniecit
756 4646 787 4694 R.
808 4649 925 4711 Vaporem
942 4648 973 4696 de
992 4647 1093 4696 Lucani
1113 4649 1227 4697 Heliacia
1243 4648 1321 4711 (Noui
1338 4648 1480 4699 Bronten-

187 4715 260 4777 lmrpi
277 4731 302 4763 a.
325 4714 446 4778 1858lp.
470 4715 501 4764 13
559 4718 592 4766 tt
610 4725 634 4763 et
654 4713 728 4780 votis]
755 4717 833 4781 Verg.
850 4731 939 4781 georg.
961 4719 969 4765 l
989 4720 1023 4766 42
1079 4717 1113 4767 ‘25
1130 4716 1284 4784 aeripedem]
1310 4718 1390 4782 Verp.
1411 4720 1479 4771 Aea.

186 4784 221 4831 Vl
241 4784 291 4833 802
355 4784 514 4848 conglutinas
530 4786 562 4835 M
624 4785 657 4833 tu
671 4800 761 4835 uorsus
778 4788 874 4834 rarione
891 4787 985 4836 inducit
1000 4788 1158 4853 metaplasmi
1175 4798 1322 4852 potestatam
1339 4788 1371 4836 M
1443 4790 1481 4839 29

184 4850 329 4927 ΙεειΙιΙίρείιι]
348 4855 477 4903 iactlimsis
496 4853 538 4902 M:
559 4853 693 4903 iactlinisis
713 4863 737 4903 et
753 4856 794 4904 die
811 4865 834 4906 et
848 4857 917 4918 iufra
936 4858 1014 4907 edidit
1028 4859 1190 4907 Buttmauma
1254 4858 1427 4924 percipiamus
1447 4859 1480 4910 M
