<?xml version="1.0" encoding="UTF-8"?>
<!DOCTYPE html PUBLIC "-//W3C//DTD XHTML 1.0 Transitional//EN"
    "http://www.w3.org/TR/xhtml1/DTD/xhtml1-transitional.dtd">
<html xmlns="http://www.w3.org/1999/xhtml" xml:lang="en" lang="en">
 <head>
  <title>
</title>
<meta http-equiv="Content-Type" content="text/html;charset=utf-8" />
  <meta name='ocr-system' content='tesseract 3.04.00' />
  <meta name='ocr-capabilities' content='ocr_page ocr_carea ocr_par ocr_line ocrx_word'/>
</head>
<body>
  <div class='ocr_page' id='page_1' title='image "./grammaticilatin03keilgoog_0250.png"; bbox 0 0 3346 5498; ppageno 0'>
   <div class='ocr_carea' id='block_1_1' title="bbox 665 384 1434 449">
    <p class='ocr_par' dir='ltr' id='par_1_1' title="bbox 665 384 1434 449">
     <span class='ocr_line' id='line_1_1' title="bbox 665 384 1434 449; baseline 0.001 -2"><span class='ocrx_word' id='word_1_1' title='bbox 665 385 905 447; x_wconf 77' lang='lat' dir='ltr'><strong>CObbllliN&#39;l&#39;Vbl</strong></span> <span class='ocrx_word' id='word_1_2' title='bbox 1373 384 1434 449; x_wconf 75' lang='lat'><strong>237</strong></span> 
     </span>
    </p>
   </div>
   <div class='ocr_carea' id='block_1_2' title="bbox 101 491 1438 4220">
    <p class='ocr_par' dir='ltr' id='par_1_2' title="bbox 101 491 1438 4220">
     <span class='ocr_line' id='line_1_2' title="bbox 1252 491 1410 546; baseline -0.013 -12"><span class='ocrx_word' id='word_1_3' title='bbox 1252 491 1410 546; x_wconf 69' lang='lat' dir='ltr'><strong>potr-toi„</strong></span> 
     </span>
     <span class='ocr_line' id='line_1_3' title="bbox 142 570 1435 654; baseline -0.004 -19"><span class='ocrx_word' id='word_1_4' title='bbox 142 576 337 654; x_wconf 84' lang='lat' dir='ltr'><strong>pronominis.</strong></span> <span class='ocrx_word' id='word_1_5' title='bbox 383 581 413 632; x_wconf 89' lang='lat' dir='ltr'><strong>et</strong></span> <span class='ocrx_word' id='word_1_6' title='bbox 434 571 579 651; x_wconf 90' lang='lat' dir='ltr'><strong>numquid</strong></span> <span class='ocrx_word' id='word_1_7' title='bbox 601 590 721 651; x_wconf 91' lang='lat' dir='ltr'><strong>possum</strong></span> <span class='ocrx_word' id='word_1_8' title='bbox 744 573 844 633; x_wconf 89' lang='lat' dir='ltr'><strong>diccrc</strong></span> <span class='ocrx_word' id='word_1_9' title='bbox 867 574 934 649; x_wconf 78' lang='lat' dir='ltr'><strong>‘ego</strong></span> <span class='ocrx_word' id='word_1_10' title='bbox 957 570 1010 632; x_wconf 88' lang='lat' dir='ltr'><strong>tibi</strong></span> <span class='ocrx_word' id='word_1_11' title='bbox 1032 571 1130 649; x_wconf 80' lang='lat' dir='ltr'><strong>lego’l</strong></span> <span class='ocrx_word' id='word_1_12' title='bbox 1153 589 1224 632; x_wconf 88' lang='lat' dir='ltr'><strong>cccc</strong></span> <span class='ocrx_word' id='word_1_13' title='bbox 1246 571 1345 633; x_wconf 78' lang='lat' dir='ltr'>dixisti</span> <span class='ocrx_word' id='word_1_14' title='bbox 1367 573 1435 649; x_wconf 74' lang='lat' dir='ltr'><strong>‘ego</strong></span> 
     </span>
     <span class='ocr_line' id='line_1_4' title="bbox 143 672 1436 754; baseline -0.002 -18"><span class='ocrx_word' id='word_1_15' title='bbox 143 675 198 736; x_wconf 88' lang='lat' dir='ltr'><strong>tibi</strong></span> <span class='ocrx_word' id='word_1_16' title='bbox 220 677 314 754; x_wconf 84' lang='lat' dir='ltr'><strong>lego&#39;,</strong></span> <span class='ocrx_word' id='word_1_17' title='bbox 338 674 390 735; x_wconf 89' lang='lat' dir='ltr'><strong>sed</strong></span> <span class='ocrx_word' id='word_1_18' title='bbox 413 692 473 734; x_wconf 92' lang='lat' dir='ltr'><strong>non</strong></span> <span class='ocrx_word' id='word_1_19' title='bbox 496 672 535 733; x_wconf 92' lang='lat' dir='ltr'><strong>ob</strong></span> <span class='ocrx_word' id='word_1_20' title='bbox 557 673 634 734; x_wconf 93' lang='lat' dir='ltr'><strong>hanc</strong></span> <span class='ocrx_word' id='word_1_21' title='bbox 656 693 782 742; x_wconf 90' lang='lat' dir='ltr'><strong>causam,</strong></span> <span class='ocrx_word' id='word_1_22' title='bbox 810 681 843 734; x_wconf 95' lang='lat' dir='ltr'><strong>ut</strong></span> <span class='ocrx_word' id='word_1_23' title='bbox 865 682 893 734; x_wconf 87' lang='lat' dir='ltr'><strong>te</strong></span> <span class='ocrx_word' id='word_1_24' title='bbox 916 674 1103 744; x_wconf 64' lang='lat' dir='ltr'><strong>ostenderes</strong></span> <span class='ocrx_word' id='word_1_25' title='bbox 1134 674 1185 734; x_wconf 90' lang='lat' dir='ltr'><strong>scd</strong></span> <span class='ocrx_word' id='word_1_26' title='bbox 1210 683 1241 733; x_wconf 92' lang='lat' dir='ltr'><strong>ut</strong></span> <span class='ocrx_word' id='word_1_27' title='bbox 1263 673 1353 734; x_wconf 91' lang='lat' dir='ltr'><strong>alium</strong></span> <span class='ocrx_word' id='word_1_28' title='bbox 1376 692 1436 734; x_wconf 92' lang='lat' dir='ltr'><strong>nou</strong></span> 
     </span>
     <span class='ocr_line' id='line_1_5' title="bbox 142 773 1435 855; baseline -0.002 -17"><span class='ocrx_word' id='word_1_29' title='bbox 142 777 328 839; x_wconf 72' lang='lat' dir='ltr'><strong>ostenderes.</strong></span> <span class='ocrx_word' id='word_1_30' title='bbox 375 794 443 836; x_wconf 91' lang='lat' dir='ltr'><strong>nam</strong></span> <span class='ocrx_word' id='word_1_31' title='bbox 471 785 542 855; x_wconf 91' lang='lat' dir='ltr'><strong>puta</strong></span> <span class='ocrx_word' id='word_1_32' title='bbox 570 779 700 855; x_wconf 87' lang='lat' dir='ltr'><strong>quinque</strong></span> <span class='ocrx_word' id='word_1_33' title='bbox 726 784 818 844; x_wconf 89' lang='lat' dir='ltr'><strong>stant,</strong></span> <span class='ocrx_word' id='word_1_34' title='bbox 844 786 873 835; x_wconf 86' lang='lat' dir='ltr'><strong>ct</strong></span> <span class='ocrx_word' id='word_1_35' title='bbox 899 775 936 836; x_wconf 89' lang='lat' dir='ltr'><strong>ab</strong></span> <span class='ocrx_word' id='word_1_36' title='bbox 965 775 1102 836; x_wconf 92' lang='lat' dir='ltr'><strong>omnibus</strong></span> <span class='ocrx_word' id='word_1_37' title='bbox 1130 794 1232 855; x_wconf 84' lang='lat' dir='ltr'><strong>speras</strong></span> <span class='ocrx_word' id='word_1_38' title='bbox 1262 773 1435 855; x_wconf 90' lang='lat' dir='ltr'><strong>[numquid]</strong></span> 
     </span>
     <span class='ocr_line' id='line_1_6' title="bbox 143 876 1435 960; baseline -0.002 -20"><span class='ocrx_word' id='word_1_39' title='bbox 143 882 280 960; x_wconf 87' lang='lat' dir='ltr'><strong>accipere</strong></span> <span class='ocrx_word' id='word_1_40' title='bbox 309 880 476 940; x_wconf 80' lang='lat' dir='ltr'><strong>lectionem.</strong></span> <span class='ocrx_word' id='word_1_41' title='bbox 528 877 644 956; x_wconf 92' lang='lat' dir='ltr'><strong>quando</strong></span> <span class='ocrx_word' id='word_1_42' title='bbox 672 877 738 937; x_wconf 91' lang='lat' dir='ltr'><strong>dico</strong></span> <span class='ocrx_word' id='word_1_43' title='bbox 760 879 914 956; x_wconf 63' lang='lat' dir='ltr'><strong>‘expecta</strong></span> <span class='ocrx_word' id='word_1_44' title='bbox 945 896 999 956; x_wconf 81' lang='lat' dir='ltr'><strong>ogo</strong></span> <span class='ocrx_word' id='word_1_45' title='bbox 1027 878 1080 937; x_wconf 93' lang='lat' dir='ltr'><strong>tibi</strong></span> <span class='ocrx_word' id='word_1_46' title='bbox 1107 876 1206 956; x_wconf 84' lang='lat' dir='ltr'><strong>lego&#39;,</strong></span> <span class='ocrx_word' id='word_1_47' title='bbox 1236 896 1295 938; x_wconf 92' lang='lat' dir='ltr'><strong>non</strong></span> <span class='ocrx_word' id='word_1_48' title='bbox 1317 878 1348 938; x_wconf 89' lang='lat' dir='ltr'><strong>id</strong></span> <span class='ocrx_word' id='word_1_49' title='bbox 1370 895 1435 955; x_wconf 83' lang='lat' dir='ltr'><strong>ago,</strong></span> 
     </span>
     <span class='ocr_line' id='line_1_7' title="bbox 114 979 1436 1059; baseline 0 -21"><span class='ocrx_word' id='word_1_50' title='bbox 114 989 177 1041; x_wconf 82' lang='lat' dir='ltr'><strong>sut</strong></span> <span class='ocrx_word' id='word_1_51' title='bbox 198 999 248 1042; x_wconf 89' lang='lat' dir='ltr'><strong>mc</strong></span> <span class='ocrx_word' id='word_1_52' title='bbox 270 980 439 1049; x_wconf 89' lang='lat' dir='ltr'><strong>ostendam,</strong></span> <span class='ocrx_word' id='word_1_53' title='bbox 468 980 518 1040; x_wconf 88' lang='lat' dir='ltr'><strong>scd</strong></span> <span class='ocrx_word' id='word_1_54' title='bbox 543 987 576 1039; x_wconf 91' lang='lat' dir='ltr'><strong>ut</strong></span> <span class='ocrx_word' id='word_1_55' title='bbox 597 998 613 1040; x_wconf 93' lang='lat' dir='ltr'><strong>a</strong></span> <span class='ocrx_word' id='word_1_56' title='bbox 636 981 744 1040; x_wconf 89' lang='lat' dir='ltr'><strong>cctcris</strong></span> <span class='ocrx_word' id='word_1_57' title='bbox 766 996 935 1057; x_wconf 83' lang='lat' dir='ltr'><strong>segregem,</strong></span> <span class='ocrx_word' id='word_1_58' title='bbox 965 997 1003 1039; x_wconf 87' lang='lat' dir='ltr'><strong>nc</strong></span> <span class='ocrx_word' id='word_1_59' title='bbox 1024 981 1148 1059; x_wconf 85' lang='lat' dir='ltr'><strong>incipias</strong></span> <span class='ocrx_word' id='word_1_60' title='bbox 1176 979 1213 1040; x_wconf 94' lang='lat' dir='ltr'><strong>ab</strong></span> <span class='ocrx_word' id='word_1_61' title='bbox 1243 979 1307 1039; x_wconf 89' lang='lat' dir='ltr'><strong>aliis</strong></span> <span class='ocrx_word' id='word_1_62' title='bbox 1330 997 1436 1057; x_wconf 82' lang='lat' dir='ltr'><strong>cxpec-</strong></span> 
     </span>
     <span class='ocr_line' id='line_1_8' title="bbox 142 1082 1434 1162; baseline -0.004 -18"><span class='ocrx_word' id='word_1_63' title='bbox 142 1090 217 1144; x_wconf 87' lang='lat' dir='ltr'><strong>tare.</strong></span> <span class='ocrx_word' id='word_1_64' title='bbox 268 1083 373 1143; x_wconf 88' lang='lat' dir='ltr'><strong>melius</strong></span> <span class='ocrx_word' id='word_1_65' title='bbox 401 1089 445 1142; x_wconf 89' lang='lat' dir='ltr'><strong>cst</strong></span> <span class='ocrx_word' id='word_1_66' title='bbox 475 1089 587 1150; x_wconf 89' lang='lat' dir='ltr'><strong>tamen,</strong></span> <span class='ocrx_word' id='word_1_67' title='bbox 622 1083 647 1141; x_wconf 92' lang='lat' dir='ltr'><strong>si</strong></span> <span class='ocrx_word' id='word_1_68' title='bbox 676 1084 772 1161; x_wconf 87' lang='lat' dir='ltr'><strong>prima</strong></span> <span class='ocrx_word' id='word_1_69' title='bbox 804 1099 931 1160; x_wconf 89' lang='lat' dir='ltr'><strong>persona</strong></span> <span class='ocrx_word' id='word_1_70' title='bbox 965 1101 1024 1142; x_wconf 89' lang='lat' dir='ltr'><strong>non</strong></span> <span class='ocrx_word' id='word_1_71' title='bbox 1058 1083 1182 1162; x_wconf 85' lang='lat' dir='ltr'><strong>accipiat</strong></span> <span class='ocrx_word' id='word_1_72' title='bbox 1213 1082 1434 1148; x_wconf 80' lang='lat' dir='ltr'><strong>nominativum,</strong></span> 
     </span>
     <span class='ocr_line' id='line_1_9' title="bbox 142 1181 1436 1264; baseline -0.005 -18"><span class='ocrx_word' id='word_1_73' title='bbox 142 1186 210 1264; x_wconf 83' lang='lat' dir='ltr'><strong>lego</strong></span> <span class='ocrx_word' id='word_1_74' title='bbox 234 1185 343 1246; x_wconf 90' lang='lat' dir='ltr'><strong>scribo.</strong></span> <span class='ocrx_word' id='word_1_75' title='bbox 376 1183 379 1264; x_wconf 74' lang='lat' dir='ltr'><strong>l</strong></span> <span class='ocrx_word' id='word_1_76' title='bbox 411 1183 541 1244; x_wconf 86' lang='lat' dir='ltr'><strong>secunda</strong></span> <span class='ocrx_word' id='word_1_77' title='bbox 569 1194 666 1243; x_wconf 88' lang='lat' dir='ltr'><strong>autem</strong></span> <span class='ocrx_word' id='word_1_78' title='bbox 695 1200 822 1262; x_wconf 89' lang='lat' dir='ltr'><strong>persona</strong></span> <span class='ocrx_word' id='word_1_79' title='bbox 852 1185 1018 1244; x_wconf 89' lang='lat' dir='ltr'><strong>necessario</strong></span> <span class='ocrx_word' id='word_1_80' title='bbox 1047 1192 1128 1245; x_wconf 88' lang='lat' dir='ltr'><strong>tenet</strong></span> <span class='ocrx_word' id='word_1_81' title='bbox 1156 1185 1333 1252; x_wconf 87' lang='lat' dir='ltr'><strong>vocativum,</strong></span> <span class='ocrx_word' id='word_1_82' title='bbox 1362 1181 1436 1260; x_wconf 80' lang='lat' dir='ltr'><strong>logis</strong></span> 
     </span>
     <span class='ocr_line' id='line_1_10' title="bbox 143 1282 1436 1363; baseline -0.005 -16"><span class='ocrx_word' id='word_1_83' title='bbox 143 1286 250 1348; x_wconf 90' lang='lat' dir='ltr'><strong>scribis</strong></span> <span class='ocrx_word' id='word_1_84' title='bbox 272 1287 363 1360; x_wconf 89' lang='lat' dir='ltr'><strong>audis,</strong></span> <span class='ocrx_word' id='word_1_85' title='bbox 388 1293 469 1345; x_wconf 85' lang='lat' dir='ltr'><strong>tenet</strong></span> <span class='ocrx_word' id='word_1_86' title='bbox 492 1287 662 1346; x_wconf 87' lang='lat' dir='ltr'><strong>vocativum.</strong></span> <span class='ocrx_word' id='word_1_87' title='bbox 698 1286 786 1344; x_wconf 89' lang='lat' dir='ltr'><strong>tertia</strong></span> <span class='ocrx_word' id='word_1_88' title='bbox 808 1286 1023 1346; x_wconf 76' lang='lat' dir='ltr'><strong>nominativum</strong></span> <span class='ocrx_word' id='word_1_89' title='bbox 1045 1293 1134 1354; x_wconf 87' lang='lat' dir='ltr'><strong>tenet,</strong></span> <span class='ocrx_word' id='word_1_90' title='bbox 1158 1285 1229 1363; x_wconf 82' lang='lat' dir='ltr'><strong>legit</strong></span> <span class='ocrx_word' id='word_1_91' title='bbox 1249 1282 1309 1351; x_wconf 87' lang='lat' dir='ltr'><strong>ille,</strong></span> <span class='ocrx_word' id='word_1_92' title='bbox 1333 1283 1436 1343; x_wconf 86' lang='lat' dir='ltr'><strong>scribit</strong></span> 
     </span>
     <span class='ocr_line' id='line_1_11' title="bbox 143 1372 1435 1469; baseline -0.003 -21"><span class='ocrx_word' id='word_1_93' title='bbox 143 1388 203 1458; x_wconf 93' lang='lat' dir='ltr'><strong>ille,</strong></span> <span class='ocrx_word' id='word_1_94' title='bbox 226 1391 321 1450; x_wconf 92' lang='lat' dir='ltr'><strong>currit</strong></span> <span class='ocrx_word' id='word_1_95' title='bbox 337 1387 436 1469; x_wconf 89' lang='lat' dir='ltr'><strong>[puta]</strong></span> <span class='ocrx_word' id='word_1_96' title='bbox 460 1387 528 1448; x_wconf 51' lang='lat' dir='ltr'><strong>ille,</strong></span> <span class='ocrx_word' id='word_1_97' title='bbox 546 1405 617 1466; x_wconf 81' lang='lat' dir='ltr'><strong>crgo</strong></span> <span class='ocrx_word' id='word_1_98' title='bbox 640 1388 737 1467; x_wconf 90' lang='lat' dir='ltr'><strong>prima</strong></span> <span class='ocrx_word' id='word_1_99' title='bbox 760 1404 819 1446; x_wconf 92' lang='lat' dir='ltr'><strong>uon</strong></span> <span class='ocrx_word' id='word_1_100' title='bbox 843 1394 910 1464; x_wconf 83' lang='lat' dir='ltr'><strong>eget</strong></span> <span class='ocrx_word' id='word_1_101' title='bbox 931 1406 1010 1456; x_wconf 90' lang='lat' dir='ltr'><strong>casu,</strong></span> <span class='ocrx_word' id='word_1_102' title='bbox 1032 1387 1163 1448; x_wconf 89' lang='lat' dir='ltr'><strong>secunda</strong></span> <span class='ocrx_word' id='word_1_103' title='bbox 1179 1376 1342 1448; x_wconf 84' lang='lat' dir='ltr'><strong>vocativum</strong></span> <span class='ocrx_word' id='word_1_104' title='bbox 1358 1372 1435 1445; x_wconf 57' lang='lat' dir='ltr'><strong>sernss</strong></span> 
     </span>
     <span class='ocr_line' id='line_1_12' title="bbox 102 1486 1436 1571; baseline -0.001 -24"><span class='ocrx_word' id='word_1_105' title='bbox 102 1510 130 1549; x_wconf 86' lang='lat'><strong>10</strong></span> <span class='ocrx_word' id='word_1_106' title='bbox 144 1511 199 1571; x_wconf 87' lang='lat' dir='ltr'><strong>per</strong></span> <span class='ocrx_word' id='word_1_107' title='bbox 221 1499 312 1560; x_wconf 86' lang='lat' dir='ltr'><strong>tonet,</strong></span> <span class='ocrx_word' id='word_1_108' title='bbox 336 1492 422 1551; x_wconf 85' lang='lat' dir='ltr'><strong>tertia</strong></span> <span class='ocrx_word' id='word_1_109' title='bbox 445 1491 656 1550; x_wconf 83' lang='lat' dir='ltr'><strong>nominativum</strong></span> <span class='ocrx_word' id='word_1_110' title='bbox 680 1506 799 1567; x_wconf 89' lang='lat' dir='ltr'><strong>semper</strong></span> <span class='ocrx_word' id='word_1_111' title='bbox 822 1496 911 1549; x_wconf 85' lang='lat' dir='ltr'><strong>tenet.</strong></span> <span class='ocrx_word' id='word_1_112' title='bbox 957 1508 1013 1568; x_wconf 92' lang='lat' dir='ltr'><strong>qua</strong></span> <span class='ocrx_word' id='word_1_113' title='bbox 1035 1490 1151 1551; x_wconf 85' lang='lat' dir='ltr'><strong>ratione</strong></span> <span class='ocrx_word' id='word_1_114' title='bbox 1173 1488 1230 1548; x_wconf 91' lang='lat' dir='ltr'><strong>boc</strong></span> <span class='ocrx_word' id='word_1_115' title='bbox 1252 1488 1342 1549; x_wconf 86' lang='lat' dir='ltr'><strong>diriti</strong></span> <span class='ocrx_word' id='word_1_116' title='bbox 1375 1486 1436 1547; x_wconf 91' lang='lat' dir='ltr'><strong>noli</strong></span> 
     </span>
     <span class='ocr_line' id='line_1_13' title="bbox 146 1587 1435 1673; baseline -0.005 -19"><span class='ocrx_word' id='word_1_117' title='bbox 146 1601 250 1673; x_wconf 89' lang='lat' dir='ltr'><strong>putare</strong></span> <span class='ocrx_word' id='word_1_118' title='bbox 278 1612 314 1653; x_wconf 83' lang='lat' dir='ltr'><strong>cx</strong></span> <span class='ocrx_word' id='word_1_119' title='bbox 341 1592 494 1672; x_wconf 84' lang='lat' dir='ltr'><strong>superfluo</strong></span> <span class='ocrx_word' id='word_1_120' title='bbox 522 1590 580 1650; x_wconf 93' lang='lat' dir='ltr'><strong>hoc</strong></span> <span class='ocrx_word' id='word_1_121' title='bbox 608 1609 675 1650; x_wconf 89' lang='lat' dir='ltr'><strong>eum</strong></span> <span class='ocrx_word' id='word_1_122' title='bbox 703 1590 818 1650; x_wconf 85' lang='lat' dir='ltr'><strong>iecisse.</strong></span> <span class='ocrx_word' id='word_1_123' title='bbox 867 1590 1012 1653; x_wconf 89' lang='lat' dir='ltr'><strong>babemus</strong></span> <span class='ocrx_word' id='word_1_124' title='bbox 1039 1593 1070 1651; x_wconf 91' lang='lat' dir='ltr'><strong>in</strong></span> <span class='ocrx_word' id='word_1_125' title='bbox 1098 1591 1227 1668; x_wconf 90' lang='lat' dir='ltr'><strong>antiquis</strong></span> <span class='ocrx_word' id='word_1_126' title='bbox 1258 1587 1435 1657; x_wconf 77' lang='lat' dir='ltr'><strong>auctoribm,</strong></span> 
     </span>
     <span class='ocr_line' id='line_1_14' title="bbox 144 1689 1435 1774; baseline -0.005 -19"><span class='ocrx_word' id='word_1_127' title='bbox 144 1696 305 1774; x_wconf 88' lang='lat' dir='ltr'><strong>praecipue</strong></span> <span class='ocrx_word' id='word_1_128' title='bbox 327 1694 358 1754; x_wconf 93' lang='lat' dir='ltr'><strong>in</strong></span> <span class='ocrx_word' id='word_1_129' title='bbox 381 1694 510 1773; x_wconf 87' lang='lat' dir='ltr'><strong>antiquis</strong></span> <span class='ocrx_word' id='word_1_130' title='bbox 531 1694 627 1772; x_wconf 91' lang='lat' dir='ltr'><strong>poetis</strong></span> <span class='ocrx_word' id='word_1_131' title='bbox 648 1693 816 1753; x_wconf 89' lang='lat' dir='ltr'><strong>invenimus</strong></span> <span class='ocrx_word' id='word_1_132' title='bbox 841 1694 918 1752; x_wconf 91' lang='lat' dir='ltr'><strong>varie</strong></span> <span class='ocrx_word' id='word_1_133' title='bbox 940 1694 1055 1754; x_wconf 88' lang='lat' dir='ltr'><strong>iunctas</strong></span> <span class='ocrx_word' id='word_1_134' title='bbox 1070 1694 1141 1754; x_wconf 91' lang='lat' dir='ltr'><strong>istas</strong></span> <span class='ocrx_word' id='word_1_135' title='bbox 1156 1710 1312 1772; x_wconf 80' lang='lat' dir='ltr'><strong>personas,</strong></span> <span class='ocrx_word' id='word_1_136' title='bbox 1336 1689 1435 1758; x_wconf 87' lang='lat' dir='ltr'><strong>credo,</strong></span> 
     </span>
     <span class='ocr_line' id='line_1_15' title="bbox 144 1795 785 1871; baseline -0.006 -14"><span class='ocrx_word' id='word_1_137' title='bbox 144 1800 216 1871; x_wconf 78' lang='lat' dir='ltr'><strong>quia</strong></span> <span class='ocrx_word' id='word_1_138' title='bbox 238 1795 336 1856; x_wconf 90' lang='lat' dir='ltr'><strong>adbuc</strong></span> <span class='ocrx_word' id='word_1_139' title='bbox 358 1795 508 1856; x_wconf 87' lang='lat' dir='ltr'><strong>indefinita</strong></span> <span class='ocrx_word' id='word_1_140' title='bbox 531 1801 595 1855; x_wconf 89' lang='lat' dir='ltr'><strong>erat</strong></span> <span class='ocrx_word' id='word_1_141' title='bbox 617 1796 673 1855; x_wconf 91' lang='lat' dir='ltr'><strong>ista</strong></span> <span class='ocrx_word' id='word_1_142' title='bbox 696 1795 785 1855; x_wconf 91' lang='lat' dir='ltr'><strong>ratio:</strong></span> 
     </span>
     <span class='ocr_line' id='line_1_16' title="bbox 296 1898 1194 1976; baseline 0.002 -20"><span class='ocrx_word' id='word_1_143' title='bbox 296 1899 376 1967; x_wconf 91' lang='lat' dir='ltr'><strong>itis,</strong></span> <span class='ocrx_word' id='word_1_144' title='bbox 400 1898 541 1976; x_wconf 90' lang='lat' dir='ltr'><strong>paratis</strong></span> <span class='ocrx_word' id='word_1_145' title='bbox 563 1914 661 1957; x_wconf 89' lang='lat' dir='ltr'><strong>arma</strong></span> <span class='ocrx_word' id='word_1_146' title='bbox 684 1914 787 1974; x_wconf 92' lang='lat' dir='ltr'><strong>quam</strong></span> <span class='ocrx_word' id='word_1_147' title='bbox 809 1899 980 1975; x_wconf 90' lang='lat' dir='ltr'><strong>primum,</strong></span> <span class='ocrx_word' id='word_1_148' title='bbox 1005 1898 1090 1969; x_wconf 91' lang='lat' dir='ltr'><strong>viri;</strong></span> <span class='ocrx_word' id='word_1_149' title='bbox 1188 1907 1194 1921; x_wconf 75' lang='lat'><strong><em>‘</em></strong></span> 
     </span>
     <span class='ocr_line' id='line_1_17' title="bbox 104 1997 438 2059; baseline 0 0"><span class='ocrx_word' id='word_1_150' title='bbox 104 2019 131 2059; x_wconf 88' lang='lat'><strong>15</strong></span> <span class='ocrx_word' id='word_1_151' title='bbox 146 2006 176 2058; x_wconf 90' lang='lat' dir='ltr'><strong>ct</strong></span> <span class='ocrx_word' id='word_1_152' title='bbox 198 1998 255 2059; x_wconf 94' lang='lat' dir='ltr'><strong>alio</strong></span> <span class='ocrx_word' id='word_1_153' title='bbox 277 1997 343 2059; x_wconf 93' lang='lat' dir='ltr'><strong>loco</strong></span> <span class='ocrx_word' id='word_1_154' title='bbox 365 1999 438 2059; x_wconf 80' lang='lat' dir='ltr'><strong>dixit</strong></span> 
     </span>
     <span class='ocr_line' id='line_1_18' title="bbox 297 2099 1434 2181; baseline -0.002 -20"><span class='ocrx_word' id='word_1_155' title='bbox 297 2101 426 2171; x_wconf 90' lang='lat' dir='ltr'><strong>Danai,</strong></span> <span class='ocrx_word' id='word_1_156' title='bbox 450 2103 512 2180; x_wconf 93' lang='lat' dir='ltr'><strong>qui</strong></span> <span class='ocrx_word' id='word_1_157' title='bbox 534 2099 839 2179; x_wconf 86' lang='lat' dir='ltr'><strong>parcutlltridis,</strong></span> <span class='ocrx_word' id='word_1_158' title='bbox 863 2118 967 2178; x_wconf 91' lang='lat' dir='ltr'><strong>quam</strong></span> <span class='ocrx_word' id='word_1_159' title='bbox 989 2103 1148 2181; x_wconf 91' lang='lat' dir='ltr'><strong>primum</strong></span> <span class='ocrx_word' id='word_1_160' title='bbox 1171 2117 1269 2160; x_wconf 91' lang='lat' dir='ltr'><strong>arma</strong></span> <span class='ocrx_word' id='word_1_161' title='bbox 1291 2100 1434 2160; x_wconf 81' lang='lat' dir='ltr'><strong>sumite..</strong></span> 
     </span>
     <span class='ocr_line' id='line_1_19' title="bbox 145 2201 1435 2282; baseline -0.001 -19"><span class='ocrx_word' id='word_1_162' title='bbox 145 2203 238 2264; x_wconf 85' lang='lat' dir='ltr'><strong>bauai</strong></span> <span class='ocrx_word' id='word_1_163' title='bbox 265 2205 315 2282; x_wconf 94' lang='lat' dir='ltr'><strong>qui</strong></span> <span class='ocrx_word' id='word_1_164' title='bbox 344 2221 431 2263; x_wconf 88' lang='lat' dir='ltr'><strong>casus</strong></span> <span class='ocrx_word' id='word_1_165' title='bbox 460 2204 522 2263; x_wconf 80' lang='lat' dir='ltr'><strong>cst?</strong></span> <span class='ocrx_word' id='word_1_166' title='bbox 559 2204 707 2263; x_wconf 89' lang='lat' dir='ltr'><strong>vocativus</strong></span> <span class='ocrx_word' id='word_1_167' title='bbox 734 2204 799 2264; x_wconf 89' lang='lat' dir='ltr'><strong>sine</strong></span> <span class='ocrx_word' id='word_1_168' title='bbox 826 2201 925 2265; x_wconf 92' lang='lat' dir='ltr'><strong>dubio.</strong></span> <span class='ocrx_word' id='word_1_169' title='bbox 977 2204 1034 2263; x_wconf 89' lang='lat' dir='ltr'><strong>iste</strong></span> <span class='ocrx_word' id='word_1_170' title='bbox 1057 2203 1204 2263; x_wconf 83' lang='lat' dir='ltr'><strong>vocativus</strong></span> <span class='ocrx_word' id='word_1_171' title='bbox 1233 2220 1318 2262; x_wconf 88' lang='lat' dir='ltr'><strong>casus</strong></span> <span class='ocrx_word' id='word_1_172' title='bbox 1348 2218 1435 2278; x_wconf 89' lang='lat' dir='ltr'><strong>quarn</strong></span> 
     </span>
     <span class='ocr_line' id='line_1_20' title="bbox 143 2303 1436 2386; baseline -0.002 -20"><span class='ocrx_word' id='word_1_173' title='bbox 143 2324 302 2386; x_wconf 85' lang='lat' dir='ltr'><strong>porsonam</strong></span> <span class='ocrx_word' id='word_1_174' title='bbox 330 2303 433 2364; x_wconf 89' lang='lat' dir='ltr'><strong>debuit</strong></span> <span class='ocrx_word' id='word_1_175' title='bbox 467 2306 586 2363; x_wconf 81' lang='lat' dir='ltr'><strong>tencre?</strong></span> <span class='ocrx_word' id='word_1_176' title='bbox 631 2303 801 2364; x_wconf 86' lang='lat' dir='ltr'><strong>secundam.</strong></span> <span class='ocrx_word' id='word_1_177' title='bbox 852 2312 959 2384; x_wconf 87' lang='lat' dir='ltr'><strong>parent</strong></span> <span class='ocrx_word' id='word_1_178' title='bbox 992 2307 1079 2366; x_wconf 87' lang='lat' dir='ltr'><strong>tertia</strong></span> <span class='ocrx_word' id='word_1_179' title='bbox 1106 2321 1236 2383; x_wconf 86' lang='lat' dir='ltr'><strong>persona</strong></span> <span class='ocrx_word' id='word_1_180' title='bbox 1263 2312 1321 2364; x_wconf 88' lang='lat' dir='ltr'><strong>est:</strong></span> <span class='ocrx_word' id='word_1_181' title='bbox 1366 2321 1436 2363; x_wconf 87' lang='lat' dir='ltr'><strong>cccc</strong></span> 
     </span>
     <span class='ocr_line' id='line_1_21' title="bbox 143 2386 1438 2487; baseline -0.001 -21"><span class='ocrx_word' id='word_1_182' title='bbox 143 2409 241 2468; x_wconf 78' lang='lat' dir='ltr'><strong>iunxit</strong></span> <span class='ocrx_word' id='word_1_183' title='bbox 268 2408 383 2467; x_wconf 89' lang='lat' dir='ltr'><strong>tertiam</strong></span> <span class='ocrx_word' id='word_1_184' title='bbox 407 2425 564 2485; x_wconf 86' lang='lat' dir='ltr'><strong>personam</strong></span> <span class='ocrx_word' id='word_1_185' title='bbox 590 2407 730 2475; x_wconf 86' lang='lat' dir='ltr'><strong>vocativo,</strong></span> <span class='ocrx_word' id='word_1_186' title='bbox 760 2406 886 2476; x_wconf 80' lang='lat' dir='ltr'><strong>‘Danai,</strong></span> <span class='ocrx_word' id='word_1_187' title='bbox 917 2409 967 2483; x_wconf 93' lang='lat' dir='ltr'><strong>qui</strong></span> <span class='ocrx_word' id='word_1_188' title='bbox 994 2415 1098 2487; x_wconf 90' lang='lat' dir='ltr'><strong>parent</strong></span> <span class='ocrx_word' id='word_1_189' title='bbox 1118 2407 1260 2475; x_wconf 79' lang='lat' dir='ltr'><strong>Atridis&#39;;</strong></span> <span class='ocrx_word' id='word_1_190' title='bbox 1294 2386 1438 2466; x_wconf 81' lang='lat' dir='ltr'><strong>debuerat</strong></span> 
     </span>
     <span class='ocr_line' id='line_1_22' title="bbox 101 2509 1436 2589; baseline 0 -21"><span class='ocrx_word' id='word_1_191' title='bbox 101 2509 244 2570; x_wconf 77' lang='lat' dir='ltr'><strong>sodicere</strong></span> <span class='ocrx_word' id='word_1_192' title='bbox 266 2511 303 2569; x_wconf 79' lang='lat' dir='ltr'><strong>‘o</strong></span> <span class='ocrx_word' id='word_1_193' title='bbox 319 2509 418 2579; x_wconf 86' lang='lat' dir='ltr'><strong>bauai,</strong></span> <span class='ocrx_word' id='word_1_194' title='bbox 442 2510 493 2589; x_wconf 93' lang='lat' dir='ltr'><strong>qui</strong></span> <span class='ocrx_word' id='word_1_195' title='bbox 514 2509 626 2588; x_wconf 87' lang='lat' dir='ltr'><strong>paretis</strong></span> <span class='ocrx_word' id='word_1_196' title='bbox 635 2513 653 2578; x_wconf 92' lang='lat'><strong>&#39;,</strong></span> <span class='ocrx_word' id='word_1_197' title='bbox 677 2509 756 2586; x_wconf 94' lang='lat' dir='ltr'><strong>quod</strong></span> <span class='ocrx_word' id='word_1_198' title='bbox 781 2516 825 2569; x_wconf 88' lang='lat' dir='ltr'><strong>ost</strong></span> <span class='ocrx_word' id='word_1_199' title='bbox 846 2510 877 2568; x_wconf 92' lang='lat' dir='ltr'><strong>in</strong></span> <span class='ocrx_word' id='word_1_200' title='bbox 900 2510 1028 2570; x_wconf 87' lang='lat' dir='ltr'><strong>secunda</strong></span> <span class='ocrx_word' id='word_1_201' title='bbox 1051 2527 1189 2589; x_wconf 86' lang='lat' dir='ltr'><strong>persona.</strong></span> <span class='ocrx_word' id='word_1_202' title='bbox 1220 2526 1292 2586; x_wconf 84' lang='lat' dir='ltr'><strong>ergo</strong></span> <span class='ocrx_word' id='word_1_203' title='bbox 1314 2516 1436 2588; x_wconf 85' lang='lat' dir='ltr'><strong>proptor</strong></span> 
     </span>
     <span class='ocr_line' id='line_1_23' title="bbox 145 2609 1436 2692; baseline -0.002 -20"><span class='ocrx_word' id='word_1_204' title='bbox 145 2612 335 2672; x_wconf 79' lang='lat' dir='ltr'><strong>contusiones</strong></span> <span class='ocrx_word' id='word_1_205' title='bbox 358 2612 540 2690; x_wconf 88' lang='lat' dir='ltr'><strong>antiquitatis</strong></span> <span class='ocrx_word' id='word_1_206' title='bbox 563 2609 644 2670; x_wconf 83' lang='lat' dir='ltr'><strong>dedit</strong></span> <span class='ocrx_word' id='word_1_207' title='bbox 666 2611 807 2689; x_wconf 84' lang='lat' dir='ltr'><strong>regulam,</strong></span> <span class='ocrx_word' id='word_1_208' title='bbox 831 2618 864 2672; x_wconf 89' lang='lat' dir='ltr'><strong>ut</strong></span> <span class='ocrx_word' id='word_1_209' title='bbox 884 2613 970 2681; x_wconf 89' lang='lat' dir='ltr'><strong>scias,</strong></span> <span class='ocrx_word' id='word_1_210' title='bbox 994 2630 1082 2692; x_wconf 89' lang='lat' dir='ltr'><strong>quem</strong></span> <span class='ocrx_word' id='word_1_211' title='bbox 1105 2629 1206 2672; x_wconf 92' lang='lat' dir='ltr'><strong>casum</strong></span> <span class='ocrx_word' id='word_1_212' title='bbox 1227 2613 1275 2671; x_wconf 94' lang='lat' dir='ltr'><strong>cui</strong></span> <span class='ocrx_word' id='word_1_213' title='bbox 1289 2629 1436 2690; x_wconf 83' lang='lat' dir='ltr'><strong>personae</strong></span> 
     </span>
     <span class='ocr_line' id='line_1_24' title="bbox 144 2710 1061 2794; baseline 0 -20"><span class='ocrx_word' id='word_1_214' title='bbox 144 2715 269 2792; x_wconf 83' lang='lat' dir='ltr'><strong>iungere</strong></span> <span class='ocrx_word' id='word_1_215' title='bbox 290 2711 411 2773; x_wconf 85' lang='lat' dir='ltr'><strong>debeas.</strong></span> <span class='ocrx_word' id='word_1_216' title='bbox 457 2710 558 2793; x_wconf 86' lang='lat' dir='ltr'><strong>[tertia</strong></span> <span class='ocrx_word' id='word_1_217' title='bbox 580 2731 698 2792; x_wconf 86' lang='lat' dir='ltr'><strong>semper</strong></span> <span class='ocrx_word' id='word_1_218' title='bbox 720 2714 931 2774; x_wconf 88' lang='lat' dir='ltr'><strong>nominativum</strong></span> <span class='ocrx_word' id='word_1_219' title='bbox 955 2713 1061 2794; x_wconf 87' lang='lat' dir='ltr'><strong>tenet].</strong></span> 
     </span>
     <span class='ocr_line' id='line_1_25' title="bbox 228 2810 1434 2894; baseline 0 -18"><span class='ocrx_word' id='word_1_220' title='bbox 228 2816 322 2876; x_wconf 84' lang='lat' dir='ltr'><strong>Etiam</strong></span> <span class='ocrx_word' id='word_1_221' title='bbox 346 2814 436 2876; x_wconf 87' lang='lat' dir='ltr'><strong>verba</strong></span> <span class='ocrx_word' id='word_1_222' title='bbox 454 2810 666 2894; x_wconf 88' lang='lat' dir='ltr'><strong>inpursonalia,</strong></span> <span class='ocrx_word' id='word_1_223' title='bbox 696 2831 772 2892; x_wconf 87' lang='lat' dir='ltr'><strong>quae</strong></span> <span class='ocrx_word' id='word_1_224' title='bbox 799 2817 829 2876; x_wconf 90' lang='lat' dir='ltr'><strong>in</strong></span> <span class='ocrx_word' id='word_1_225' title='bbox 854 2823 913 2876; x_wconf 88' lang='lat' dir='ltr'><strong>trcs</strong></span> <span class='ocrx_word' id='word_1_226' title='bbox 936 2824 1045 2877; x_wconf 82' lang='lat' dir='ltr'><strong>exeunt</strong></span> <span class='ocrx_word' id='word_1_227' title='bbox 1065 2814 1199 2894; x_wconf 79' lang='lat' dir='ltr'><strong>regulas,</strong></span> <span class='ocrx_word' id='word_1_228' title='bbox 1229 2823 1261 2875; x_wconf 89' lang='lat' dir='ltr'><strong>ut</strong></span> <span class='ocrx_word' id='word_1_229' title='bbox 1288 2815 1434 2885; x_wconf 87' lang='lat' dir='ltr'><strong>novimus,</strong></span> 
     </span>
     <span class='ocr_line' id='line_1_26' title="bbox 143 2914 1435 2996; baseline -0.003 -17"><span class='ocrx_word' id='word_1_230' title='bbox 143 2922 175 2979; x_wconf 92' lang='lat' dir='ltr'><strong>in</strong></span> <span class='ocrx_word' id='word_1_231' title='bbox 199 2926 257 2986; x_wconf 91' lang='lat' dir='ltr'><strong>tur,</strong></span> <span class='ocrx_word' id='word_1_232' title='bbox 280 2920 312 2977; x_wconf 91' lang='lat' dir='ltr'><strong>in</strong></span> <span class='ocrx_word' id='word_1_233' title='bbox 335 2923 373 2985; x_wconf 91' lang='lat' dir='ltr'><strong>et,</strong></span> <span class='ocrx_word' id='word_1_234' title='bbox 397 2917 427 2976; x_wconf 94' lang='lat' dir='ltr'><strong>in</strong></span> <span class='ocrx_word' id='word_1_235' title='bbox 451 2919 482 2985; x_wconf 90' lang='lat' dir='ltr'><strong>it,</strong></span> <span class='ocrx_word' id='word_1_236' title='bbox 507 2915 617 2976; x_wconf 88' lang='lat' dir='ltr'><strong>babent</strong></span> <span class='ocrx_word' id='word_1_237' title='bbox 638 2914 784 2994; x_wconf 74' lang='lat' dir='ltr'><strong>dciilnitos</strong></span> <span class='ocrx_word' id='word_1_238' title='bbox 798 2936 892 2988; x_wconf 91' lang='lat' dir='ltr'><strong>casus,</strong></span> <span class='ocrx_word' id='word_1_239' title='bbox 916 2917 1024 2996; x_wconf 92' lang='lat' dir='ltr'><strong>quibus</strong></span> <span class='ocrx_word' id='word_1_240' title='bbox 1039 2921 1206 2995; x_wconf 79' lang='lat' dir='ltr'><strong>iungantur.</strong></span> <span class='ocrx_word' id='word_1_241' title='bbox 1244 2917 1342 2976; x_wconf 91' lang='lat' dir='ltr'><strong>omuia</strong></span> <span class='ocrx_word' id='word_1_242' title='bbox 1360 2934 1435 2994; x_wconf 85' lang='lat' dir='ltr'><strong>quae</strong></span> 
     </span>
     <span class='ocr_line' id='line_1_27' title="bbox 103 3016 1436 3098; baseline -0.002 -18"><span class='ocrx_word' id='word_1_243' title='bbox 103 3041 131 3080; x_wconf 67' lang='grc' dir='ltr'><strong>ιι</strong></span> <span class='ocrx_word' id='word_1_244' title='bbox 144 3023 175 3081; x_wconf 91' lang='lat' dir='ltr'><strong>iu</strong></span> <span class='ocrx_word' id='word_1_245' title='bbox 199 3027 248 3080; x_wconf 92' lang='lat' dir='ltr'><strong>tur</strong></span> <span class='ocrx_word' id='word_1_246' title='bbox 271 3027 380 3080; x_wconf 81' lang='lat' dir='ltr'><strong>exeunt</strong></span> <span class='ocrx_word' id='word_1_247' title='bbox 402 3018 559 3080; x_wconf 85' lang='lat' dir='ltr'><strong>ablativum</strong></span> <span class='ocrx_word' id='word_1_248' title='bbox 572 3025 698 3096; x_wconf 78' lang='lat' dir='ltr'><strong>regunt,</strong></span> <span class='ocrx_word' id='word_1_249' title='bbox 721 3017 829 3098; x_wconf 84' lang='lat' dir='ltr'><strong>legitur</strong></span> <span class='ocrx_word' id='word_1_250' title='bbox 851 3040 867 3081; x_wconf 95' lang='lat' dir='ltr'><strong>a</strong></span> <span class='ocrx_word' id='word_1_251' title='bbox 889 3039 946 3090; x_wconf 88' lang='lat' dir='ltr'><strong>me,</strong></span> <span class='ocrx_word' id='word_1_252' title='bbox 970 3022 1123 3098; x_wconf 89' lang='lat' dir='ltr'><strong>quaeritur</strong></span> <span class='ocrx_word' id='word_1_253' title='bbox 1144 3038 1160 3079; x_wconf 95' lang='lat' dir='ltr'><strong>a</strong></span> <span class='ocrx_word' id='word_1_254' title='bbox 1182 3027 1221 3088; x_wconf 88' lang='lat' dir='ltr'><strong>te,</strong></span> <span class='ocrx_word' id='word_1_255' title='bbox 1245 3017 1384 3078; x_wconf 89' lang='lat' dir='ltr'><strong>scribitur</strong></span> <span class='ocrx_word' id='word_1_256' title='bbox 1398 3016 1436 3078; x_wconf 92' lang='lat' dir='ltr'><strong>ab</strong></span> 
     </span>
     <span class='ocr_line' id='line_1_28' title="bbox 142 3111 1434 3201; baseline -0.004 -17"><span class='ocrx_word' id='word_1_257' title='bbox 142 3122 204 3184; x_wconf 87' lang='lat' dir='ltr'><strong>illo.</strong></span> <span class='ocrx_word' id='word_1_258' title='bbox 236 3140 307 3200; x_wconf 77' lang='lat' dir='ltr'><strong>ergo</strong></span> <span class='ocrx_word' id='word_1_259' title='bbox 329 3139 405 3201; x_wconf 87' lang='lat' dir='ltr'><strong>quae</strong></span> <span class='ocrx_word' id='word_1_260' title='bbox 429 3122 457 3180; x_wconf 93' lang='lat' dir='ltr'><strong>in</strong></span> <span class='ocrx_word' id='word_1_261' title='bbox 481 3129 529 3180; x_wconf 91' lang='lat' dir='ltr'><strong>tur</strong></span> <span class='ocrx_word' id='word_1_262' title='bbox 552 3128 660 3180; x_wconf 80' lang='lat' dir='ltr'><strong>exeunt</strong></span> <span class='ocrx_word' id='word_1_263' title='bbox 680 3121 880 3199; x_wconf 88' lang='lat' dir='ltr'><strong>inpersonalia</strong></span> <span class='ocrx_word' id='word_1_264' title='bbox 902 3111 1059 3182; x_wconf 73' lang='lat' dir='ltr'><strong>ablativum</strong></span> <span class='ocrx_word' id='word_1_265' title='bbox 1082 3121 1201 3181; x_wconf 89' lang='lat' dir='ltr'><strong>babent.</strong></span> <span class='ocrx_word' id='word_1_266' title='bbox 1240 3139 1316 3200; x_wconf 90' lang='lat' dir='ltr'><strong>quac</strong></span> <span class='ocrx_word' id='word_1_267' title='bbox 1338 3127 1434 3180; x_wconf 90' lang='lat' dir='ltr'><strong>autem</strong></span> 
     </span>
     <span class='ocr_line' id='line_1_29' title="bbox 143 3221 1437 3301; baseline -0.002 -17"><span class='ocrx_word' id='word_1_268' title='bbox 143 3227 175 3285; x_wconf 92' lang='lat' dir='ltr'><strong>in</strong></span> <span class='ocrx_word' id='word_1_269' title='bbox 198 3225 222 3284; x_wconf 90' lang='lat' dir='ltr'><strong>it</strong></span> <span class='ocrx_word' id='word_1_270' title='bbox 244 3231 364 3293; x_wconf 86' lang='lat' dir='ltr'><strong>exeunt,</strong></span> <span class='ocrx_word' id='word_1_271' title='bbox 388 3222 516 3284; x_wconf 90' lang='lat' dir='ltr'><strong>dativum</strong></span> <span class='ocrx_word' id='word_1_272' title='bbox 539 3241 640 3282; x_wconf 91' lang='lat' dir='ltr'><strong>casum</strong></span> <span class='ocrx_word' id='word_1_273' title='bbox 664 3230 785 3299; x_wconf 86' lang='lat' dir='ltr'><strong>regunt,</strong></span> <span class='ocrx_word' id='word_1_274' title='bbox 815 3224 958 3300; x_wconf 86' lang='lat' dir='ltr'><strong>contingit</strong></span> <span class='ocrx_word' id='word_1_275' title='bbox 984 3223 1056 3283; x_wconf 91' lang='lat' dir='ltr'><strong>mibi</strong></span> <span class='ocrx_word' id='word_1_276' title='bbox 1085 3221 1137 3282; x_wconf 93' lang='lat' dir='ltr'><strong>tibi</strong></span> <span class='ocrx_word' id='word_1_277' title='bbox 1159 3221 1211 3282; x_wconf 85' lang='lat' dir='ltr'><strong>illi.</strong></span> <span class='ocrx_word' id='word_1_278' title='bbox 1255 3224 1384 3301; x_wconf 85' lang='lat' dir='ltr'><strong>quaein</strong></span> <span class='ocrx_word' id='word_1_279' title='bbox 1407 3229 1437 3281; x_wconf 92' lang='lat' dir='ltr'><strong>et</strong></span> 
     </span>
     <span class='ocr_line' id='line_1_30' title="bbox 144 3322 1435 3403; baseline -0.003 -15"><span class='ocrx_word' id='word_1_280' title='bbox 144 3334 262 3399; x_wconf 83' lang='lat' dir='ltr'><strong>exeunt,</strong></span> <span class='ocrx_word' id='word_1_281' title='bbox 285 3325 357 3386; x_wconf 90' lang='lat' dir='ltr'><strong>duas</strong></span> <span class='ocrx_word' id='word_1_282' title='bbox 378 3324 489 3386; x_wconf 87' lang='lat' dir='ltr'><strong>babent</strong></span> <span class='ocrx_word' id='word_1_283' title='bbox 511 3323 642 3402; x_wconf 64' lang='lat' dir='ltr'><strong>regulas</strong></span> <span class='ocrx_word' id='word_1_284' title='bbox 667 3322 822 3402; x_wconf 89' lang='lat' dir='ltr'><strong>aliquando</strong></span> <span class='ocrx_word' id='word_1_285' title='bbox 845 3326 1042 3385; x_wconf 89' lang='lat' dir='ltr'><strong>accusativum</strong></span> <span class='ocrx_word' id='word_1_286' title='bbox 1065 3333 1181 3395; x_wconf 86' lang='lat' dir='ltr'><strong>teuent,</strong></span> <span class='ocrx_word' id='word_1_287' title='bbox 1205 3323 1363 3403; x_wconf 91' lang='lat' dir='ltr'><strong>aliquando</strong></span> <span class='ocrx_word' id='word_1_288' title='bbox 1385 3323 1435 3384; x_wconf 92' lang='lat' dir='ltr'><strong>da·</strong></span> 
     </span>
     <span class='ocr_line' id='line_1_31' title="bbox 145 3424 1435 3506; baseline -0.003 -18"><span class='ocrx_word' id='word_1_289' title='bbox 145 3429 245 3488; x_wconf 91' lang='lat' dir='ltr'><strong>tivum.</strong></span> <span class='ocrx_word' id='word_1_290' title='bbox 278 3436 347 3506; x_wconf 86' lang='lat' dir='ltr'><strong>puta</strong></span> <span class='ocrx_word' id='word_1_291' title='bbox 371 3428 579 3495; x_wconf 91' lang='lat' dir='ltr'><strong>accusativum,</strong></span> <span class='ocrx_word' id='word_1_292' title='bbox 603 3424 694 3504; x_wconf 85' lang='lat' dir='ltr'><strong>pudet</strong></span> <span class='ocrx_word' id='word_1_293' title='bbox 716 3443 777 3493; x_wconf 88' lang='lat' dir='ltr'><strong>mc;</strong></span> <span class='ocrx_word' id='word_1_294' title='bbox 803 3445 863 3487; x_wconf 90' lang='lat' dir='ltr'><strong>nou</strong></span> <span class='ocrx_word' id='word_1_295' title='bbox 880 3445 999 3506; x_wconf 86' lang='lat' dir='ltr'><strong>possum</strong></span> <span class='ocrx_word' id='word_1_296' title='bbox 1023 3427 1122 3488; x_wconf 88' lang='lat' dir='ltr'><strong>dicere</strong></span> <span class='ocrx_word' id='word_1_297' title='bbox 1138 3426 1229 3506; x_wconf 89' lang='lat' dir='ltr'><strong>pudet</strong></span> <span class='ocrx_word' id='word_1_298' title='bbox 1251 3424 1334 3486; x_wconf 90' lang='lat' dir='ltr'><strong>mihi.</strong></span> <span class='ocrx_word' id='word_1_299' title='bbox 1365 3441 1435 3485; x_wconf 91' lang='lat' dir='ltr'><strong>ecce</strong></span> 
     </span>
     <span class='ocr_line' id='line_1_32' title="bbox 103 3527 1435 3609; baseline -0.003 -18"><span class='ocrx_word' id='word_1_300' title='bbox 103 3551 131 3591; x_wconf 82' lang='lat' dir='ltr'><strong>so</strong></span> <span class='ocrx_word' id='word_1_301' title='bbox 146 3547 205 3607; x_wconf 94' lang='lat' dir='ltr'><strong>quo</strong></span> <span class='ocrx_word' id='word_1_302' title='bbox 227 3528 316 3589; x_wconf 92' lang='lat' dir='ltr'><strong>modo</strong></span> <span class='ocrx_word' id='word_1_303' title='bbox 339 3531 535 3590; x_wconf 88' lang='lat' dir='ltr'><strong>accusativum</strong></span> <span class='ocrx_word' id='word_1_304' title='bbox 560 3536 647 3589; x_wconf 84' lang='lat' dir='ltr'><strong>tenet</strong></span> <span class='ocrx_word' id='word_1_305' title='bbox 693 3528 764 3587; x_wconf 85' lang='lat' dir='ltr'><strong>item</strong></span> <span class='ocrx_word' id='word_1_306' title='bbox 793 3527 920 3588; x_wconf 89' lang='lat' dir='ltr'><strong>dativum</strong></span> <span class='ocrx_word' id='word_1_307' title='bbox 942 3535 1036 3600; x_wconf 88' lang='lat' dir='ltr'><strong>tenet,</strong></span> <span class='ocrx_word' id='word_1_308' title='bbox 1066 3537 1137 3609; x_wconf 92' lang='lat' dir='ltr'><strong>puta</strong></span> <span class='ocrx_word' id='word_1_309' title='bbox 1165 3527 1237 3588; x_wconf 88' lang='lat' dir='ltr'><strong>libet</strong></span> <span class='ocrx_word' id='word_1_310' title='bbox 1258 3529 1346 3597; x_wconf 89' lang='lat' dir='ltr'><strong>mil1i;</strong></span> <span class='ocrx_word' id='word_1_311' title='bbox 1375 3545 1435 3588; x_wconf 91' lang='lat' dir='ltr'><strong>uon</strong></span> 
     </span>
     <span class='ocr_line' id='line_1_33' title="bbox 144 3627 1435 3712; baseline -0.002 -20"><span class='ocrx_word' id='word_1_312' title='bbox 144 3650 264 3712; x_wconf 90' lang='lat' dir='ltr'><strong>possum</strong></span> <span class='ocrx_word' id='word_1_313' title='bbox 293 3632 393 3692; x_wconf 86' lang='lat' dir='ltr'><strong>dicere</strong></span> <span class='ocrx_word' id='word_1_314' title='bbox 422 3630 495 3691; x_wconf 90' lang='lat' dir='ltr'><strong>libet</strong></span> <span class='ocrx_word' id='word_1_315' title='bbox 516 3650 579 3698; x_wconf 86' lang='lat' dir='ltr'><strong>me,</strong></span> <span class='ocrx_word' id='word_1_316' title='bbox 614 3636 684 3708; x_wconf 90' lang='lat' dir='ltr'><strong>puta</strong></span> <span class='ocrx_word' id='word_1_317' title='bbox 713 3627 804 3689; x_wconf 88' lang='lat' dir='ltr'><strong>‘libet</strong></span> <span class='ocrx_word' id='word_1_318' title='bbox 832 3648 879 3690; x_wconf 86' lang='lat' dir='ltr'><strong>mc</strong></span> <span class='ocrx_word' id='word_1_319' title='bbox 906 3629 977 3692; x_wconf 92' lang='lat' dir='ltr'><strong>illud</strong></span> <span class='ocrx_word' id='word_1_320' title='bbox 1006 3632 1120 3693; x_wconf 88' lang='lat' dir='ltr'><strong>iaccrc&#39;</strong></span> <span class='ocrx_word' id='word_1_321' title='bbox 1152 3649 1212 3690; x_wconf 92' lang='lat' dir='ltr'><strong>nou</strong></span> <span class='ocrx_word' id='word_1_322' title='bbox 1240 3638 1286 3692; x_wconf 88' lang='lat' dir='ltr'><strong>est</strong></span> <span class='ocrx_word' id='word_1_323' title='bbox 1314 3629 1435 3690; x_wconf 87' lang='lat' dir='ltr'><strong>latinum</strong></span> 
     </span>
     <span class='ocr_line' id='line_1_34' title="bbox 144 3730 1436 3814; baseline -0.002 -20"><span class='ocrx_word' id='word_1_324' title='bbox 144 3735 276 3814; x_wconf 88' lang='lat' dir='ltr'><strong>ponitus,</strong></span> <span class='ocrx_word' id='word_1_325' title='bbox 305 3733 356 3793; x_wconf 88' lang='lat' dir='ltr'><strong>scd</strong></span> <span class='ocrx_word' id='word_1_326' title='bbox 384 3732 458 3793; x_wconf 90' lang='lat' dir='ltr'><strong>libct</strong></span> <span class='ocrx_word' id='word_1_327' title='bbox 486 3731 572 3792; x_wconf 90' lang='lat' dir='ltr'><strong>mibi:</strong></span> <span class='ocrx_word' id='word_1_328' title='bbox 606 3730 678 3792; x_wconf 88' lang='lat' dir='ltr'><strong>libet</strong></span> <span class='ocrx_word' id='word_1_329' title='bbox 707 3733 785 3792; x_wconf 87' lang='lat' dir='ltr'><strong>euim</strong></span> <span class='ocrx_word' id='word_1_330' title='bbox 813 3732 941 3794; x_wconf 90' lang='lat' dir='ltr'><strong>dativum</strong></span> <span class='ocrx_word' id='word_1_331' title='bbox 970 3743 1051 3795; x_wconf 85' lang='lat' dir='ltr'><strong>tenet</strong></span> <span class='ocrx_word' id='word_1_332' title='bbox 1078 3751 1187 3793; x_wconf 91' lang='lat' dir='ltr'><strong>casum.</strong></span> <span class='ocrx_word' id='word_1_333' title='bbox 1232 3750 1304 3810; x_wconf 81' lang='lat' dir='ltr'><strong>ergo</strong></span> <span class='ocrx_word' id='word_1_334' title='bbox 1332 3734 1361 3791; x_wconf 94' lang='lat' dir='ltr'><strong>in</strong></span> <span class='ocrx_word' id='word_1_335' title='bbox 1388 3739 1436 3792; x_wconf 94' lang='lat' dir='ltr'><strong>tur</strong></span> 
     </span>
     <span class='ocr_line' id='line_1_35' title="bbox 145 3835 1437 3914; baseline -0.003 -17"><span class='ocrx_word' id='word_1_336' title='bbox 145 3835 303 3897; x_wconf 85' lang='lat' dir='ltr'><strong>ablativum</strong></span> <span class='ocrx_word' id='word_1_337' title='bbox 326 3844 417 3905; x_wconf 83' lang='lat' dir='ltr'><strong>tenet,</strong></span> <span class='ocrx_word' id='word_1_338' title='bbox 441 3843 474 3896; x_wconf 90' lang='lat' dir='ltr'><strong>ut</strong></span> <span class='ocrx_word' id='word_1_339' title='bbox 496 3836 593 3913; x_wconf 83' lang='lat' dir='ltr'><strong>agitur</strong></span> <span class='ocrx_word' id='word_1_340' title='bbox 615 3854 630 3893; x_wconf 92' lang='lat' dir='ltr'><strong>a</strong></span> <span class='ocrx_word' id='word_1_341' title='bbox 654 3853 715 3902; x_wconf 88' lang='lat' dir='ltr'><strong>mc;</strong></span> <span class='ocrx_word' id='word_1_342' title='bbox 750 3853 825 3914; x_wconf 90' lang='lat' dir='ltr'><strong>quac</strong></span> <span class='ocrx_word' id='word_1_343' title='bbox 851 3837 883 3895; x_wconf 91' lang='lat' dir='ltr'><strong>in</strong></span> <span class='ocrx_word' id='word_1_344' title='bbox 910 3838 948 3905; x_wconf 93' lang='lat' dir='ltr'><strong>it,</strong></span> <span class='ocrx_word' id='word_1_345' title='bbox 976 3836 1106 3896; x_wconf 90' lang='lat' dir='ltr'><strong>dativum</strong></span> <span class='ocrx_word' id='word_1_346' title='bbox 1129 3853 1230 3896; x_wconf 90' lang='lat' dir='ltr'><strong>casum</strong></span> <span class='ocrx_word' id='word_1_347' title='bbox 1252 3842 1369 3903; x_wconf 88' lang='lat' dir='ltr'><strong>tenent,</strong></span> <span class='ocrx_word' id='word_1_348' title='bbox 1404 3840 1437 3894; x_wconf 90' lang='lat' dir='ltr'><strong>ut</strong></span> 
     </span>
     <span class='ocr_line' id='line_1_36' title="bbox 122 3934 1436 4018; baseline -0.003 -19"><span class='ocrx_word' id='word_1_349' title='bbox 122 3939 289 4016; x_wconf 85' lang='lat' dir='ltr'><strong>¹contingit</strong></span> <span class='ocrx_word' id='word_1_350' title='bbox 313 3937 393 3997; x_wconf 90' lang='lat' dir='ltr'><strong>mibi.</strong></span> <span class='ocrx_word' id='word_1_351' title='bbox 439 3937 484 3995; x_wconf 84' lang='lat' dir='ltr'><strong>bic</strong></span> <span class='ocrx_word' id='word_1_352' title='bbox 513 3934 592 3995; x_wconf 90' lang='lat' dir='ltr'><strong>nulla</strong></span> <span class='ocrx_word' id='word_1_353' title='bbox 621 3935 763 3996; x_wconf 91' lang='lat' dir='ltr'><strong>dubitatio</strong></span> <span class='ocrx_word' id='word_1_354' title='bbox 791 3946 845 3997; x_wconf 88' lang='lat' dir='ltr'><strong>cst.</strong></span> <span class='ocrx_word' id='word_1_355' title='bbox 889 3957 965 4018; x_wconf 90' lang='lat' dir='ltr'><strong>quac</strong></span> <span class='ocrx_word' id='word_1_356' title='bbox 992 3946 1090 3999; x_wconf 88' lang='lat' dir='ltr'><strong>autem</strong></span> <span class='ocrx_word' id='word_1_357' title='bbox 1117 3940 1148 3998; x_wconf 93' lang='lat' dir='ltr'><strong>iu</strong></span> <span class='ocrx_word' id='word_1_358' title='bbox 1176 3944 1206 3998; x_wconf 88' lang='lat' dir='ltr'><strong>ct</strong></span> <span class='ocrx_word' id='word_1_359' title='bbox 1233 3944 1354 4006; x_wconf 82' lang='lat' dir='ltr'><strong>exeunt,</strong></span> <span class='ocrx_word' id='word_1_360' title='bbox 1384 3935 1436 3995; x_wconf 92' lang='lat' dir='ltr'><strong>ali·</strong></span> 
     </span>
     <span class='ocr_line' id='line_1_37' title="bbox 103 4038 1437 4120; baseline -0.002 -20"><span class='ocrx_word' id='word_1_361' title='bbox 103 4060 130 4100; x_wconf 80' lang='lat' dir='ltr'><strong>sa</strong></span> <span class='ocrx_word' id='word_1_362' title='bbox 145 4040 263 4120; x_wconf 88' lang='lat' dir='ltr'><strong>quando</strong></span> <span class='ocrx_word' id='word_1_363' title='bbox 285 4041 447 4117; x_wconf 76' lang='lat' dir='ltr'><strong>iunguntur</strong></span> <span class='ocrx_word' id='word_1_364' title='bbox 471 4038 581 4109; x_wconf 90' lang='lat' dir='ltr'><strong>dativo,</strong></span> <span class='ocrx_word' id='word_1_365' title='bbox 605 4038 763 4118; x_wconf 89' lang='lat' dir='ltr'><strong>aliquando</strong></span> <span class='ocrx_word' id='word_1_366' title='bbox 785 4042 961 4101; x_wconf 86' lang='lat' dir='ltr'><strong>accusativo.</strong></span> <span class='ocrx_word' id='word_1_367' title='bbox 1004 4058 1081 4116; x_wconf 81' lang='lat' dir='ltr'><strong>quac</strong></span> <span class='ocrx_word' id='word_1_368' title='bbox 1102 4043 1210 4115; x_wconf 73' lang='lat' dir='ltr'><strong>requio</strong></span> <span class='ocrx_word' id='word_1_369' title='bbox 1230 4047 1288 4108; x_wconf 89' lang='lat' dir='ltr'><strong>cst,</strong></span> <span class='ocrx_word' id='word_1_370' title='bbox 1316 4039 1437 4113; x_wconf 82' lang='lat' dir='ltr'><strong>quondo</strong></span> 
     </span>
     <span class='ocr_line' id='line_1_38' title="bbox 145 4139 1436 4220; baseline -0.001 -19"><span class='ocrx_word' id='word_1_371' title='bbox 145 4144 246 4202; x_wconf 74' lang='lat' dir='ltr'><strong>datico</strong></span> <span class='ocrx_word' id='word_1_372' title='bbox 268 4145 440 4215; x_wconf 62' lang='lat' dir='ltr'><strong>innuuntur,</strong></span> <span class='ocrx_word' id='word_1_373' title='bbox 464 4139 581 4220; x_wconf 91' lang='lat' dir='ltr'><strong>quando</strong></span> <span class='ocrx_word' id='word_1_374' title='bbox 604 4142 787 4201; x_wconf 79' lang='lat' dir='ltr'><strong>accusativo?</strong></span> <span class='ocrx_word' id='word_1_375' title='bbox 823 4141 901 4202; x_wconf 91' lang='lat' dir='ltr'><strong>nulla</strong></span> <span class='ocrx_word' id='word_1_376' title='bbox 924 4144 981 4203; x_wconf 93' lang='lat' dir='ltr'><strong>nisi</strong></span> <span class='ocrx_word' id='word_1_377' title='bbox 1003 4144 1193 4203; x_wconf 90' lang='lat' dir='ltr'><strong>auctoritatis.</strong></span> <span class='ocrx_word' id='word_1_378' title='bbox 1236 4143 1267 4201; x_wconf 93' lang='lat' dir='ltr'><strong>iu</strong></span> <span class='ocrx_word' id='word_1_379' title='bbox 1290 4149 1353 4202; x_wconf 90' lang='lat' dir='ltr'><strong>arte</strong></span> <span class='ocrx_word' id='word_1_380' title='bbox 1377 4158 1436 4200; x_wconf 91' lang='lat' dir='ltr'><strong>non</strong></span> 
     </span>
    </p>
   </div>
   <div class='ocr_carea' id='block_1_3' title="bbox 293 4310 446 4318">
    <p class='ocr_par' dir='ltr' id='par_1_3' title="bbox 293 4310 446 4318">
     <span class='ocr_line' id='line_1_39' title="bbox 293 4310 446 4318; baseline 0.007 -1"><span class='ocrx_word' id='word_1_381' title='bbox 293 4313 358 4318; x_wconf 61' lang='lat'><strong>,-‚-.</strong></span> <span class='ocrx_word' id='word_1_382' title='bbox 376 4310 446 4318; x_wconf 55' lang='lat' dir='ltr'><strong>——a-</strong></span> 
     </span>
    </p>
   </div>
   <div class='ocr_carea' id='block_1_4' title="bbox 144 4413 1437 4620">
    <p class='ocr_par' dir='ltr' id='par_1_4' title="bbox 144 4413 1437 4620">
     <span class='ocr_line' id='line_1_40' title="bbox 217 4413 1387 4476; baseline 0.003 -14"><span class='ocrx_word' id='word_1_383' title='bbox 217 4413 230 4462; x_wconf 90' lang='lat' dir='ltr'><strong>l</strong></span> <span class='ocrx_word' id='word_1_384' title='bbox 247 4421 271 4461; x_wconf 89' lang='lat' dir='ltr'><strong>ct</strong></span> <span class='ocrx_word' id='word_1_385' title='bbox 285 4414 345 4476; x_wconf 90' lang='lat' dir='ltr'><strong>quid</strong></span> <span class='ocrx_word' id='word_1_386' title='bbox 359 4414 432 4463; x_wconf 72' lang='lat' dir='ltr'><strong>Aac</strong></span> <span class='ocrx_word' id='word_1_387' title='bbox 483 4415 499 4462; x_wconf 82' lang='lat'>2</span> <span class='ocrx_word' id='word_1_388' title='bbox 514 4414 546 4461; x_wconf 93' lang='lat' dir='ltr'><strong>ob</strong></span> <span class='ocrx_word' id='word_1_389' title='bbox 559 4414 742 4464; x_wconf 80' lang='lat' dir='ltr'><strong>Lindemonaus</strong></span> <span class='ocrx_word' id='word_1_390' title='bbox 755 4414 787 4464; x_wconf 89' lang='lat' dir='ltr'><strong>ad</strong></span> <span class='ocrx_word' id='word_1_391' title='bbox 800 4415 878 4472; x_wconf 74' lang='lat' dir='ltr'><strong>Bau,</strong></span> <span class='ocrx_word' id='word_1_392' title='bbox 891 4430 937 4467; x_wconf 83' lang='lat' dir='ltr'><strong>om.</strong></span> <span class='ocrx_word' id='word_1_393' title='bbox 950 4414 976 4463; x_wconf 78' lang='lat' dir='ltr'><em>A</em></span> <span class='ocrx_word' id='word_1_394' title='bbox 1030 4415 1105 4464; x_wconf 72' lang='lat' dir='ltr'><strong>alivum</strong></span> <span class='ocrx_word' id='word_1_395' title='bbox 1121 4429 1170 4464; x_wconf 91' lang='lat' dir='ltr'><strong>non</strong></span> <span class='ocrx_word' id='word_1_396' title='bbox 1186 4416 1304 4465; x_wconf 79' lang='lat' dir='ltr'><strong>ostendas</strong></span> <span class='ocrx_word' id='word_1_397' title='bbox 1316 4414 1387 4465; x_wconf 81' lang='lat' dir='ltr'><strong>ABG</strong></span> 
     </span>
     <span class='ocr_line' id='line_1_41' title="bbox 147 4484 1435 4549; baseline 0.001 -17"><span class='ocrx_word' id='word_1_398' title='bbox 147 4484 180 4532; x_wconf 84' lang='lat'><strong>10</strong></span> <span class='ocrx_word' id='word_1_399' title='bbox 193 4498 242 4545; x_wconf 86' lang='lat' dir='ltr'><strong>qua</strong></span> <span class='ocrx_word' id='word_1_400' title='bbox 255 4485 351 4531; x_wconf 86' lang='lat' dir='ltr'><strong>ratione</strong></span> <span class='ocrx_word' id='word_1_401' title='bbox 366 4484 426 4533; x_wconf 85' lang='lat' dir='ltr'><strong>BCn</strong></span> <span class='ocrx_word' id='word_1_402' title='bbox 439 4500 516 4546; x_wconf 72' lang='lat' dir='ltr'><strong>qrazuc</strong></span> <span class='ocrx_word' id='word_1_403' title='bbox 527 4485 550 4533; x_wconf 62' lang='lat' dir='ltr'><strong>sl</strong></span> <span class='ocrx_word' id='word_1_404' title='bbox 603 4484 911 4548; x_wconf 77' lang='lat' dir='ltr'><strong>llcumom,A‚ndd.a</strong></span> <span class='ocrx_word' id='word_1_405' title='bbox 960 4485 992 4536; x_wconf 85' lang='lat'><strong>13</strong></span> <span class='ocrx_word' id='word_1_406' title='bbox 1007 4487 1066 4549; x_wconf 83' lang='lat' dir='ltr'><strong>quia</strong></span> <span class='ocrx_word' id='word_1_407' title='bbox 1078 4501 1124 4538; x_wconf 86' lang='lat' dir='ltr'><strong>om.</strong></span> <span class='ocrx_word' id='word_1_408' title='bbox 1139 4486 1212 4535; x_wconf 84' lang='lat' dir='ltr'><strong>ABG</strong></span> <span class='ocrx_word' id='word_1_409' title='bbox 1260 4486 1435 4534; x_wconf 79' lang='lat' dir='ltr'><strong>erathcrit</strong></span> 
     </span>
     <span class='ocr_line' id='line_1_42' title="bbox 144 4552 1437 4620; baseline -0.001 -18"><span class='ocrx_word' id='word_1_410' title='bbox 144 4552 196 4602; x_wconf 83' lang='lat' dir='ltr'><strong>AB</strong></span> <span class='ocrx_word' id='word_1_411' title='bbox 248 4553 279 4602; x_wconf 79' lang='lat' dir='ltr'><strong>ld</strong></span> <span class='ocrx_word' id='word_1_412' title='bbox 295 4554 337 4601; x_wconf 85' lang='lat' dir='ltr'><strong>itis</strong></span> <span class='ocrx_word' id='word_1_413' title='bbox 353 4553 415 4603; x_wconf 84' lang='lat' dir='ltr'><strong>BCa</strong></span> <span class='ocrx_word' id='word_1_414' title='bbox 430 4554 485 4603; x_wconf 88' lang='lat' dir='ltr'><strong>istis</strong></span> <span class='ocrx_word' id='word_1_415' title='bbox 499 4553 531 4605; x_wconf 84' lang='grc' dir='ltr'><strong>Α,</strong></span> <span class='ocrx_word' id='word_1_416' title='bbox 545 4555 634 4603; x_wconf 79' lang='lat' dir='ltr'><strong>incerti</strong></span> <span class='ocrx_word' id='word_1_417' title='bbox 647 4563 738 4616; x_wconf 82' lang='lat' dir='ltr'><strong>poetae</strong></span> <span class='ocrx_word' id='word_1_418' title='bbox 749 4570 853 4615; x_wconf 80' lang='lat' dir='ltr'><strong>versum,</strong></span> <span class='ocrx_word' id='word_1_419' title='bbox 873 4562 897 4603; x_wconf 87' lang='lat' dir='ltr'><strong>et</strong></span> <span class='ocrx_word' id='word_1_420' title='bbox 912 4555 976 4603; x_wconf 76' lang='lat' dir='ltr'><strong>burro</strong></span> <span class='ocrx_word' id='word_1_421' title='bbox 989 4566 1013 4605; x_wconf 85' lang='lat' dir='ltr'><strong>et</strong></span> <span class='ocrx_word' id='word_1_422' title='bbox 1030 4570 1083 4604; x_wconf 80' lang='lat' dir='ltr'><strong>eron</strong></span> <span class='ocrx_word' id='word_1_423' title='bbox 1101 4557 1144 4620; x_wconf 81' lang='lat' dir='ltr'><strong>qui</strong></span> <span class='ocrx_word' id='word_1_424' title='bbox 1158 4558 1279 4620; x_wconf 83' lang='lat' dir='ltr'><strong>sequitur,</strong></span> <span class='ocrx_word' id='word_1_425' title='bbox 1295 4571 1331 4604; x_wconf 76' lang='lat' dir='ltr'><strong>ex</strong></span> <span class='ocrx_word' id='word_1_426' title='bbox 1345 4556 1437 4603; x_wconf 82' lang='lat' dir='ltr'><strong>Donnti</strong></span> 
     </span>
    </p>
   </div>
   <div class='ocr_carea' id='block_1_5' title="bbox 144 4640 1436 4951">
    <p class='ocr_par' dir='ltr' id='par_1_5' title="bbox 144 4640 1436 4951">
     <span class='ocr_line' id='line_1_43' title="bbox 144 4640 1383 4740; baseline 0.001 -18"><span class='ocrx_word' id='word_1_427' title='bbox 144 4674 178 4722; x_wconf 82' lang='lat' dir='ltr'><strong>de</strong></span> <span class='ocrx_word' id='word_1_428' title='bbox 190 4673 333 4722; x_wconf 77' lang='lat' dir='ltr'><strong>soloecismo</strong></span> <span class='ocrx_word' id='word_1_429' title='bbox 349 4677 520 4724; x_wconf 72' lang='lat' dir='ltr'><strong>connotentnn&#39;o</strong></span> <span class='ocrx_word' id='word_1_430' title='bbox 536 4690 562 4736; x_wconf 88' lang='lat' dir='ltr'><strong>p.</strong></span> <span class='ocrx_word' id='word_1_431' title='bbox 584 4672 647 4735; x_wconf 73' lang='lat' dir='ltr'><strong>bot,</strong></span> <span class='ocrx_word' id='word_1_432' title='bbox 665 4678 681 4725; x_wconf 85' lang='lat'>5</span> <span class='ocrx_word' id='word_1_433' title='bbox 700 4678 831 4736; x_wconf 81' lang='lat' dir='ltr'><strong>Pompeius</strong></span> <span class='ocrx_word' id='word_1_434' title='bbox 844 4678 929 4738; x_wconf 83' lang='lat' dir='ltr'><strong>petivit</strong></span> <span class='ocrx_word' id='word_1_435' title='bbox 1000 4672 1107 4739; x_wconf 83' lang='lat' dir='ltr'><strong>paratis]</strong></span> <span class='ocrx_word' id='word_1_436' title='bbox 1124 4640 1209 4740; x_wconf 63' lang='lat' dir='ltr'><strong>portds</strong></span> <span class='ocrx_word' id='word_1_437' title='bbox 1223 4691 1290 4724; x_wconf 78' lang='lat' dir='ltr'><strong>corr.</strong></span> <span class='ocrx_word' id='word_1_438' title='bbox 1310 4676 1344 4724; x_wconf 88' lang='lat' dir='ltr'><strong>-is</strong></span> <span class='ocrx_word' id='word_1_439' title='bbox 1359 4674 1383 4723; x_wconf 89' lang='lat' dir='ltr'><em>B</em></span> 
     </span>
     <span class='ocr_line' id='line_1_44' title="bbox 146 4743 1436 4809; baseline 0 -18"><span class='ocrx_word' id='word_1_440' title='bbox 146 4743 332 4795; x_wconf 81' lang='lat' dir='ltr'><strong>ldarmaona.</strong></span> <span class='ocrx_word' id='word_1_441' title='bbox 351 4745 384 4800; x_wconf 76' lang='lat' dir='ltr'><strong>A.</strong></span> <span class='ocrx_word' id='word_1_442' title='bbox 403 4745 463 4795; x_wconf 83' lang='lat' dir='ltr'><strong>odd.</strong></span> <span class='ocrx_word' id='word_1_443' title='bbox 486 4762 502 4793; x_wconf 84' lang='lat' dir='ltr'><strong>a</strong></span> <span class='ocrx_word' id='word_1_444' title='bbox 575 4744 605 4793; x_wconf 80' lang='lat' dir='ltr'><strong>ltt</strong></span> <span class='ocrx_word' id='word_1_445' title='bbox 625 4745 706 4794; x_wconf 84' lang='lat' dir='ltr'><strong>iunxit</strong></span> <span class='ocrx_word' id='word_1_446' title='bbox 724 4746 823 4793; x_wconf 84' lang='lat' dir='ltr'><strong>tertiam</strong></span> <span class='ocrx_word' id='word_1_447' title='bbox 844 4746 892 4794; x_wconf 79' lang='lat' dir='ltr'><strong>lla</strong></span> <span class='ocrx_word' id='word_1_448' title='bbox 914 4745 997 4794; x_wconf 88' lang='lat' dir='ltr'><strong>iunxit</strong></span> <span class='ocrx_word' id='word_1_449' title='bbox 1015 4747 1152 4796; x_wconf 88' lang='lat' dir='ltr'><strong>secundam</strong></span> <span class='ocrx_word' id='word_1_450' title='bbox 1171 4746 1223 4794; x_wconf 79' lang='lat' dir='ltr'><strong>AG</strong></span> <span class='ocrx_word' id='word_1_451' title='bbox 1290 4746 1324 4794; x_wconf 74' lang='lat'><strong>25</strong></span> <span class='ocrx_word' id='word_1_452' title='bbox 1344 4745 1436 4809; x_wconf 83' lang='lat' dir='ltr'><strong>legitur</strong></span> 
     </span>
     <span class='ocr_line' id='line_1_45' title="bbox 144 4813 1435 4879; baseline 0.002 -19"><span class='ocrx_word' id='word_1_453' title='bbox 144 4828 216 4861; x_wconf 80' lang='lat' dir='ltr'><strong>ame</strong></span> <span class='ocrx_word' id='word_1_454' title='bbox 234 4815 395 4874; x_wconf 83' lang='lat' dir='ltr'><strong>quaeritura</strong></span> <span class='ocrx_word' id='word_1_455' title='bbox 414 4823 437 4861; x_wconf 84' lang='lat' dir='ltr'><strong>te</strong></span> <span class='ocrx_word' id='word_1_456' title='bbox 454 4814 469 4860; x_wconf 90' lang='lat' dir='ltr'><strong>b</strong></span> <span class='ocrx_word' id='word_1_457' title='bbox 487 4815 577 4879; x_wconf 82' lang='lat' dir='ltr'><strong>legitur</strong></span> <span class='ocrx_word' id='word_1_458' title='bbox 595 4830 611 4862; x_wconf 84' lang='grc' dir='ltr'><strong>ιι</strong></span> <span class='ocrx_word' id='word_1_459' title='bbox 632 4830 671 4863; x_wconf 79' lang='lat' dir='ltr'><strong>ure</strong></span> <span class='ocrx_word' id='word_1_460' title='bbox 690 4815 718 4878; x_wconf 89' lang='lat' dir='ltr'><strong>(a</strong></span> <span class='ocrx_word' id='word_1_461' title='bbox 737 4826 761 4863; x_wconf 86' lang='lat' dir='ltr'><strong>te</strong></span> <span class='ocrx_word' id='word_1_462' title='bbox 780 4815 822 4865; x_wconf 84' lang='lat' dir='ltr'><strong>Ga</strong></span> <span class='ocrx_word' id='word_1_463' title='bbox 837 4826 894 4864; x_wconf 82' lang='lat' dir='ltr'><strong>aute</strong></span> <span class='ocrx_word' id='word_1_464' title='bbox 909 4816 945 4877; x_wconf 88' lang='lat' dir='ltr'><strong>A)</strong></span> <span class='ocrx_word' id='word_1_465' title='bbox 971 4817 1132 4878; x_wconf 87' lang='lat' dir='ltr'><strong>quaeritura</strong></span> <span class='ocrx_word' id='word_1_466' title='bbox 1151 4831 1190 4864; x_wconf 82' lang='lat' dir='ltr'><strong>mc</strong></span> <span class='ocrx_word' id='word_1_467' title='bbox 1203 4813 1287 4864; x_wconf 72' lang='lat' dir='ltr'><strong>Alto</strong></span> <span class='ocrx_word' id='word_1_468' title='bbox 1355 4815 1390 4866; x_wconf 81' lang='lat'><strong>33</strong></span> <span class='ocrx_word' id='word_1_469' title='bbox 1408 4824 1435 4863; x_wconf 89' lang='lat' dir='ltr'><strong>ut</strong></span> 
     </span>
     <span class='ocr_line' id='line_1_46' title="bbox 144 4883 1229 4951; baseline 0.004 -20"><span class='ocrx_word' id='word_1_470' title='bbox 144 4892 265 4946; x_wconf 78' lang='lat' dir='ltr'><strong>ageretur</strong></span> <span class='ocrx_word' id='word_1_471' title='bbox 283 4883 339 4932; x_wconf 84' lang='lat' dir='ltr'><strong>AB</strong></span> <span class='ocrx_word' id='word_1_472' title='bbox 409 4884 443 4934; x_wconf 78' lang='lat'><strong>35</strong></span> <span class='ocrx_word' id='word_1_473' title='bbox 457 4899 522 4947; x_wconf 85' lang='lat' dir='ltr'><strong>quac</strong></span> <span class='ocrx_word' id='word_1_474' title='bbox 541 4886 630 4950; x_wconf 81' lang='lat' dir='ltr'><strong>regula</strong></span> <span class='ocrx_word' id='word_1_475' title='bbox 645 4895 682 4934; x_wconf 89' lang='lat' dir='ltr'><strong>est</strong></span> <span class='ocrx_word' id='word_1_476' title='bbox 701 4885 802 4946; x_wconf 84' lang='lat' dir='ltr'><strong>quaudo</strong></span> <span class='ocrx_word' id='word_1_477' title='bbox 818 4885 902 4936; x_wconf 79' lang='lat' dir='ltr'><strong>dativo</strong></span> <span class='ocrx_word' id='word_1_478' title='bbox 923 4886 1062 4951; x_wconf 79' lang='lat' dir='ltr'><strong>iunguntur</strong></span> <span class='ocrx_word' id='word_1_479' title='bbox 1079 4900 1125 4938; x_wconf 80' lang='lat' dir='ltr'><strong>om.</strong></span> <span class='ocrx_word' id='word_1_480' title='bbox 1143 4884 1229 4935; x_wconf 79' lang='lat' dir='ltr'><strong>ABG</strong></span> 
     </span>
    </p>
   </div>
   <div class='ocr_carea' id='block_1_6' title="bbox 0 0 1680 5498">
    <p class='ocr_par' dir='ltr' id='par_1_6' title="bbox 0 0 1680 5498">
     <span class='ocr_line' id='line_1_47' title="bbox 0 0 1680 5498; baseline 0 0"><span class='ocrx_word' id='word_1_481' title='bbox 0 0 1680 5498; x_wconf 95' lang='lat' dir='ltr'><strong> </strong></span> 
     </span>
    </p>
   </div>
  </div>
 </body>
</html>
