<?xml version="1.0" encoding="UTF-8"?>
<!DOCTYPE html PUBLIC "-//W3C//DTD XHTML 1.0 Transitional//EN"
    "http://www.w3.org/TR/xhtml1/DTD/xhtml1-transitional.dtd">
<html xmlns="http://www.w3.org/1999/xhtml" xml:lang="en" lang="en">
 <head>
  <title>
</title>
<meta http-equiv="Content-Type" content="text/html;charset=utf-8" />
  <meta name='ocr-system' content='tesseract 3.04.00' />
  <meta name='ocr-capabilities' content='ocr_page ocr_carea ocr_par ocr_line ocrx_word'/>
</head>
<body>
  <div class='ocr_page' id='page_1' title='image "./grammaticilatin03keilgoog_0297.png"; bbox 0 0 3346 5498; ppageno 0'>
   <div class='ocr_carea' id='block_1_1' title="bbox 237 350 960 416">
    <p class='ocr_par' dir='ltr' id='par_1_1' title="bbox 237 350 960 416">
     <span class='ocr_line' id='line_1_1' title="bbox 237 350 960 416; baseline -0.006 0"><span class='ocrx_word' id='word_1_1' title='bbox 237 351 299 416; x_wconf 79' lang='grc'>218</span> <span class='ocrx_word' id='word_1_2' title='bbox 808 350 960 414; x_wconf 78' lang='lat' dir='ltr'>POMPEI!</span> 
     </span>
    </p>
   </div>
   <div class='ocr_carea' id='block_1_2' title="bbox 239 461 1557 1331">
    <p class='ocr_par' dir='ltr' id='par_1_2' title="bbox 264 461 422 516">
     <span class='ocr_line' id='line_1_2' title="bbox 264 461 422 516; baseline -0.019 -12"><span class='ocrx_word' id='word_1_3' title='bbox 264 475 285 516; x_wconf 81' lang='lat' dir='ltr'>p.</span> <span class='ocrx_word' id='word_1_4' title='bbox 298 462 386 504; x_wconf 66' lang='lat' dir='ltr'>tot-ot</span> <span class='ocrx_word' id='word_1_5' title='bbox 400 461 422 502; x_wconf 86' lang='lat' dir='ltr'>L.</span> 
     </span>
    </p>

    <p class='ocr_par' dir='ltr' id='par_1_3' title="bbox 239 538 1557 1028">
     <span class='ocr_line' id='line_1_3' title="bbox 239 538 1528 620; baseline -0.004 -16"><span class='ocrx_word' id='word_1_6' title='bbox 239 545 284 613; x_wconf 84' lang='lat' dir='ltr'>tlt,</span> <span class='ocrx_word' id='word_1_7' title='bbox 308 543 450 620; x_wconf 84' lang='lat' dir='ltr'>suscipio:</span> <span class='ocrx_word' id='word_1_8' title='bbox 474 541 530 602; x_wconf 89' lang='lat' dir='ltr'>sub</span> <span class='ocrx_word' id='word_1_9' title='bbox 553 541 651 620; x_wconf 90' lang='lat' dir='ltr'>capio,</span> <span class='ocrx_word' id='word_1_10' title='bbox 675 539 734 601; x_wconf 91' lang='lat' dir='ltr'>duo</span> <span class='ocrx_word' id='word_1_11' title='bbox 755 547 825 602; x_wconf 92' lang='lat' dir='ltr'>sunt</span> <span class='ocrx_word' id='word_1_12' title='bbox 847 542 901 600; x_wconf 88' lang='lat' dir='ltr'>ista</span> <span class='ocrx_word' id='word_1_13' title='bbox 923 541 1052 617; x_wconf 78' lang='lat' dir='ltr'>integra,</span> <span class='ocrx_word' id='word_1_14' title='bbox 1076 538 1128 599; x_wconf 88' lang='lat' dir='ltr'>sed</span> <span class='ocrx_word' id='word_1_15' title='bbox 1145 546 1302 616; x_wconf 88' lang='lat' dir='ltr'>utrumque</span> <span class='ocrx_word' id='word_1_16' title='bbox 1316 540 1528 619; x_wconf 76' lang='lat' dir='ltr'>corrumpitur,</span> 
     </span>
     <span class='ocr_line' id='line_1_4' title="bbox 239 639 1530 725; baseline -0.004 -19"><span class='ocrx_word' id='word_1_17' title='bbox 239 644 356 725; x_wconf 91' lang='lat' dir='ltr'>quando</span> <span class='ocrx_word' id='word_1_18' title='bbox 386 662 475 704; x_wconf 92' lang='lat' dir='ltr'>unum</span> <span class='ocrx_word' id='word_1_19' title='bbox 502 643 623 703; x_wconf 88' lang='lat' dir='ltr'>iaciunt.</span> <span class='ocrx_word' id='word_1_20' title='bbox 668 644 693 702; x_wconf 86' lang='lat' dir='ltr'>si</span> <span class='ocrx_word' id='word_1_21' title='bbox 720 641 800 702; x_wconf 90' lang='lat' dir='ltr'>dicas</span> <span class='ocrx_word' id='word_1_22' title='bbox 821 642 875 702; x_wconf 75' lang='lat' dir='ltr'>suli</span> <span class='ocrx_word' id='word_1_23' title='bbox 898 642 998 720; x_wconf 92' lang='lat' dir='ltr'>capio,</span> <span class='ocrx_word' id='word_1_24' title='bbox 1028 641 1073 701; x_wconf 92' lang='lat' dir='ltr'>lac</span> <span class='ocrx_word' id='word_1_25' title='bbox 1094 639 1163 700; x_wconf 90' lang='lat' dir='ltr'>inde</span> <span class='ocrx_word' id='word_1_26' title='bbox 1185 659 1293 709; x_wconf 88' lang='lat' dir='ltr'>unum,</span> <span class='ocrx_word' id='word_1_27' title='bbox 1322 641 1465 720; x_wconf 81' lang='lat' dir='ltr'>suscipio:</span> <span class='ocrx_word' id='word_1_28' title='bbox 1500 650 1530 701; x_wconf 89' lang='lat' dir='ltr'>et</span> 
     </span>
     <span class='ocr_line' id='line_1_5' title="bbox 239 743 1531 825; baseline -0.002 -19"><span class='ocrx_word' id='word_1_29' title='bbox 239 746 312 807; x_wconf 90' lang='lat' dir='ltr'>illud</span> <span class='ocrx_word' id='word_1_30' title='bbox 334 754 509 825; x_wconf 84' lang='lat' dir='ltr'>corruptum</span> <span class='ocrx_word' id='word_1_31' title='bbox 533 753 592 813; x_wconf 86' lang='lat' dir='ltr'>est,</span> <span class='ocrx_word' id='word_1_32' title='bbox 617 752 646 804; x_wconf 89' lang='lat' dir='ltr'>et</span> <span class='ocrx_word' id='word_1_33' title='bbox 668 743 740 804; x_wconf 94' lang='lat' dir='ltr'>illud</span> <span class='ocrx_word' id='word_1_34' title='bbox 763 751 937 822; x_wconf 87' lang='lat' dir='ltr'>corruptum</span> <span class='ocrx_word' id='word_1_35' title='bbox 961 750 1012 802; x_wconf 91' lang='lat' dir='ltr'>est.</span> <span class='ocrx_word' id='word_1_36' title='bbox 1059 760 1130 820; x_wconf 85' lang='lat' dir='ltr'>crgo</span> <span class='ocrx_word' id='word_1_37' title='bbox 1158 744 1253 803; x_wconf 91' lang='lat' dir='ltr'>omnis</span> <span class='ocrx_word' id='word_1_38' title='bbox 1275 744 1456 822; x_wconf 86' lang='lat' dir='ltr'>praepositio</span> <span class='ocrx_word' id='word_1_39' title='bbox 1479 751 1531 804; x_wconf 91' lang='lat' dir='ltr'>aut</span> 
     </span>
     <span class='ocr_line' id='line_1_6' title="bbox 240 843 1530 928; baseline -0.002 -19"><span class='ocrx_word' id='word_1_40' title='bbox 240 851 302 928; x_wconf 91' lang='lat' dir='ltr'>ipsa</span> <span class='ocrx_word' id='word_1_41' title='bbox 324 849 489 926; x_wconf 77' lang='lat' dir='ltr'>corrumpit</span> <span class='ocrx_word' id='word_1_42' title='bbox 511 845 649 915; x_wconf 83' lang='lat' dir='ltr'>verbum,</span> <span class='ocrx_word' id='word_1_43' title='bbox 679 855 730 907; x_wconf 92' lang='lat' dir='ltr'>aut</span> <span class='ocrx_word' id='word_1_44' title='bbox 757 847 819 924; x_wconf 91' lang='lat' dir='ltr'>ipsa</span> <span class='ocrx_word' id='word_1_45' title='bbox 848 865 864 904; x_wconf 93' lang='lat' dir='ltr'>a</span> <span class='ocrx_word' id='word_1_46' title='bbox 887 843 977 903; x_wconf 88' lang='lat' dir='ltr'>verbo</span> <span class='ocrx_word' id='word_1_47' title='bbox 1000 846 1216 922; x_wconf 84' lang='lat' dir='ltr'>corrumpitur,</span> <span class='ocrx_word' id='word_1_48' title='bbox 1238 852 1290 905; x_wconf 90' lang='lat' dir='ltr'>aut</span> <span class='ocrx_word' id='word_1_49' title='bbox 1311 851 1393 905; x_wconf 90' lang='lat' dir='ltr'>certe</span> <span class='ocrx_word' id='word_1_50' title='bbox 1417 847 1530 925; x_wconf 87' lang='lat' dir='ltr'>etipsa</span> 
     </span>
     <span class='ocr_line' id='line_1_7' title="bbox 240 947 1557 1028; baseline -0.005 -19"><span class='ocrx_word' id='word_1_51' title='bbox 240 951 401 1028; x_wconf 81' lang='lat' dir='ltr'>corrumpit</span> <span class='ocrx_word' id='word_1_52' title='bbox 424 951 538 1028; x_wconf 90' lang='lat' dir='ltr'>etipsa</span> <span class='ocrx_word' id='word_1_53' title='bbox 561 947 769 1026; x_wconf 84' lang='lat' dir='ltr'>corrumpitur.</span> <span class='ocrx_word' id='word_1_54' title='bbox 1544 969 1557 1011; x_wconf 74' lang='lat'><strong>5</strong></span> 
     </span>
    </p>

    <p class='ocr_par' dir='ltr' id='par_1_4' title="bbox 241 1047 1531 1229">
     <span class='ocr_line' id='line_1_8' title="bbox 324 1047 1531 1130; baseline -0.003 -18"><span class='ocrx_word' id='word_1_55' title='bbox 324 1052 449 1112; x_wconf 80' lang='lat' dir='ltr'>Maiores</span> <span class='ocrx_word' id='word_1_56' title='bbox 473 1052 565 1110; x_wconf 89' lang='lat' dir='ltr'>nostri</span> <span class='ocrx_word' id='word_1_57' title='bbox 588 1051 822 1130; x_wconf 80' lang='lat' dir='ltr'>praepositiones</span> <span class='ocrx_word' id='word_1_58' title='bbox 845 1049 1099 1126; x_wconf 7' lang='lat' dir='ltr'>etiamfflgenetivis</span> <span class='ocrx_word' id='word_1_59' title='bbox 1121 1047 1239 1108; x_wconf 80' lang='lat' dir='ltr'>casibus</span> <span class='ocrx_word' id='word_1_60' title='bbox 1262 1048 1434 1126; x_wconf 77' lang='lat' dir='ltr'>iungebant.</span> <span class='ocrx_word' id='word_1_61' title='bbox 1478 1049 1531 1109; x_wconf 89' lang='lat' dir='ltr'>sed</span> 
     </span>
     <span class='ocr_line' id='line_1_9' title="bbox 241 1148 1488 1229; baseline -0.002 -16"><span class='ocrx_word' id='word_1_62' title='bbox 241 1152 328 1214; x_wconf 77' lang='lat' dir='ltr'>leodic</span> <span class='ocrx_word' id='word_1_63' title='bbox 352 1171 420 1212; x_wconf 93' lang='lat' dir='ltr'>non.</span> <span class='ocrx_word' id='word_1_64' title='bbox 461 1151 565 1212; x_wconf 90' lang='lat' dir='ltr'>ubiubi</span> <span class='ocrx_word' id='word_1_65' title='bbox 588 1151 690 1219; x_wconf 89' lang='lat' dir='ltr'>luerit,</span> <span class='ocrx_word' id='word_1_66' title='bbox 715 1152 837 1229; x_wconf 81' lang='lat' dir='ltr'>figurata</span> <span class='ocrx_word' id='word_1_67' title='bbox 860 1149 986 1210; x_wconf 81' lang='lat' dir='ltr'>elocutio</span> <span class='ocrx_word' id='word_1_68' title='bbox 1010 1156 1064 1209; x_wconf 88' lang='lat' dir='ltr'>cst.</span> <span class='ocrx_word' id='word_1_69' title='bbox 1111 1148 1204 1210; x_wconf 86' lang='lat' dir='ltr'>habes</span> <span class='ocrx_word' id='word_1_70' title='bbox 1226 1150 1303 1229; x_wconf 90' lang='lat' dir='ltr'>apud</span> <span class='ocrx_word' id='word_1_71' title='bbox 1328 1150 1488 1228; x_wconf 82' lang='lat' dir='ltr'>Vergilium</span> 
     </span>
    </p>

    <p class='ocr_par' dir='ltr' id='par_1_5' title="bbox 393 1250 1295 1331">
     <span class='ocr_line' id='line_1_10' title="bbox 393 1250 1295 1331; baseline -0.001 -18"><span class='ocrx_word' id='word_1_72' title='bbox 393 1261 427 1313; x_wconf 91' lang='lat' dir='ltr'>ct</span> <span class='ocrx_word' id='word_1_73' title='bbox 448 1272 595 1313; x_wconf 88' lang='lat' dir='ltr'>crurum</span> <span class='ocrx_word' id='word_1_74' title='bbox 618 1260 725 1312; x_wconf 89' lang='lat' dir='ltr'>tonus</span> <span class='ocrx_word' id='word_1_75' title='bbox 747 1271 762 1312; x_wconf 91' lang='grc' dir='ltr'>θ</span> <span class='ocrx_word' id='word_1_76' title='bbox 786 1258 911 1313; x_wconf 88' lang='lat' dir='ltr'>monto</span> <span class='ocrx_word' id='word_1_77' title='bbox 933 1251 1099 1331; x_wconf 86' lang='lat' dir='ltr'>palearia</span> <span class='ocrx_word' id='word_1_78' title='bbox 1122 1250 1295 1331; x_wconf 88' lang='lat' dir='ltr'>pendent.</span> 
     </span>
    </p>
   </div>
   <div class='ocr_carea' id='block_1_3' title="bbox 93 1353 1534 1433">
    <p class='ocr_par' dir='ltr' id='par_1_6' title="bbox 93 1353 1534 1433">
     <span class='ocr_line' id='line_1_11' title="bbox 93 1353 1534 1433; baseline -0.004 -13"><span class='ocrx_word' id='word_1_79' title='bbox 93 1359 94 1364; x_wconf 72' lang='grc'>’</span> <span class='ocrx_word' id='word_1_80' title='bbox 151 1369 154 1372; x_wconf 77' lang='grc'>’</span> <span class='ocrx_word' id='word_1_81' title='bbox 240 1375 358 1419; x_wconf 86' lang='lat' dir='ltr'>crurum</span> <span class='ocrx_word' id='word_1_82' title='bbox 383 1357 536 1433; x_wconf 75' lang='lat' dir='ltr'>genetivus</span> <span class='ocrx_word' id='word_1_83' title='bbox 558 1353 679 1433; x_wconf 84' lang='lat' dir='ltr'>pluralis</span> <span class='ocrx_word' id='word_1_84' title='bbox 702 1360 759 1420; x_wconf 86' lang='lat' dir='ltr'>est;</span> <span class='ocrx_word' id='word_1_85' title='bbox 782 1361 882 1422; x_wconf 90' lang='lat' dir='ltr'>tenus,</span> <span class='ocrx_word' id='word_1_86' title='bbox 906 1361 938 1413; x_wconf 88' lang='lat' dir='ltr'>ut</span> <span class='ocrx_word' id='word_1_87' title='bbox 959 1356 1082 1423; x_wconf 88' lang='lat' dir='ltr'>scimus,</span> <span class='ocrx_word' id='word_1_88' title='bbox 1107 1355 1287 1433; x_wconf 88' lang='lat' dir='ltr'>praepositio</span> <span class='ocrx_word' id='word_1_89' title='bbox 1303 1360 1356 1413; x_wconf 87' lang='lat' dir='ltr'>cst.</span> <span class='ocrx_word' id='word_1_90' title='bbox 1386 1353 1437 1415; x_wconf 91' lang='lat' dir='ltr'>scd</span> <span class='ocrx_word' id='word_1_91' title='bbox 1453 1355 1534 1415; x_wconf 89' lang='lat' dir='ltr'>scire</span> 
     </span>
    </p>
   </div>
   <div class='ocr_carea' id='block_1_4' title="bbox 240 1454 1650 3979">
    <p class='ocr_par' dir='ltr' id='par_1_7' title="bbox 240 1454 1650 3979">
     <span class='ocr_line' id='line_1_12' title="bbox 241 1454 1576 1537; baseline -0.001 -18"><span class='ocrx_word' id='word_1_92' title='bbox 241 1459 332 1520; x_wconf 88' lang='lat' dir='ltr'>debes</span> <span class='ocrx_word' id='word_1_93' title='bbox 355 1460 493 1537; x_wconf 82' lang='lat' dir='ltr'>quomam</span> <span class='ocrx_word' id='word_1_94' title='bbox 517 1456 589 1517; x_wconf 90' lang='lat' dir='ltr'>haec</span> <span class='ocrx_word' id='word_1_95' title='bbox 612 1456 708 1517; x_wconf 89' lang='lat' dir='ltr'>omnia</span> <span class='ocrx_word' id='word_1_96' title='bbox 738 1456 858 1532; x_wconf 79' lang='lat' dir='ltr'>figurata</span> <span class='ocrx_word' id='word_1_97' title='bbox 881 1463 959 1515; x_wconf 87' lang='lat' dir='ltr'>sunt.</span> <span class='ocrx_word' id='word_1_98' title='bbox 1005 1463 1136 1515; x_wconf 87' lang='lat' dir='ltr'>ceterum</span> <span class='ocrx_word' id='word_1_99' title='bbox 1161 1454 1303 1515; x_wconf 89' lang='lat' dir='ltr'>debemus</span> <span class='ocrx_word' id='word_1_100' title='bbox 1324 1455 1424 1516; x_wconf 88' lang='lat' dir='ltr'>dicere</span> <span class='ocrx_word' id='word_1_101' title='bbox 1447 1459 1533 1517; x_wconf 66' lang='grc' dir='ltr'>εθιθι-</span> <span class='ocrx_word' id='word_1_102' title='bbox 1548 1478 1576 1517; x_wconf 86' lang='grc' dir='ltr'>ιο</span> 
     </span>
     <span class='ocr_line' id='line_1_13' title="bbox 240 1555 1533 1638; baseline -0.002 -17"><span class='ocrx_word' id='word_1_103' title='bbox 240 1561 325 1621; x_wconf 87' lang='lat' dir='ltr'>ribus</span> <span class='ocrx_word' id='word_1_104' title='bbox 348 1564 461 1629; x_wconf 87' lang='lat' dir='ltr'>tenus&#39;,</span> <span class='ocrx_word' id='word_1_105' title='bbox 486 1577 572 1638; x_wconf 84' lang='lat' dir='ltr'>quem</span> <span class='ocrx_word' id='word_1_106' title='bbox 596 1558 631 1618; x_wconf 90' lang='lat' dir='ltr'>ad</span> <span class='ocrx_word' id='word_1_107' title='bbox 656 1556 775 1617; x_wconf 89' lang='lat' dir='ltr'>modum</span> <span class='ocrx_word' id='word_1_108' title='bbox 798 1555 895 1635; x_wconf 74' lang='lat' dir='ltr'>‘pube</span> <span class='ocrx_word' id='word_1_109' title='bbox 919 1561 1021 1617; x_wconf 90' lang='lat' dir='ltr'>tenus&#39;</span> <span class='ocrx_word' id='word_1_110' title='bbox 1045 1564 1075 1617; x_wconf 87' lang='lat' dir='ltr'>et</span> <span class='ocrx_word' id='word_1_111' title='bbox 1097 1561 1201 1617; x_wconf 75' lang='lat' dir='ltr'>‘tenus</span> <span class='ocrx_word' id='word_1_112' title='bbox 1223 1555 1328 1633; x_wconf 87' lang='lat' dir='ltr'>pube’.</span> <span class='ocrx_word' id='word_1_113' title='bbox 1374 1556 1431 1618; x_wconf 90' lang='lat' dir='ltr'>hoc</span> <span class='ocrx_word' id='word_1_114' title='bbox 1453 1560 1533 1618; x_wconf 88' lang='lat' dir='ltr'>enim</span> 
     </span>
     <span class='ocr_line' id='line_1_14' title="bbox 240 1657 1533 1740; baseline -0.003 -17"><span class='ocrx_word' id='word_1_115' title='bbox 240 1663 461 1739; x_wconf 84' lang='lat' dir='ltr'>significationis</span> <span class='ocrx_word' id='word_1_116' title='bbox 484 1661 573 1720; x_wconf 80' lang='lat' dir='ltr'>lralvct</span> <span class='ocrx_word' id='word_1_117' title='bbox 594 1659 641 1719; x_wconf 94' lang='lat' dir='ltr'>illa</span> <span class='ocrx_word' id='word_1_118' title='bbox 668 1658 671 1739; x_wconf 75' lang='lat' dir='ltr'>l</span> <span class='ocrx_word' id='word_1_119' title='bbox 696 1659 892 1737; x_wconf 85' lang='lat' dir='ltr'>praepositio,</span> <span class='ocrx_word' id='word_1_120' title='bbox 916 1667 947 1718; x_wconf 92' lang='lat' dir='ltr'>ut</span> <span class='ocrx_word' id='word_1_121' title='bbox 964 1657 1013 1716; x_wconf 85' lang='lat' dir='ltr'>vel·</span> <span class='ocrx_word' id='word_1_122' title='bbox 1029 1661 1172 1737; x_wconf 86' lang='lat' dir='ltr'>praeponi</span> <span class='ocrx_word' id='word_1_123' title='bbox 1196 1660 1290 1737; x_wconf 89' lang='lat' dir='ltr'>possit</span> <span class='ocrx_word' id='word_1_124' title='bbox 1313 1658 1356 1718; x_wconf 87' lang='lat' dir='ltr'>vel</span> <span class='ocrx_word' id='word_1_125' title='bbox 1378 1661 1533 1740; x_wconf 88' lang='lat' dir='ltr'>postponi:</span> 
     </span>
     <span class='ocr_line' id='line_1_15' title="bbox 242 1748 1535 1844; baseline -0.002 -19"><span class='ocrx_word' id='word_1_126' title='bbox 242 1748 448 1844; x_wconf 69' lang='lat' dir='ltr'>pot&#39;esdiceve</span> <span class='ocrx_word' id='word_1_127' title='bbox 471 1767 575 1823; x_wconf 74' lang='lat' dir='ltr'>‘tereus</span> <span class='ocrx_word' id='word_1_128' title='bbox 598 1760 703 1841; x_wconf 88' lang='lat' dir='ltr'>pube&#39;,</span> <span class='ocrx_word' id='word_1_129' title='bbox 734 1769 817 1840; x_wconf 88' lang='lat' dir='ltr'>potes</span> <span class='ocrx_word' id='word_1_130' title='bbox 846 1759 946 1820; x_wconf 89' lang='lat' dir='ltr'>dicere</span> <span class='ocrx_word' id='word_1_131' title='bbox 969 1759 1065 1839; x_wconf 77' lang='lat' dir='ltr'>‘pube</span> <span class='ocrx_word' id='word_1_132' title='bbox 1095 1762 1207 1821; x_wconf 88' lang='lat' dir='ltr'>tenus’.</span> <span class='ocrx_word' id='word_1_133' title='bbox 1253 1769 1285 1820; x_wconf 91' lang='lat' dir='ltr'>ut</span> <span class='ocrx_word' id='word_1_134' title='bbox 1308 1768 1403 1821; x_wconf 87' lang='lat' dir='ltr'>autem</span> <span class='ocrx_word' id='word_1_135' title='bbox 1426 1763 1535 1841; x_wconf 82' lang='lat' dir='ltr'>iungas</span> 
     </span>
     <span class='ocr_line' id='line_1_16' title="bbox 241 1860 1509 1943; baseline -0.002 -16"><span class='ocrx_word' id='word_1_136' title='bbox 241 1866 321 1928; x_wconf 90' lang='lat' dir='ltr'>illam</span> <span class='ocrx_word' id='word_1_137' title='bbox 344 1867 480 1942; x_wconf 79' lang='lat' dir='ltr'>genetivo</span> <span class='ocrx_word' id='word_1_138' title='bbox 504 1883 562 1924; x_wconf 90' lang='lat' dir='ltr'>uon</span> <span class='ocrx_word' id='word_1_139' title='bbox 586 1870 683 1943; x_wconf 85' lang='lat' dir='ltr'>potes,</span> <span class='ocrx_word' id='word_1_140' title='bbox 708 1864 764 1921; x_wconf 92' lang='lat' dir='ltr'>nisi</span> <span class='ocrx_word' id='word_1_141' title='bbox 787 1863 863 1922; x_wconf 86' lang='lat' dir='ltr'>sorte</span> <span class='ocrx_word' id='word_1_142' title='bbox 887 1860 1012 1921; x_wconf 90' lang='lat' dir='ltr'>volucris</span> <span class='ocrx_word' id='word_1_143' title='bbox 1036 1880 1180 1940; x_wconf 89' lang='lat' dir='ltr'>usurpare</span> <span class='ocrx_word' id='word_1_144' title='bbox 1204 1871 1233 1920; x_wconf 90' lang='lat' dir='ltr'>et</span> <span class='ocrx_word' id='word_1_145' title='bbox 1255 1862 1379 1939; x_wconf 81' lang='lat' dir='ltr'>figuram</span> <span class='ocrx_word' id='word_1_146' title='bbox 1402 1863 1509 1924; x_wconf 87' lang='lat' dir='ltr'>lacere.</span> 
     </span>
     <span class='ocr_line' id='line_1_17' title="bbox 327 1965 1577 2044; baseline -0.002 -17"><span class='ocrx_word' id='word_1_147' title='bbox 327 1969 483 2028; x_wconf 79' lang='lat' dir='ltr'>Praeterea</span> <span class='ocrx_word' id='word_1_148' title='bbox 513 1974 581 2026; x_wconf 88' lang='lat' dir='ltr'>ante</span> <span class='ocrx_word' id='word_1_149' title='bbox 609 1971 638 2024; x_wconf 86' lang='lat' dir='ltr'>et</span> <span class='ocrx_word' id='word_1_150' title='bbox 666 1974 734 2044; x_wconf 91' lang='lat' dir='ltr'>post</span> <span class='ocrx_word' id='word_1_151' title='bbox 761 1974 789 2024; x_wconf 87' lang='lat' dir='ltr'>et</span> <span class='ocrx_word' id='word_1_152' title='bbox 817 1971 940 2042; x_wconf 89' lang='lat' dir='ltr'>propter</span> <span class='ocrx_word' id='word_1_153' title='bbox 967 1973 996 2024; x_wconf 93' lang='lat' dir='ltr'>et</span> <span class='ocrx_word' id='word_1_154' title='bbox 1018 1973 1151 2044; x_wconf 85' lang='lat' dir='ltr'>praeter,</span> <span class='ocrx_word' id='word_1_155' title='bbox 1181 1981 1246 2023; x_wconf 92' lang='lat' dir='ltr'>cum</span> <span class='ocrx_word' id='word_1_156' title='bbox 1270 1965 1329 2023; x_wconf 91' lang='lat' dir='ltr'>sint</span> <span class='ocrx_word' id='word_1_157' title='bbox 1350 1968 1534 2027; x_wconf 87' lang='lat' dir='ltr'>accusativae</span> <span class='ocrx_word' id='word_1_158' title='bbox 1550 1986 1577 2026; x_wconf 86' lang='lat'>15</span> 
     </span>
     <span class='ocr_line' id='line_1_18' title="bbox 242 2064 1534 2150; baseline 0 -22"><span class='ocrx_word' id='word_1_159' title='bbox 242 2070 478 2150; x_wconf 88' lang='lat' dir='ltr'>praepositiones</span> <span class='ocrx_word' id='word_1_160' title='bbox 508 2068 585 2146; x_wconf 78' lang='lat' dir='ltr'>(avete</span> <span class='ocrx_word' id='word_1_161' title='bbox 614 2066 756 2146; x_wconf 84' lang='lat' dir='ltr'>ternplum</span> <span class='ocrx_word' id='word_1_162' title='bbox 783 2066 907 2126; x_wconf 91' lang='lat' dir='ltr'>dicimus</span> <span class='ocrx_word' id='word_1_163' title='bbox 936 2073 965 2126; x_wconf 91' lang='lat' dir='ltr'>ct</span> <span class='ocrx_word' id='word_1_164' title='bbox 992 2074 1060 2146; x_wconf 87' lang='lat' dir='ltr'>post</span> <span class='ocrx_word' id='word_1_165' title='bbox 1087 2064 1228 2145; x_wconf 88' lang='lat' dir='ltr'>templum</span> <span class='ocrx_word' id='word_1_166' title='bbox 1258 2073 1287 2140; x_wconf 88' lang='lat' dir='ltr'>et</span> <span class='ocrx_word' id='word_1_167' title='bbox 1315 2075 1436 2145; x_wconf 89' lang='lat' dir='ltr'>propter</span> <span class='ocrx_word' id='word_1_168' title='bbox 1459 2074 1534 2128; x_wconf 78' lang='lat' dir='ltr'>te&#39;m-</span> 
     </span>
     <span class='ocr_line' id='line_1_19' title="bbox 243 2168 1533 2251; baseline 0.001 -21"><span class='ocrx_word' id='word_1_169' title='bbox 243 2171 323 2251; x_wconf 92' lang='lat' dir='ltr'>plum</span> <span class='ocrx_word' id='word_1_170' title='bbox 353 2178 382 2230; x_wconf 88' lang='lat' dir='ltr'>el</span> <span class='ocrx_word' id='word_1_171' title='bbox 409 2178 527 2249; x_wconf 89' lang='lat' dir='ltr'>praeter</span> <span class='ocrx_word' id='word_1_172' title='bbox 555 2168 722 2249; x_wconf 80' lang='lat' dir='ltr'>templum),</span> <span class='ocrx_word' id='word_1_173' title='bbox 754 2187 822 2228; x_wconf 86' lang='lat' dir='ltr'>curn</span> <span class='ocrx_word' id='word_1_174' title='bbox 850 2169 909 2227; x_wconf 92' lang='lat' dir='ltr'>sint</span> <span class='ocrx_word' id='word_1_175' title='bbox 936 2170 1116 2228; x_wconf 86' lang='lat' dir='ltr'>accusativae</span> <span class='ocrx_word' id='word_1_176' title='bbox 1149 2169 1398 2247; x_wconf 81' lang='lat' dir='ltr'>praepositiones,</span> <span class='ocrx_word' id='word_1_177' title='bbox 1433 2176 1533 2231; x_wconf 89' lang='lat' dir='ltr'>tamen</span> 
     </span>
     <span class='ocr_line' id='line_1_20' title="bbox 243 2269 1536 2353; baseline -0.001 -20"><span class='ocrx_word' id='word_1_178' title='bbox 243 2272 319 2353; x_wconf 90' lang='lat' dir='ltr'>apud</span> <span class='ocrx_word' id='word_1_179' title='bbox 344 2274 471 2331; x_wconf 88' lang='lat' dir='ltr'>maiores</span> <span class='ocrx_word' id='word_1_180' title='bbox 494 2280 611 2331; x_wconf 88' lang='lat' dir='ltr'>nostros</span> <span class='ocrx_word' id='word_1_181' title='bbox 633 2273 825 2331; x_wconf 91' lang='lat' dir='ltr'>inveniuntur</span> <span class='ocrx_word' id='word_1_182' title='bbox 848 2271 936 2329; x_wconf 88' lang='lat' dir='ltr'>etiam</span> <span class='ocrx_word' id='word_1_183' title='bbox 960 2289 1027 2329; x_wconf 88' lang='lat' dir='ltr'>cum</span> <span class='ocrx_word' id='word_1_184' title='bbox 1050 2269 1193 2330; x_wconf 82' lang='lat' dir='ltr'>ablativis.</span> <span class='ocrx_word' id='word_1_185' title='bbox 1230 2278 1298 2330; x_wconf 91' lang='lat' dir='ltr'>ante</span> <span class='ocrx_word' id='word_1_186' title='bbox 1322 2279 1389 2349; x_wconf 88' lang='lat' dir='ltr'>post</span> <span class='ocrx_word' id='word_1_187' title='bbox 1410 2280 1536 2351; x_wconf 89' lang='lat' dir='ltr'>propter</span> 
     </span>
     <span class='ocr_line' id='line_1_21' title="bbox 243 2371 1536 2455; baseline -0.002 -20"><span class='ocrx_word' id='word_1_188' title='bbox 243 2383 360 2455; x_wconf 87' lang='lat' dir='ltr'>praeter</span> <span class='ocrx_word' id='word_1_189' title='bbox 383 2392 451 2433; x_wconf 90' lang='lat' dir='ltr'>cum</span> <span class='ocrx_word' id='word_1_190' title='bbox 475 2374 533 2432; x_wconf 87' lang='lat' dir='ltr'>sint</span> <span class='ocrx_word' id='word_1_191' title='bbox 563 2375 743 2433; x_wconf 88' lang='lat' dir='ltr'>accusativae</span> <span class='ocrx_word' id='word_1_192' title='bbox 765 2371 1014 2452; x_wconf 67' lang='lat' dir='ltr'>praepositiones</span> <span class='ocrx_word' id='word_1_193' title='bbox 1039 2390 1093 2430; x_wconf 91' lang='lat' dir='ltr'>nec</span> <span class='ocrx_word' id='word_1_194' title='bbox 1117 2371 1237 2432; x_wconf 92' lang='lat' dir='ltr'>dubium</span> <span class='ocrx_word' id='word_1_195' title='bbox 1261 2373 1299 2431; x_wconf 90' lang='lat' dir='ltr'>sit</span> <span class='ocrx_word' id='word_1_196' title='bbox 1321 2374 1391 2450; x_wconf 88' lang='lat' dir='ltr'>quin</span> <span class='ocrx_word' id='word_1_197' title='bbox 1414 2391 1536 2433; x_wconf 89' lang='lat' dir='ltr'>accusa·</span> 
     </span>
     <span class='ocr_line' id='line_1_22' title="bbox 244 2450 1578 2554; baseline 0 -16"><span class='ocrx_word' id='word_1_198' title='bbox 244 2479 317 2538; x_wconf 88' lang='lat' dir='ltr'>tivae</span> <span class='ocrx_word' id='word_1_199' title='bbox 339 2479 411 2543; x_wconf 89' lang='lat' dir='ltr'>sint,</span> <span class='ocrx_word' id='word_1_200' title='bbox 436 2484 534 2536; x_wconf 71' lang='lat' dir='ltr'>tanuen</span> <span class='ocrx_word' id='word_1_201' title='bbox 557 2473 633 2553; x_wconf 89' lang='lat' dir='ltr'>apud</span> <span class='ocrx_word' id='word_1_202' title='bbox 657 2450 784 2535; x_wconf 84' lang='lat' dir='ltr'>maiores</span> <span class='ocrx_word' id='word_1_203' title='bbox 807 2481 924 2533; x_wconf 90' lang='lat' dir='ltr'>nostros</span> <span class='ocrx_word' id='word_1_204' title='bbox 945 2475 1136 2534; x_wconf 85' lang='lat' dir='ltr'>inveniuntur</span> <span class='ocrx_word' id='word_1_205' title='bbox 1160 2476 1248 2534; x_wconf 87' lang='lat' dir='ltr'>etiam</span> <span class='ocrx_word' id='word_1_206' title='bbox 1271 2473 1423 2535; x_wconf 85' lang='lat' dir='ltr'>ablativae.</span> <span class='ocrx_word' id='word_1_207' title='bbox 1463 2483 1533 2554; x_wconf 86' lang='lat' dir='ltr'>puta</span> <span class='ocrx_word' id='word_1_208' title='bbox 1550 2498 1578 2538; x_wconf 80' lang='lat' dir='ltr'>ao</span> 
     </span>
     <span class='ocr_line' id='line_1_23' title="bbox 244 2570 1535 2664; baseline -0.003 -23"><span class='ocrx_word' id='word_1_209' title='bbox 244 2599 306 2664; x_wconf 70' lang='lat' dir='ltr'>nem¹</span> <span class='ocrx_word' id='word_1_210' title='bbox 337 2578 450 2638; x_wconf 87' lang='lat' dir='ltr'>dubitat</span> <span class='ocrx_word' id='word_1_211' title='bbox 483 2576 626 2637; x_wconf 88' lang='lat' dir='ltr'>Pacuvius</span> <span class='ocrx_word' id='word_1_212' title='bbox 655 2575 754 2636; x_wconf 86' lang='lat' dir='ltr'>dicere</span> <span class='ocrx_word' id='word_1_213' title='bbox 784 2580 869 2637; x_wconf 77' lang='lat' dir='ltr'>‘ante</span> <span class='ocrx_word' id='word_1_214' title='bbox 898 2575 1037 2656; x_wconf 86' lang='lat' dir='ltr'>templo’‚</span> <span class='ocrx_word' id='word_1_215' title='bbox 1068 2595 1127 2637; x_wconf 92' lang='lat' dir='ltr'>non</span> <span class='ocrx_word' id='word_1_216' title='bbox 1155 2574 1270 2637; x_wconf 90' lang='lat' dir='ltr'>dubitat</span> <span class='ocrx_word' id='word_1_217' title='bbox 1297 2570 1396 2636; x_wconf 80' lang='lat' dir='ltr'>dicere</span> <span class='ocrx_word' id='word_1_218' title='bbox 1426 2580 1535 2657; x_wconf 70' lang='lat' dir='ltr'>‘prop-</span> 
     </span>
     <span class='ocr_line' id='line_1_24' title="bbox 243 2676 1536 2757; baseline -0.002 -15"><span class='ocrx_word' id='word_1_219' title='bbox 243 2688 289 2742; x_wconf 89' lang='lat' dir='ltr'>ter</span> <span class='ocrx_word' id='word_1_220' title='bbox 317 2681 468 2752; x_wconf 85' lang='lat' dir='ltr'>lveminc’,</span> <span class='ocrx_word' id='word_1_221' title='bbox 497 2696 557 2737; x_wconf 92' lang='lat' dir='ltr'>non</span> <span class='ocrx_word' id='word_1_222' title='bbox 590 2677 703 2737; x_wconf 80' lang='lat' dir='ltr'>dulvitat</span> <span class='ocrx_word' id='word_1_223' title='bbox 730 2677 843 2746; x_wconf 91' lang='lat' dir='ltr'>dicere,</span> <span class='ocrx_word' id='word_1_224' title='bbox 879 2677 957 2757; x_wconf 87' lang='lat' dir='ltr'>quod</span> <span class='ocrx_word' id='word_1_225' title='bbox 992 2677 1065 2738; x_wconf 81' lang='lat' dir='ltr'>dixit</span> <span class='ocrx_word' id='word_1_226' title='bbox 1100 2680 1186 2739; x_wconf 90' lang='lat' dir='ltr'>etiam</span> <span class='ocrx_word' id='word_1_227' title='bbox 1215 2676 1384 2752; x_wconf 84' lang='lat' dir='ltr'>Sallustius,</span> <span class='ocrx_word' id='word_1_228' title='bbox 1413 2687 1536 2757; x_wconf 88' lang='lat' dir='ltr'>praeter</span> 
     </span>
     <span class='ocr_line' id='line_1_25' title="bbox 244 2778 1535 2861; baseline -0.002 -18"><span class='ocrx_word' id='word_1_229' title='bbox 244 2782 463 2844; x_wconf 88' lang='lat' dir='ltr'>condemnatis:</span> <span class='ocrx_word' id='word_1_230' title='bbox 493 2781 549 2840; x_wconf 87' lang='lat' dir='ltr'>iste</span> <span class='ocrx_word' id='word_1_231' title='bbox 578 2781 655 2840; x_wconf 91' lang='lat' dir='ltr'>enim</span> <span class='ocrx_word' id='word_1_232' title='bbox 679 2778 752 2838; x_wconf 80' lang='lat' dir='ltr'>dixit</span> <span class='ocrx_word' id='word_1_233' title='bbox 781 2778 948 2859; x_wconf 80' lang='lat' dir='ltr'>‘praeter</span> <span class='ocrx_word' id='word_1_234' title='bbox 975 2798 1097 2840; x_wconf 92' lang='lat' dir='ltr'>rerum</span> <span class='ocrx_word' id='word_1_235' title='bbox 1120 2780 1335 2861; x_wconf 88' lang='lat' dir='ltr'>capitalium</span> <span class='ocrx_word' id='word_1_236' title='bbox 1358 2779 1535 2841; x_wconf 87' lang='lat' dir='ltr'>condem·</span> 
     </span>
     <span class='ocr_line' id='line_1_26' title="bbox 246 2881 1536 2962; baseline -0.002 -16"><span class='ocrx_word' id='word_1_237' title='bbox 246 2887 372 2946; x_wconf 87' lang='lat' dir='ltr'>natis&#39;.</span> <span class='ocrx_word' id='word_1_238' title='bbox 419 2882 584 2942; x_wconf 88' lang='lat' dir='ltr'>invenimus</span> <span class='ocrx_word' id='word_1_239' title='bbox 607 2883 661 2942; x_wconf 91' lang='lat' dir='ltr'>isla</span> <span class='ocrx_word' id='word_1_240' title='bbox 685 2882 792 2942; x_wconf 82' lang='lat' dir='ltr'>onvviia.</span> <span class='ocrx_word' id='word_1_241' title='bbox 838 2882 908 2961; x_wconf 90' lang='lat' dir='ltr'>quid</span> <span class='ocrx_word' id='word_1_242' title='bbox 931 2883 1020 2959; x_wconf 75' lang='lat' dir='ltr'>ergo?</span> <span class='ocrx_word' id='word_1_243' title='bbox 1054 2881 1185 2943; x_wconf 88' lang='lat' dir='ltr'>dicemus</span> <span class='ocrx_word' id='word_1_244' title='bbox 1207 2882 1274 2942; x_wconf 91' lang='lat' dir='ltr'>illos</span> <span class='ocrx_word' id='word_1_245' title='bbox 1296 2881 1414 2943; x_wconf 92' lang='lat' dir='ltr'>licentia</span> <span class='ocrx_word' id='word_1_246' title='bbox 1437 2882 1536 2962; x_wconf 89' lang='lat' dir='ltr'>aliqua</span> 
     </span>
     <span class='ocr_line' id='line_1_27' title="bbox 244 2983 1650 3064; baseline -0.003 -15"><span class='ocrx_word' id='word_1_247' title='bbox 244 3006 313 3049; x_wconf 91' lang='lat' dir='ltr'>usos</span> <span class='ocrx_word' id='word_1_248' title='bbox 341 3005 406 3046; x_wconf 91' lang='lat' dir='ltr'>csse</span> <span class='ocrx_word' id='word_1_249' title='bbox 435 2992 484 3044; x_wconf 89' lang='lat' dir='ltr'>aut</span> <span class='ocrx_word' id='word_1_250' title='bbox 513 2985 641 3044; x_wconf 89' lang='lat' dir='ltr'>nescisse</span> <span class='ocrx_word' id='word_1_251' title='bbox 671 2985 783 3044; x_wconf 81' lang='lat' dir='ltr'>artemi</span> <span class='ocrx_word' id='word_1_252' title='bbox 818 2985 858 3044; x_wconf 92' lang='lat' dir='ltr'>ait</span> <span class='ocrx_word' id='word_1_253' title='bbox 882 2984 1024 3054; x_wconf 87' lang='lat' dir='ltr'>Donatus,</span> <span class='ocrx_word' id='word_1_254' title='bbox 1054 3002 1128 3052; x_wconf 91' lang='lat' dir='ltr'>non;</span> <span class='ocrx_word' id='word_1_255' title='bbox 1157 2984 1209 3044; x_wconf 89' lang='lat' dir='ltr'>sed</span> <span class='ocrx_word' id='word_1_256' title='bbox 1236 2987 1312 3045; x_wconf 88' lang='lat' dir='ltr'>scire</span> <span class='ocrx_word' id='word_1_257' title='bbox 1340 2983 1432 3044; x_wconf 89' lang='lat' dir='ltr'>debes</span> <span class='ocrx_word' id='word_1_258' title='bbox 1454 2985 1578 3064; x_wconf 69' lang='lat' dir='ltr'>quodne</span> <span class='ocrx_word' id='word_1_259' title='bbox 1647 3032 1650 3037; x_wconf 87' lang='lat'>.</span> 
     </span>
     <span class='ocr_line' id='line_1_28' title="bbox 245 3084 1536 3168; baseline -0.002 -19"><span class='ocrx_word' id='word_1_260' title='bbox 245 3088 317 3149; x_wconf 87' lang='lat' dir='ltr'>haec</span> <span class='ocrx_word' id='word_1_261' title='bbox 346 3107 420 3168; x_wconf 86' lang='lat' dir='ltr'>quae</span> <span class='ocrx_word' id='word_1_262' title='bbox 447 3088 542 3167; x_wconf 90' lang='lat' dir='ltr'>posita</span> <span class='ocrx_word' id='word_1_263' title='bbox 571 3094 640 3146; x_wconf 91' lang='lat' dir='ltr'>sunt</span> <span class='ocrx_word' id='word_1_264' title='bbox 668 3087 707 3146; x_wconf 87' lang='lat' dir='ltr'>ita</span> <span class='ocrx_word' id='word_1_265' title='bbox 736 3093 784 3145; x_wconf 87' lang='lat' dir='ltr'>aut</span> <span class='ocrx_word' id='word_1_266' title='bbox 811 3087 1056 3164; x_wconf 83' lang='lat' dir='ltr'>significationem</span> <span class='ocrx_word' id='word_1_267' title='bbox 1083 3084 1194 3146; x_wconf 88' lang='lat' dir='ltr'>habent</span> <span class='ocrx_word' id='word_1_268' title='bbox 1216 3085 1301 3146; x_wconf 88' lang='lat' dir='ltr'>aliam</span> <span class='ocrx_word' id='word_1_269' title='bbox 1325 3093 1376 3146; x_wconf 87' lang='lat' dir='ltr'>aut</span> <span class='ocrx_word' id='word_1_270' title='bbox 1397 3085 1536 3147; x_wconf 88' lang='lat' dir='ltr'>ordinem</span> 
     </span>
     <span class='ocr_line' id='line_1_29' title="bbox 244 3188 1536 3267; baseline -0.001 -16"><span class='ocrx_word' id='word_1_271' title='bbox 244 3190 341 3252; x_wconf 89' lang='lat' dir='ltr'>alium.</span> <span class='ocrx_word' id='word_1_272' title='bbox 386 3191 551 3251; x_wconf 89' lang='lat' dir='ltr'>invenimus</span> <span class='ocrx_word' id='word_1_273' title='bbox 580 3207 651 3267; x_wconf 84' lang='lat' dir='ltr'>ergo</span> <span class='ocrx_word' id='word_1_274' title='bbox 680 3196 748 3247; x_wconf 87' lang='lat' dir='ltr'>ante</span> <span class='ocrx_word' id='word_1_275' title='bbox 776 3195 843 3267; x_wconf 92' lang='lat' dir='ltr'>post</span> <span class='ocrx_word' id='word_1_276' title='bbox 871 3195 992 3267; x_wconf 85' lang='lat' dir='ltr'>propter</span> <span class='ocrx_word' id='word_1_277' title='bbox 1021 3195 1051 3247; x_wconf 91' lang='lat' dir='ltr'>et</span> <span class='ocrx_word' id='word_1_278' title='bbox 1076 3195 1209 3266; x_wconf 90' lang='lat' dir='ltr'>praeter,</span> <span class='ocrx_word' id='word_1_279' title='bbox 1239 3206 1313 3267; x_wconf 86' lang='lat' dir='ltr'>quae</span> <span class='ocrx_word' id='word_1_280' title='bbox 1339 3194 1408 3248; x_wconf 90' lang='lat' dir='ltr'>sunt</span> <span class='ocrx_word' id='word_1_281' title='bbox 1430 3188 1536 3265; x_wconf 87' lang='lat' dir='ltr'>utique</span> 
     </span>
     <span class='ocr_line' id='line_1_30' title="bbox 245 3288 1536 3371; baseline -0.003 -17"><span class='ocrx_word' id='word_1_282' title='bbox 245 3294 424 3354; x_wconf 89' lang='lat' dir='ltr'>accusativae</span> <span class='ocrx_word' id='word_1_283' title='bbox 446 3293 680 3371; x_wconf 81' lang='lat' dir='ltr'>praepositiones</span> <span class='ocrx_word' id='word_1_284' title='bbox 696 3291 760 3349; x_wconf 87' lang='lat' dir='ltr'>sine</span> <span class='ocrx_word' id='word_1_285' title='bbox 776 3288 880 3359; x_wconf 89' lang='lat' dir='ltr'>dubio,</span> <span class='ocrx_word' id='word_1_286' title='bbox 905 3297 1002 3351; x_wconf 76' lang='lat' dir='ltr'>tanuen</span> <span class='ocrx_word' id='word_1_287' title='bbox 1025 3289 1077 3349; x_wconf 90' lang='lat' dir='ltr'>has</span> <span class='ocrx_word' id='word_1_288' title='bbox 1100 3291 1333 3369; x_wconf 89' lang='lat' dir='ltr'>praepositiones</span> <span class='ocrx_word' id='word_1_289' title='bbox 1355 3291 1420 3350; x_wconf 88' lang='lat' dir='ltr'>sine</span> <span class='ocrx_word' id='word_1_290' title='bbox 1442 3288 1536 3350; x_wconf 90' lang='lat' dir='ltr'>dubio</span> 
     </span>
     <span class='ocr_line' id='line_1_31' title="bbox 245 3388 1548 3471; baseline 0 -17"><span class='ocrx_word' id='word_1_291' title='bbox 245 3397 360 3455; x_wconf 88' lang='lat' dir='ltr'>iunctas</span> <span class='ocrx_word' id='word_1_292' title='bbox 383 3392 528 3462; x_wconf 89' lang='lat' dir='ltr'>ablativis,</span> <span class='ocrx_word' id='word_1_293' title='bbox 552 3402 585 3467; x_wconf 83' lang='lat' dir='ltr'>et</span> <span class='ocrx_word' id='word_1_294' title='bbox 604 3388 662 3453; x_wconf 80' lang='lat' dir='ltr'>don</span> <span class='ocrx_word' id='word_1_295' title='bbox 686 3391 763 3471; x_wconf 90' lang='lat' dir='ltr'>apud</span> <span class='ocrx_word' id='word_1_296' title='bbox 787 3411 893 3461; x_wconf 86' lang='lat' dir='ltr'>unum,</span> <span class='ocrx_word' id='word_1_297' title='bbox 916 3390 966 3451; x_wconf 89' lang='lat' dir='ltr'>sed</span> <span class='ocrx_word' id='word_1_298' title='bbox 991 3390 1067 3470; x_wconf 90' lang='lat' dir='ltr'>apud</span> <span class='ocrx_word' id='word_1_299' title='bbox 1091 3390 1331 3453; x_wconf 86' lang='lat' dir='ltr'>innumerabiles.</span> <span class='ocrx_word' id='word_1_300' title='bbox 1369 3390 1437 3470; x_wconf 90' lang='lat' dir='ltr'>quid</span> <span class='ocrx_word' id='word_1_301' title='bbox 1462 3409 1548 3469; x_wconf 27' lang='lat' dir='ltr'>ergo,</span> 
     </span>
     <span class='ocr_line' id='line_1_32' title="bbox 246 3492 1577 3576; baseline 0 -21"><span class='ocrx_word' id='word_1_302' title='bbox 246 3494 414 3576; x_wconf 61' lang='lat' dir='ltr'>iacielmusl</span> <span class='ocrx_word' id='word_1_303' title='bbox 438 3495 568 3555; x_wconf 90' lang='lat' dir='ltr'>dicemus</span> <span class='ocrx_word' id='word_1_304' title='bbox 590 3495 656 3554; x_wconf 93' lang='lat' dir='ltr'>illos</span> <span class='ocrx_word' id='word_1_305' title='bbox 679 3502 729 3554; x_wconf 93' lang='lat' dir='ltr'>aut</span> <span class='ocrx_word' id='word_1_306' title='bbox 751 3502 843 3554; x_wconf 88' lang='lat' dir='ltr'>artem</span> <span class='ocrx_word' id='word_1_307' title='bbox 868 3495 997 3554; x_wconf 86' lang='lat' dir='ltr'>nescisse</span> <span class='ocrx_word' id='word_1_308' title='bbox 1021 3501 1070 3553; x_wconf 91' lang='lat' dir='ltr'>aut</span> <span class='ocrx_word' id='word_1_309' title='bbox 1093 3494 1208 3554; x_wconf 90' lang='lat' dir='ltr'>licentia</span> <span class='ocrx_word' id='word_1_310' title='bbox 1234 3493 1354 3554; x_wconf 82' lang='lat' dir='ltr'>lecisset</span> <span class='ocrx_word' id='word_1_311' title='bbox 1377 3492 1456 3564; x_wconf 88' lang='lat' dir='ltr'>dicit,</span> <span class='ocrx_word' id='word_1_312' title='bbox 1480 3494 1535 3555; x_wconf 88' lang='lat' dir='ltr'>ial-</span> <span class='ocrx_word' id='word_1_313' title='bbox 1550 3520 1577 3560; x_wconf 78' lang='lat'>³0</span> 
     </span>
     <span class='ocr_line' id='line_1_33' title="bbox 245 3593 1536 3674; baseline 0.002 -18"><span class='ocrx_word' id='word_1_314' title='bbox 245 3616 310 3658; x_wconf 89' lang='lat' dir='ltr'>sum</span> <span class='ocrx_word' id='word_1_315' title='bbox 334 3603 391 3663; x_wconf 89' lang='lat' dir='ltr'>est;</span> <span class='ocrx_word' id='word_1_316' title='bbox 421 3595 472 3656; x_wconf 88' lang='lat' dir='ltr'>sed</span> <span class='ocrx_word' id='word_1_317' title='bbox 502 3615 624 3656; x_wconf 85' lang='lat' dir='ltr'>neeesse</span> <span class='ocrx_word' id='word_1_318' title='bbox 653 3603 697 3656; x_wconf 90' lang='lat' dir='ltr'>est</span> <span class='ocrx_word' id='word_1_319' title='bbox 726 3603 757 3655; x_wconf 94' lang='lat' dir='ltr'>ut</span> <span class='ocrx_word' id='word_1_320' title='bbox 786 3597 958 3672; x_wconf 82' lang='lat' dir='ltr'>significatio</span> <span class='ocrx_word' id='word_1_321' title='bbox 982 3594 1038 3655; x_wconf 91' lang='lat' dir='ltr'>alia</span> <span class='ocrx_word' id='word_1_322' title='bbox 1061 3597 1151 3656; x_wconf 90' lang='lat' dir='ltr'>sitin</span> <span class='ocrx_word' id='word_1_323' title='bbox 1173 3593 1232 3654; x_wconf 92' lang='lat' dir='ltr'>illis</span> <span class='ocrx_word' id='word_1_324' title='bbox 1254 3597 1402 3674; x_wconf 86' lang='lat' dir='ltr'>partibus,</span> <span class='ocrx_word' id='word_1_325' title='bbox 1426 3604 1476 3656; x_wconf 89' lang='lat' dir='ltr'>aut</span> <span class='ocrx_word' id='word_1_326' title='bbox 1497 3600 1536 3659; x_wconf 91' lang='lat' dir='ltr'>sit</span> 
     </span>
     <span class='ocr_line' id='line_1_34' title="bbox 246 3694 1629 3775; baseline 0.001 -17"><span class='ocrx_word' id='word_1_327' title='bbox 246 3698 319 3758; x_wconf 88' lang='lat' dir='ltr'>alius</span> <span class='ocrx_word' id='word_1_328' title='bbox 342 3695 424 3756; x_wconf 90' lang='lat' dir='ltr'>ordo.</span> <span class='ocrx_word' id='word_1_329' title='bbox 469 3697 542 3757; x_wconf 91' lang='lat' dir='ltr'>ordo</span> <span class='ocrx_word' id='word_1_330' title='bbox 565 3695 638 3756; x_wconf 88' lang='lat' dir='ltr'>alter</span> <span class='ocrx_word' id='word_1_331' title='bbox 661 3704 704 3756; x_wconf 90' lang='lat' dir='ltr'>est</span> <span class='ocrx_word' id='word_1_332' title='bbox 726 3703 756 3756; x_wconf 89' lang='lat' dir='ltr'>et</span> <span class='ocrx_word' id='word_1_333' title='bbox 778 3694 890 3755; x_wconf 91' lang='lat' dir='ltr'>ordinis</span> <span class='ocrx_word' id='word_1_334' title='bbox 913 3698 1086 3774; x_wconf 80' lang='lat' dir='ltr'>significatio</span> <span class='ocrx_word' id='word_1_335' title='bbox 1109 3695 1173 3757; x_wconf 88' lang='lat' dir='ltr'>alia.</span> <span class='ocrx_word' id='word_1_336' title='bbox 1205 3714 1275 3775; x_wconf 78' lang='lat' dir='ltr'>ergo</span> <span class='ocrx_word' id='word_1_337' title='bbox 1299 3697 1406 3758; x_wconf 90' lang='lat' dir='ltr'>tradito</span> <span class='ocrx_word' id='word_1_338' title='bbox 1428 3697 1536 3760; x_wconf 88' lang='lat' dir='ltr'>ordine</span> <span class='ocrx_word' id='word_1_339' title='bbox 1627 3711 1629 3714; x_wconf 77' lang='grc'>’</span> 
     </span>
     <span class='ocr_line' id='line_1_35' title="bbox 247 3796 1535 3864; baseline 0.003 -6"><span class='ocrx_word' id='word_1_340' title='bbox 247 3798 322 3858; x_wconf 93' lang='lat' dir='ltr'>tollit</span> <span class='ocrx_word' id='word_1_341' title='bbox 344 3798 407 3857; x_wconf 89' lang='lat' dir='ltr'>illas</span> <span class='ocrx_word' id='word_1_342' title='bbox 434 3819 449 3858; x_wconf 91' lang='lat' dir='ltr'>a</span> <span class='ocrx_word' id='word_1_343' title='bbox 472 3800 596 3858; x_wconf 87' lang='lat' dir='ltr'>erimine</span> <span class='ocrx_word' id='word_1_344' title='bbox 625 3796 744 3858; x_wconf 87' lang='lat' dir='ltr'>alterius</span> <span class='ocrx_word' id='word_1_345' title='bbox 772 3797 872 3864; x_wconf 85' lang='lat' dir='ltr'>casus&#39;,</span> <span class='ocrx_word' id='word_1_346' title='bbox 901 3817 938 3857; x_wconf 90' lang='lat' dir='ltr'>ne</span> <span class='ocrx_word' id='word_1_347' title='bbox 969 3797 1121 3858; x_wconf 89' lang='lat' dir='ltr'>videantur</span> <span class='ocrx_word' id='word_1_348' title='bbox 1149 3797 1281 3859; x_wconf 87' lang='lat' dir='ltr'>ablativis</span> <span class='ocrx_word' id='word_1_349' title='bbox 1309 3819 1373 3861; x_wconf 88' lang='lat' dir='ltr'>csse</span> <span class='ocrx_word' id='word_1_350' title='bbox 1407 3802 1535 3863; x_wconf 87' lang='lat' dir='ltr'>iunctae.</span> 
     </span>
     <span class='ocr_line' id='line_1_36' title="bbox 246 3898 1535 3979; baseline 0.002 -18"><span class='ocrx_word' id='word_1_351' title='bbox 246 3902 322 3979; x_wconf 89' lang='lat' dir='ltr'>siqui</span> <span class='ocrx_word' id='word_1_352' title='bbox 348 3900 387 3958; x_wconf 91' lang='lat' dir='ltr'>ita</span> <span class='ocrx_word' id='word_1_353' title='bbox 415 3898 506 3968; x_wconf 89' lang='lat' dir='ltr'>dicat,</span> <span class='ocrx_word' id='word_1_354' title='bbox 537 3903 672 3978; x_wconf 85' lang='lat' dir='ltr'>‘praeter</span> <span class='ocrx_word' id='word_1_355' title='bbox 701 3917 802 3958; x_wconf 89' lang='lat' dir='ltr'>verum</span> <span class='ocrx_word' id='word_1_356' title='bbox 835 3900 1003 3978; x_wconf 87' lang='lat' dir='ltr'>capitalium</span> <span class='ocrx_word' id='word_1_357' title='bbox 1027 3900 1257 3970; x_wconf 86' lang='lat' dir='ltr'>condemnatis’,</span> <span class='ocrx_word' id='word_1_358' title='bbox 1286 3901 1356 3979; x_wconf 88' lang='lat' dir='ltr'>quid</span> <span class='ocrx_word' id='word_1_359' title='bbox 1379 3910 1424 3962; x_wconf 86' lang='lat' dir='ltr'>est</span> <span class='ocrx_word' id='word_1_360' title='bbox 1446 3903 1535 3964; x_wconf 90' lang='lat' dir='ltr'>modo</span> 
     </span>
    </p>
   </div>
   <div class='ocr_carea' id='block_1_5' title="bbox 186 4068 1537 4905">
    <p class='ocr_par' dir='ltr' id='par_1_8' title="bbox 186 4068 1537 4905">
     <span class='ocr_line' id='line_1_37' title="bbox 317 4068 1537 4134; baseline 0.002 -15"><span class='ocrx_word' id='word_1_361' title='bbox 317 4073 331 4119; x_wconf 76' lang='grc'>2</span> <span class='ocrx_word' id='word_1_362' title='bbox 354 4069 453 4132; x_wconf 85' lang='lat' dir='ltr'>quando</span> <span class='ocrx_word' id='word_1_363' title='bbox 477 4085 554 4117; x_wconf 78' lang='lat' dir='ltr'>virium</span> <span class='ocrx_word' id='word_1_364' title='bbox 579 4070 674 4118; x_wconf 82' lang='lat' dir='ltr'>iocinnt</span> <span class='ocrx_word' id='word_1_365' title='bbox 693 4068 876 4119; x_wconf 81' lang='lat' dir='ltr'>Lindemannue</span> <span class='ocrx_word' id='word_1_366' title='bbox 899 4072 998 4134; x_wconf 81' lang='lat' dir='ltr'>quaudo</span> <span class='ocrx_word' id='word_1_367' title='bbox 1019 4080 1151 4134; x_wconf 85' lang='lat' dir='ltr'>utrumque</span> <span class='ocrx_word' id='word_1_368' title='bbox 1170 4069 1265 4120; x_wconf 86' lang='lat' dir='ltr'>iaciunt</span> <span class='ocrx_word' id='word_1_369' title='bbox 1283 4071 1366 4121; x_wconf 81' lang='lat' dir='ltr'>ABG</span> <span class='ocrx_word' id='word_1_370' title='bbox 1451 4072 1468 4121; x_wconf 87' lang='grc'><strong>6</strong></span> <span class='ocrx_word' id='word_1_371' title='bbox 1489 4074 1537 4123; x_wconf 87' lang='lat' dir='ltr'>sed</span> 
     </span>
     <span class='ocr_line' id='line_1_38' title="bbox 248 4138 1535 4207; baseline 0.002 -17"><span class='ocrx_word' id='word_1_372' title='bbox 248 4141 322 4190; x_wconf 86' lang='lat' dir='ltr'>lvodie</span> <span class='ocrx_word' id='word_1_373' title='bbox 337 4141 409 4202; x_wconf 62' lang='lat' dir='ltr'>(non</span> <span class='ocrx_word' id='word_1_374' title='bbox 434 4139 494 4191; x_wconf 81' lang='lat' dir='ltr'>edd.</span> <span class='ocrx_word' id='word_1_375' title='bbox 515 4143 542 4196; x_wconf 78' lang='lat' dir='ltr'>at</span> <span class='ocrx_word' id='word_1_376' title='bbox 566 4140 653 4189; x_wconf 80' lang='lat' dir='ltr'>rvtrlulvi</span> <span class='ocrx_word' id='word_1_377' title='bbox 677 4138 754 4188; x_wconf 82' lang='lat' dir='ltr'>luerit</span> <span class='ocrx_word' id='word_1_378' title='bbox 778 4138 885 4205; x_wconf 81' lang='lat' dir='ltr'>liguram</span> <span class='ocrx_word' id='word_1_379' title='bbox 904 4141 1009 4190; x_wconf 85' lang='lat' dir='ltr'>elocutio</span> <span class='ocrx_word' id='word_1_380' title='bbox 1029 4142 1079 4207; x_wconf 88' lang='lat' dir='ltr'>(est</span> <span class='ocrx_word' id='word_1_381' title='bbox 1096 4141 1157 4194; x_wconf 83' lang='lat' dir='ltr'>add.</span> <span class='ocrx_word' id='word_1_382' title='bbox 1177 4142 1204 4204; x_wconf 82' lang='lat' dir='ltr'>a)</span> <span class='ocrx_word' id='word_1_383' title='bbox 1229 4140 1306 4190; x_wconf 86' lang='lat' dir='ltr'>habes</span> <span class='ocrx_word' id='word_1_384' title='bbox 1325 4140 1535 4204; x_wconf 68' lang='lat' dir='ltr'>(aperturae)</span> 
     </span>
     <span class='ocr_line' id='line_1_39' title="bbox 186 4206 1537 4277; baseline 0.001 -17"><span class='ocrx_word' id='word_1_385' title='bbox 186 4219 193 4224; x_wconf 82' lang='grc'><strong>”</strong></span> <span class='ocrx_word' id='word_1_386' title='bbox 248 4211 375 4275; x_wconf 80' lang='lat' dir='ltr'>uirgiliurn</span> <span class='ocrx_word' id='word_1_387' title='bbox 395 4208 419 4257; x_wconf 83' lang='grc' dir='ltr'><em>Α</em></span> <span class='ocrx_word' id='word_1_388' title='bbox 504 4209 561 4257; x_wconf 78' lang='lat' dir='ltr'>liet</span> <span class='ocrx_word' id='word_1_389' title='bbox 582 4206 693 4272; x_wconf 85' lang='lat' dir='ltr'>crurum]</span> <span class='ocrx_word' id='word_1_390' title='bbox 720 4211 901 4274; x_wconf 80' lang='lat' dir='ltr'>Verp.peorp.</span> <span class='ocrx_word' id='word_1_391' title='bbox 923 4211 1003 4261; x_wconf 78' lang='grc'>11193</span> <span class='ocrx_word' id='word_1_392' title='bbox 1089 4211 1191 4261; x_wconf 76' lang='lat' dir='ltr'>luente</span> <span class='ocrx_word' id='word_1_393' title='bbox 1210 4211 1332 4275; x_wconf 88' lang='lat' dir='ltr'>templum</span> <span class='ocrx_word' id='word_1_394' title='bbox 1350 4211 1459 4261; x_wconf 88' lang='lat' dir='ltr'>dicimus</span> <span class='ocrx_word' id='word_1_395' title='bbox 1478 4221 1537 4277; x_wconf 85' lang='lat' dir='ltr'>post</span> 
     </span>
     <span class='ocr_line' id='line_1_40' title="bbox 248 4279 1536 4346; baseline 0.001 -16"><span class='ocrx_word' id='word_1_396' title='bbox 248 4281 367 4346; x_wconf 87' lang='lat' dir='ltr'>templum</span> <span class='ocrx_word' id='word_1_397' title='bbox 388 4279 494 4328; x_wconf 85' lang='lat' dir='ltr'>dicimus</span> <span class='ocrx_word' id='word_1_398' title='bbox 514 4289 616 4343; x_wconf 85' lang='lat' dir='ltr'>propter</span> <span class='ocrx_word' id='word_1_399' title='bbox 635 4279 753 4343; x_wconf 88' lang='lat' dir='ltr'>templum</span> <span class='ocrx_word' id='word_1_400' title='bbox 773 4280 995 4344; x_wconf 85' lang='lat' dir='ltr'>dicimuspmeter</span> <span class='ocrx_word' id='word_1_401' title='bbox 1014 4280 1135 4346; x_wconf 86' lang='lat' dir='ltr'>templum</span> <span class='ocrx_word' id='word_1_402' title='bbox 1156 4282 1262 4330; x_wconf 83' lang='lat' dir='ltr'>dicimus</span> <span class='ocrx_word' id='word_1_403' title='bbox 1275 4282 1327 4330; x_wconf 87' lang='lat' dir='ltr'>BC</span> <span class='ocrx_word' id='word_1_404' title='bbox 1377 4282 1408 4332; x_wconf 86' lang='lat'>21</span> <span class='ocrx_word' id='word_1_405' title='bbox 1428 4283 1536 4346; x_wconf 84' lang='lat' dir='ltr'>pacuius</span> 
     </span>
     <span class='ocr_line' id='line_1_41' title="bbox 248 4348 1532 4418; baseline 0 -19"><span class='ocrx_word' id='word_1_406' title='bbox 248 4352 271 4399; x_wconf 82' lang='lat' dir='ltr'><em>A</em></span> <span class='ocrx_word' id='word_1_407' title='bbox 325 4350 512 4399; x_wconf 68' lang='lat' dir='ltr'>&#39;lterianvonc</span> <span class='ocrx_word' id='word_1_408' title='bbox 533 4348 675 4412; x_wconf 61' lang='lat' dir='ltr'>Amant</span> <span class='ocrx_word' id='word_1_409' title='bbox 696 4367 713 4398; x_wconf 87' lang='lat' dir='ltr'>o</span> <span class='ocrx_word' id='word_1_410' title='bbox 765 4350 1365 4413; x_wconf 76' lang='lat' dir='ltr'>23istc-coudenvnuvisom.AC,udd.a</span> <span class='ocrx_word' id='word_1_411' title='bbox 1421 4349 1532 4418; x_wconf 85' lang='lat' dir='ltr'>praeter]</span> 
     </span>
     <span class='ocr_line' id='line_1_42' title="bbox 247 4419 1534 4486; baseline -0.002 -13"><span class='ocrx_word' id='word_1_412' title='bbox 247 4423 312 4474; x_wconf 83' lang='lat' dir='ltr'>Sall.</span> <span class='ocrx_word' id='word_1_413' title='bbox 331 4422 401 4470; x_wconf 84' lang='lat' dir='ltr'>Catil.</span> <span class='ocrx_word' id='word_1_414' title='bbox 423 4419 457 4469; x_wconf 84' lang='grc'>311</span> <span class='ocrx_word' id='word_1_415' title='bbox 527 4421 560 4468; x_wconf 79' lang='lat' dir='ltr'>au</span> <span class='ocrx_word' id='word_1_416' title='bbox 578 4422 674 4484; x_wconf 86' lang='lat' dir='ltr'>positae</span> <span class='ocrx_word' id='word_1_417' title='bbox 695 4421 795 4471; x_wconf 84' lang='lat' dir='ltr'>suntA</span> <span class='ocrx_word' id='word_1_418' title='bbox 865 4420 898 4471; x_wconf 80' lang='lat'>‘27</span> <span class='ocrx_word' id='word_1_419' title='bbox 920 4421 1063 4468; x_wconf 90' lang='lat' dir='ltr'>inuenimus</span> <span class='ocrx_word' id='word_1_420' title='bbox 1082 4421 1259 4470; x_wconf 85' lang='lat' dir='ltr'>enimenth</span> <span class='ocrx_word' id='word_1_421' title='bbox 1328 4420 1435 4471; x_wconf 75' lang='lat' dir='ltr'>‘288ine</span> <span class='ocrx_word' id='word_1_422' title='bbox 1456 4421 1534 4486; x_wconf 78' lang='lat' dir='ltr'>dubio</span> 
     </span>
     <span class='ocr_line' id='line_1_43' title="bbox 246 4489 1534 4556; baseline -0.002 -14"><span class='ocrx_word' id='word_1_423' title='bbox 246 4493 387 4553; x_wconf 73' lang='lat' dir='ltr'>posteriore</span> <span class='ocrx_word' id='word_1_424' title='bbox 402 4493 456 4540; x_wconf 87' lang='lat' dir='ltr'>loeo</span> <span class='ocrx_word' id='word_1_425' title='bbox 474 4503 521 4541; x_wconf 79' lang='lat' dir='ltr'>oen.</span> <span class='ocrx_word' id='word_1_426' title='bbox 538 4490 606 4553; x_wconf 77' lang='lat' dir='ltr'>AB,</span> <span class='ocrx_word' id='word_1_427' title='bbox 624 4490 683 4542; x_wconf 84' lang='lat' dir='ltr'>odd.</span> <span class='ocrx_word' id='word_1_428' title='bbox 701 4490 737 4539; x_wconf 80' lang='lat' dir='ltr'>alr</span> <span class='ocrx_word' id='word_1_429' title='bbox 829 4489 862 4539; x_wconf 78' lang='lat'>‘29</span> <span class='ocrx_word' id='word_1_430' title='bbox 883 4490 943 4554; x_wconf 86' lang='lat' dir='ltr'>quid</span> <span class='ocrx_word' id='word_1_431' title='bbox 966 4505 1026 4554; x_wconf 84' lang='lat' dir='ltr'>ergo</span> <span class='ocrx_word' id='word_1_432' title='bbox 1052 4489 1174 4541; x_wconf 85' lang='lat' dir='ltr'>iaciemus</span> <span class='ocrx_word' id='word_1_433' title='bbox 1197 4491 1309 4540; x_wconf 86' lang='lat' dir='ltr'>dicemus</span> <span class='ocrx_word' id='word_1_434' title='bbox 1328 4491 1367 4540; x_wconf 81' lang='lat' dir='ltr'>Cb</span> <span class='ocrx_word' id='word_1_435' title='bbox 1391 4491 1451 4555; x_wconf 92' lang='lat' dir='ltr'>quid</span> <span class='ocrx_word' id='word_1_436' title='bbox 1471 4505 1534 4556; x_wconf 79' lang='lat' dir='ltr'>ergo</span> 
     </span>
     <span class='ocr_line' id='line_1_44' title="bbox 249 4558 1536 4627; baseline 0.001 -17"><span class='ocrx_word' id='word_1_437' title='bbox 249 4559 555 4610; x_wconf 73' lang='lat' dir='ltr'>iacimusdieimusAB</span> <span class='ocrx_word' id='word_1_438' title='bbox 642 4559 674 4609; x_wconf 79' lang='lat'>32</span> <span class='ocrx_word' id='word_1_439' title='bbox 694 4558 783 4627; x_wconf 86' lang='lat' dir='ltr'>estet]</span> <span class='ocrx_word' id='word_1_440' title='bbox 807 4570 830 4611; x_wconf 87' lang='lat' dir='ltr'>et</span> <span class='ocrx_word' id='word_1_441' title='bbox 852 4560 990 4610; x_wconf 85' lang='lat' dir='ltr'>estABC</span> <span class='ocrx_word' id='word_1_442' title='bbox 1075 4560 1107 4611; x_wconf 86' lang='lat'>33</span> <span class='ocrx_word' id='word_1_443' title='bbox 1127 4560 1183 4612; x_wconf 87' lang='lat' dir='ltr'>tulit</span> <span class='ocrx_word' id='word_1_444' title='bbox 1202 4560 1259 4609; x_wconf 88' lang='lat' dir='ltr'>illas</span> <span class='ocrx_word' id='word_1_445' title='bbox 1278 4560 1364 4610; x_wconf 84' lang='lat' dir='ltr'>ABG</span> <span class='ocrx_word' id='word_1_446' title='bbox 1431 4562 1536 4611; x_wconf 89' lang='lat' dir='ltr'>necui·</span> 
     </span>
     <span class='ocr_line' id='line_1_45' title="bbox 248 4630 1533 4697; baseline 0.002 -21"><span class='ocrx_word' id='word_1_447' title='bbox 248 4632 354 4681; x_wconf 78' lang='lat' dir='ltr'>deantur</span> <span class='ocrx_word' id='word_1_448' title='bbox 371 4631 395 4678; x_wconf 82' lang='grc' dir='ltr'><em>Α</em></span> <span class='ocrx_word' id='word_1_449' title='bbox 465 4630 499 4681; x_wconf 80' lang='grc'>34</span> <span class='ocrx_word' id='word_1_450' title='bbox 524 4639 622 4695; x_wconf 81' lang='lat' dir='ltr'>praeter</span> <span class='ocrx_word' id='word_1_451' title='bbox 646 4646 673 4678; x_wconf 90' lang='lat' dir='ltr'>re</span> <span class='ocrx_word' id='word_1_452' title='bbox 697 4632 841 4697; x_wconf 86' lang='lat' dir='ltr'>capitolium</span> <span class='ocrx_word' id='word_1_453' title='bbox 859 4630 883 4679; x_wconf 88' lang='lat' dir='ltr'><em>B</em></span> <span class='ocrx_word' id='word_1_454' title='bbox 902 4640 1001 4695; x_wconf 85' lang='lat' dir='ltr'>praeter</span> <span class='ocrx_word' id='word_1_455' title='bbox 1020 4631 1055 4678; x_wconf 89' lang='lat' dir='ltr'>rei</span> <span class='ocrx_word' id='word_1_456' title='bbox 1073 4631 1220 4695; x_wconf 84' lang='lat' dir='ltr'>capitolium</span> <span class='ocrx_word' id='word_1_457' title='bbox 1239 4631 1259 4679; x_wconf 85' lang='lat' dir='ltr'><em>C</em></span> <span class='ocrx_word' id='word_1_458' title='bbox 1276 4644 1321 4695; x_wconf 86' lang='lat' dir='ltr'>pro</span> <span class='ocrx_word' id='word_1_459' title='bbox 1341 4647 1367 4679; x_wconf 85' lang='lat' dir='ltr'>re</span> <span class='ocrx_word' id='word_1_460' title='bbox 1386 4630 1533 4696; x_wconf 85' lang='lat' dir='ltr'>capitalium</span> 
     </span>
     <span class='ocr_line' id='line_1_46' title="bbox 249 4700 1532 4767; baseline -0.001 -17"><span class='ocrx_word' id='word_1_461' title='bbox 249 4702 272 4750; x_wconf 87' lang='grc' dir='ltr'><em>Α</em></span> <span class='ocrx_word' id='word_1_462' title='bbox 343 4702 515 4752; x_wconf 85' lang='lat' dir='ltr'>condemnatis</span> <span class='ocrx_word' id='word_1_463' title='bbox 529 4715 587 4749; x_wconf 88' lang='lat' dir='ltr'>ecee</span> <span class='ocrx_word' id='word_1_464' title='bbox 602 4700 633 4748; x_wconf 81' lang='lat' dir='ltr'>ele</span> <span class='ocrx_word' id='word_1_465' title='bbox 654 4701 700 4748; x_wconf 87' lang='lat' dir='ltr'>ista</span> <span class='ocrx_word' id='word_1_466' title='bbox 715 4703 771 4765; x_wconf 88' lang='lat' dir='ltr'>ipsa</span> <span class='ocrx_word' id='word_1_467' title='bbox 789 4718 816 4750; x_wconf 88' lang='lat' dir='ltr'>re</span> <span class='ocrx_word' id='word_1_468' title='bbox 833 4702 892 4764; x_wconf 85' lang='lat' dir='ltr'>qnid</span> <span class='ocrx_word' id='word_1_469' title='bbox 909 4713 946 4750; x_wconf 89' lang='lat' dir='ltr'>est</span> <span class='ocrx_word' id='word_1_470' title='bbox 963 4700 1036 4750; x_wconf 92' lang='lat' dir='ltr'>modo</span> <span class='ocrx_word' id='word_1_471' title='bbox 1055 4710 1153 4766; x_wconf 82' lang='lat' dir='ltr'>praeter</span> <span class='ocrx_word' id='word_1_472' title='bbox 1171 4701 1230 4750; x_wconf 83' lang='lat' dir='ltr'>BC:</span> <span class='ocrx_word' id='word_1_473' title='bbox 1250 4701 1430 4750; x_wconf 77' lang='lat' dir='ltr'>condemnatus</span> <span class='ocrx_word' id='word_1_474' title='bbox 1448 4701 1532 4767; x_wconf 83' lang='lat' dir='ltr'>(carr,</span> 
     </span>
     <span class='ocr_line' id='line_1_47' title="bbox 249 4770 1535 4837; baseline 0.002 -18"><span class='ocrx_word' id='word_1_475' title='bbox 249 4770 296 4833; x_wconf 89' lang='lat' dir='ltr'>·is)</span> <span class='ocrx_word' id='word_1_476' title='bbox 313 4787 371 4820; x_wconf 88' lang='lat' dir='ltr'>ecce</span> <span class='ocrx_word' id='word_1_477' title='bbox 391 4772 422 4820; x_wconf 89' lang='lat' dir='ltr'>de</span> <span class='ocrx_word' id='word_1_478' title='bbox 439 4773 487 4819; x_wconf 85' lang='lat' dir='ltr'>ista</span> <span class='ocrx_word' id='word_1_479' title='bbox 502 4773 557 4837; x_wconf 83' lang='lat' dir='ltr'>ipsa</span> <span class='ocrx_word' id='word_1_480' title='bbox 571 4785 597 4818; x_wconf 88' lang='lat' dir='ltr'>re</span> <span class='ocrx_word' id='word_1_481' title='bbox 617 4771 688 4833; x_wconf 88' lang='lat' dir='ltr'>(quid</span> <span class='ocrx_word' id='word_1_482' title='bbox 707 4782 746 4821; x_wconf 89' lang='lat' dir='ltr'>est</span> <span class='ocrx_word' id='word_1_483' title='bbox 763 4772 837 4820; x_wconf 88' lang='lat' dir='ltr'>modo</span> <span class='ocrx_word' id='word_1_484' title='bbox 856 4781 1002 4836; x_wconf 84' lang='lat' dir='ltr'>praeter-</span> <span class='ocrx_word' id='word_1_485' title='bbox 1017 4772 1189 4820; x_wconf 87' lang='lat' dir='ltr'>condemnatis</span> <span class='ocrx_word' id='word_1_486' title='bbox 1207 4772 1232 4818; x_wconf 83' lang='lat' dir='ltr'>in</span> <span class='ocrx_word' id='word_1_487' title='bbox 1249 4786 1329 4835; x_wconf 73' lang='lat' dir='ltr'>ortorp.</span> <span class='ocrx_word' id='word_1_488' title='bbox 1351 4771 1412 4825; x_wconf 78' lang='lat' dir='ltr'>odel.</span> <span class='ocrx_word' id='word_1_489' title='bbox 1427 4773 1455 4836; x_wconf 83' lang='lat' dir='ltr'>a)</span> <span class='ocrx_word' id='word_1_490' title='bbox 1470 4772 1535 4834; x_wconf 80' lang='lat' dir='ltr'>quid</span> 
     </span>
     <span class='ocr_line' id='line_1_48' title="bbox 248 4839 1302 4905; baseline 0 -16"><span class='ocrx_word' id='word_1_491' title='bbox 248 4850 286 4889; x_wconf 86' lang='lat' dir='ltr'>cst</span> <span class='ocrx_word' id='word_1_492' title='bbox 304 4843 378 4891; x_wconf 83' lang='lat' dir='ltr'>ruodo</span> <span class='ocrx_word' id='word_1_493' title='bbox 397 4849 497 4905; x_wconf 87' lang='lat' dir='ltr'>praeter</span> <span class='ocrx_word' id='word_1_494' title='bbox 515 4841 581 4904; x_wconf 90' lang='lat' dir='ltr'>(sine</span> <span class='ocrx_word' id='word_1_495' title='bbox 598 4839 659 4889; x_wconf 83' lang='lat' dir='ltr'>odd.</span> <span class='ocrx_word' id='word_1_496' title='bbox 678 4841 779 4902; x_wconf 75' lang='lat' dir='ltr'>alsine</span> <span class='ocrx_word' id='word_1_497' title='bbox 798 4841 874 4890; x_wconf 88' lang='lat' dir='ltr'>dubio</span> <span class='ocrx_word' id='word_1_498' title='bbox 894 4841 959 4904; x_wconf 70' lang='lat' dir='ltr'>qnid.</span> <span class='ocrx_word' id='word_1_499' title='bbox 974 4842 1085 4890; x_wconf 83' lang='lat' dir='ltr'>diximus</span> <span class='ocrx_word' id='word_1_500' title='bbox 1106 4842 1181 4905; x_wconf 85' lang='lat' dir='ltr'>paulo</span> <span class='ocrx_word' id='word_1_501' title='bbox 1200 4849 1257 4904; x_wconf 89' lang='lat' dir='ltr'>post</span> <span class='ocrx_word' id='word_1_502' title='bbox 1279 4841 1302 4889; x_wconf 80' lang='grc' dir='ltr'><em>Α</em></span> 
     </span>
    </p>
   </div>
   <div class='ocr_carea' id='block_1_6' title="bbox 0 0 1689 5498">
    <p class='ocr_par' dir='ltr' id='par_1_9' title="bbox 0 0 1689 5498">
     <span class='ocr_line' id='line_1_49' title="bbox 0 0 1689 5498; baseline 0 0"><span class='ocrx_word' id='word_1_503' title='bbox 0 0 1689 5498; x_wconf 95' lang='lat' dir='ltr'> </span> 
     </span>
    </p>
   </div>
  </div>
 </body>
</html>
