3346 5498
268 383 329 449 186
832 383 984 448 neuneu

255 509 256 512 ¹
292 508 313 550 p.
327 494 451 537 ide-06⁸1..

266 583 413 639 mutamus
436 577 525 636 etiam
547 592 649 644 casus,
673 581 703 635 ει
723 573 796 635 illud
818 591 927 634 nomeu
949 575 1069 634 omnino
1092 592 1151 635 nou
1174 581 1318 643 mutatur,
1342 579 1458 632 constat
1479 590 1552 651 quo-

266 680 343 739 niam
374 697 432 738 non
462 676 636 738 declinatur.
681 676 762 737 mille
790 684 888 737 autem
915 695 1067 738 servorum
1100 674 1214 736 habetis
1247 677 1278 735 in
1306 677 1370 755 ipso
1399 674 1551 742 Cicerone,

266 779 396 841 ‘laoile
418 778 520 840 mille
542 778 724 840 hominurn
748 779 1025 840 versabantur’.·
1058 778 1139 839 vides
1162 777 1299 858 quoniam
1323 778 1475 856 genetivus
1498 785 1551 837 εει.

268 882 347 945 unde
369 883 466 963 potius
489 880 562 942 illud
585 900 693 942 nomen
716 889 839 961 apparet
861 882 1000 962 quoniam
1023 879 1230 942 indeclinabile
1254 888 1308 940 εει.

149 966 208 1050 133,
220 988 253 1039 35
349 984 506 1047 Praeterea
526 984 686 1045 'sciendum
715 993 760 1045 est
787 1003 852 1045 εεεε
879 982 975 1064 aliqua
1010 984 1127 1044 nomina
1162 1001 1238 1063 quae
1270 1001 1329 1043 non
1363 1001 1418 1062 per
1450 998 1580 1043 omuesa

165 1084 167 1090 ’
264 1107 350 1149 εεευε
373 1086 572 1156 declinantur;
595 1085 647 1146 sed
670 1085 847 1166 aliquotiens
867 1087 1016 1147 invenitur
1031 1104 1139 1147 nomen
1161 1104 1227 1146 eum
1250 1103 1309 1145 uno
1332 1103 1416 1154 casu,
1440 1084 1553 1162 aliquo·

265 1191 340 1251 tiens
362 1209 431 1250 cum
453 1187 584 1265 duobus,
608 1186 783 1268 aliquotiens
805 1207 870 1249 cum
889 1188 1002 1258 tribus,
1026 1187 1200 1268 aliquotiens
1221 1206 1289 1249 cum
1312 1194 1459 1267 quattuor.
1484 1205 1554 1248 ecee

263 1310 371 1353 nomen
396 1309 462 1351 cum
486 1309 543 1354 uno
566 1297 679 1351 tantum
703 1309 781 1359 casu,
804 1299 837 1352 ut
858 1298 977 1370 sponte;
1002 1292 1145 1371 septimus
1168 1299 1226 1360 est,
1251 1309 1306 1351 nec
1328 1289 1418 1350 alium
1440 1290 1553 1349 inveni·

264 1378 345 1455 mus:
378 1401 464 1462 natu,
494 1394 587 1453 maior
616 1403 699 1454 natu:
729 1393 813 1464 ubo,
844 1396 895 1453 ‘et
924 1401 1061 1453 terram
1089 1392 1175 1453 tabo
1198 1391 1414 1461 maculant';
1440 1398 1552 1453 tanturn

264 1497 406 1577 septimus
434 1503 487 1556 εει.
531 1512 600 1555 ecce
630 1493 720 1556 babes
748 1497 866 1556 nomina
888 1501 1025 1557 contenta
1048 1494 1170 1573 singulis
1193 1494 1318 1555 casibus.
1363 1495 1553 1556 inveniuntur
1567 1510 1592 1551 ιο

264 1598 320 1660 alia
343 1599 463 1659 nomina
487 1604 599 1656 tanturn
623 1597 711 1658 modo
735 1605 872 1659 contenta
896 1596 1011 1658 duobus
1033 1597 1161 1672 casibus,
1187 1598 1366 1657 nominativo
1389 1600 1442 1672 etl
1466 1614 1552 1657 voca·

264 1703 336 1769 tivo,
360 1708 393 1760 ut
414 1700 463 1760 bic
485 1698 615 1777 luppiter
644 1719 661 1759 o
691 1698 833 1779 luppiter.
877 1706 1009 1761 ceterum
1032 1702 1081 1780 qui
1104 1702 1143 1760 ita
1166 1697 1329 1769 declinant,
1353 1698 1401 1759 bie
1423 1698 1555 1778 luppiter

263 1801 351 1863 buius
374 1802 461 1870 lovis,
486 1799 606 1861 stultum
631 1808 683 1861 est.
720 1810 749 1862 ει
770 1800 820 1867 illa
843 1804 921 1863 euim
944 1804 983 1863 ita
1006 1801 1130 1862 habebis
1153 1801 1317 1870 declinare,
1341 1802 1389 1862 bic
1411 1799 1554 1862 lleroules

263 1905 350 1965 buius
377 1903 664 1984 Amphitrioniadae,
688 1911 718 1963 et
745 1903 817 1966 baec
845 1905 973 1965 blinerva
1003 1904 1089 1965 buius
1107 1904 1254 1965 ,Palladis
1282 1923 1340 1984 quo
1364 1903 1451 1964 modo
1474 1905 1554 1964 enim
1593 1983 1595 1988 .

262 2006 334 2068 illud
364 2025 520 2086 possumus
548 2006 715 2068 declinare?
750 1997 923 2084 numquid,'
938 2009 963 2068 si
991 2007 1040 2067 ille
1068 2008 1199 2088 luppiter
1221 2006 1329 2067 babeat
1350 2007 1480 2086 quinque
1502 2012 1554 2065 aut
1568 2018 1593 2059 ιε

262 2117 401 2187 quattuor
430 2111 563 2178 nomina,
593 2109 704 2170 idcirco
733 2108 827 2169 debeo
855 2129 909 2189 per
937 2110 1069 2186 singulos
1098 2128 1184 2170 casus
1207 2116 1321 2170 mutare
1344 2107 1392 2168 illa
1415 2108 1554 2168 nominat

262 2210 319 2271 boe
341 2210 463 2271 stultum
487 2218 545 2278 est;
575 2211 627 2271 sed
650 2211 790 2281 dicimus,
814 2210 947 2290 luppiter
969 2211 1058 2272 babet
1080 2211 1154 2273 duos
1176 2230 1274 2281 casus,
1299 2210 1346 2271 bie
1370 2210 1501 2289 luppiter
1525 2217 1555 2268 et

262 2312 442 2392 oluppiter.
487 2311 663 2391 aliquotiens
689 2315 880 2374 inveniuntur
908 2316 1042 2385 nomina,
1071 2314 1121 2375 ubi
1150 2323 1211 2374 tres
1233 2322 1347 2374 tautum
1367 2320 1436 2372 sunt
1458 2329 1553 2381 casus,

263 2423 296 2476 ut
316 2423 385 2494 puta
409 2415 466 2473 boc
487 2416 570 2476 nefas
593 2416 649 2476 boe
671 2416 754 2476 arelas
770 2435 787 2476 o
803 2416 899 2484 neias;
923 2415 1097 2493 aliquotiens
1119 2416 1170 2477 ubi
1186 2423 1323 2495 quattuor
1339 2422 1451 2476 tantum
1469 2433 1554 2475 casus

208 2580 211 2585 ,
262 2525 346 2586 sunt,
371 2524 403 2576 ut
426 2524 471 2577 est
492 2516 580 2585 loviS,
606 2517 693 2578 buius
715 2519 789 2579 lovis
811 2518 879 2578 buie
901 2519 961 2579 lovi
984 2519 1062 2579 buno
1086 2518 1182 2605 lovem
1206 2516 1243 2577 ab
1266 2516 1323 2578 boo
1347 2516 1421 2577 love.
1468 2518 1553 2596 quin·
1567 2537 1593 2578 20

245 2637 318 2698 ‚que
347 2637 435 2678 casus
464 2635 622 2698 numquam
652 2639 808 2698 possumus
836 2622 979 2680 invenire.
1025 2639 1093 2680 ecce
1123 2620 1262 2680 deliciunt
1290 2621 1421 2696 quinque
1454 2618 1553 2688 simul,

261 2720 402 2782 deliciunt
428 2714 584 2800 quattuor,
614 2721 754 2782 deliciunt
781 2729 855 2790 tres,
886 2721 1026 2783 deliciunt
1052 2723 1125 2791 duo;
1161 2740 1427 2802 unusnumquam
1456 2728 1555 2801 potest

261 2823 398 2887 delicere.
443 2841 498 2903 qua
528 2824 642 2883 ratione
671 2842 730 2884 non
753 2832 850 2902 potest
872 2824 998 2885 delicere
1014 2825 1115 2888 unus?
1144 2824 1210 2903 quia
1234 2825 1430 2884 nominativus
1453 2832 1483 2884 ει
1506 2843 1553 2883 vo·

261 2927 373 2987 cativus
395 2942 489 3003 paene
511 2924 590 2984 idem
612 2934 694 2996 sunt,
723 2934 755 2986 ut
782 2935 850 3004 puta
874 2925 947 2987 baec
970 2928 1051 2988 llusa
1075 2945 1092 2985 o
1114 2926 1212 2995 blusa,
1241 2925 1290 2985 bic
1311 2933 1396 3004 pater
1419 2944 1437 2985 o
1459 2933 1552 3005 pater,

236 3028 309 3094 ,bic
342 3028 449 3088 ssrvctus
477 3046 495 3086 o
523 3026 642 3097 linctus,
672 3015 719 3089 bio
747 3028 810 3088 dies
838 3048 855 3087 o
884 3028 956 3089 dies.
1000 3029 1024 3087 si
1053 3045 1123 3106 ergo
1151 3029 1191 3088 ita
1218 3029 1368 3107 profertor
1398 3029 1552 3097 vocativus,
1567 3045 1592 3087 ea

261 3148 348 3210 quern
377 3128 413 3189 ad
442 3129 562 3190 modurn
597 3131 808 3198 nominativus,
843 3132 980 3210 quotiens
1013 3129 1156 3191 deiecerit
1186 3132 1396 3198 nominativus,
1432 3147 1554 3190 necesse

260 3232 352 3295 babet
372 3232 501 3293 deiicere
524 3241 552 3292 et
575 3234 729 3293 vocativus.
765 3233 832 3293 ideo
854 3250 914 3294 non
936 3251 1092 3311 possumus
1114 3233 1248 3294 invenire
1270 3232 1321 3293 ubi
1343 3234 1473 3312 quinque
1495 3233 1555 3292 sint

261 3355 353 3396 casus,
398 3351 575 3415 quamquam
603 3341 686 3412 potes
713 3335 826 3412 tingere
854 3334 1016 3396 secuudum
1046 3353 1145 3395 usum:
1181 3341 1250 3413 puta
1274 3332 1390 3394 sublato
1414 3333 1554 3414 vocatiivo

260 3439 408 3497 invenitur
436 3437 645 3505 nominativus,
675 3443 707 3496 ut
733 3437 791 3497 siut
813 3437 944 3517 quinque
967 3455 1060 3497 casus.
1099 3436 1147 3496 bic
1169 3433 1308 3515 populus,
1333 3455 1392 3496 non
1416 3436 1482 3497 dieo
1506 3454 1553 3498 ar·

260 3537 379 3606 bovem,
408 3537 460 3598 sed
488 3536 723 3606 multitudinem,
754 3537 802 3597 bic
834 3539 963 3617 populus
981 3538 1079 3599 ‘liuius
1106 3539 1210 3617 populi
1239 3537 1307 3598 buic
1335 3537 1444 3618 populo
1472 3539 1592 3600 huneco

261 3638 402 3717 populum
431 3647 461 3697 et
487 3638 524 3698 ab
552 3638 609 3699 boe
636 3638 754 3718 populo.
801 3643 962 3701 vocativum
986 3660 1044 3720 quo
1067 3640 1154 3701 modo
1177 3642 1319 3701 iacimus?
1356 3640 1492 3701 Lucanus
1513 3643 1552 3702 ita

262 3737 348 3808 dixit,
378 3758 395 3796 o
422 3739 564 3817 populus,
594 3740 817 3818 ‘degenero
845 3742 1032 3822 populus’.
1079 3742 1277 3814 Quintilianus
1299 3744 1329 3802 in
1352 3746 1552 3805 controversia

261 3859 313 3902 sua
335 3859 353 3899 o
376 3838 486 3919 popule
509 3840 595 3909 dixit,
625 3841 704 3921 quod
726 3861 785 3903 non
809 3852 907 3923 potest
929 3844 995 3905 dici.
1041 3845 1112 3924 quid
1135 3851 1193 3904 tam
1223 3846 1302 3905 enim
1325 3844 1457 3914 aridum,
1482 3846 1553 3924 quid

262 3951 321 4003 tam
344 3941 519 4012 absurdum,
549 3961 638 4022 quam
666 3943 723 4003 boc
752 3943 870 4005 dicere?
904 3947 969 4007 vide
993 3953 1106 4020 autem,
1131 3946 1202 4026 quid
1225 3946 1296 4007 dicit
1318 3949 1382 4027 ipse
1405 3948 1552 4009 Donatus:

262 4045 302 4105 ait
324 4043 392 4104 ‘sed
422 4042 508 4112 baec,
539 4063 614 4123 quae
643 4044 709 4105 dico
738 4047 879 4116 deficere,
909 4049 1073 4111 seeundum
1103 4067 1188 4109 usum
1217 4047 1297 4119 dico,
1328 4056 1462 4109 ceterum
1491 4052 1594 4110 scions

330 4297 495 4364 lOieerone]
509 4316 559 4365 pro
578 4301 637 4355 Mil.
654 4301 696 4360 20,
713 4302 746 4355 53
800 4302 1032 4355 3εεεεε1εεειιιεθ
1081 4304 1229 4370 genetiuum
1248 4303 1316 4352 rande
1332 4303 1357 4353 Α
1427 4305 1554 4370 dsponte

261 4387 306 4422 nee
329 4369 399 4421 aliud
421 4372 565 4420 inuenimus
584 4373 708 4439 septimus
731 4381 769 4423 est
786 4383 845 4424 natu
863 4373 947 4423 ABG
1016 4374 1032 4425 9
1049 4384 1073 4423 et
1090 4373 1192 4440 terrum]
1216 4376 1293 4438 Vera.
1314 4375 1378 4425 Aea.
1399 4374 1484 4426 11129

260 4441 389 4492 maculant
407 4442 480 4491 BCa
503 4442 612 4491 maculat
631 4444 655 4493 A
725 4453 819 4493 tontum
839 4461 884 4494 om.
904 4444 941 4504 Α,
961 4444 1021 4492 odd.
1041 4461 1057 4492 o
1129 4446 1161 4495 le
1185 4445 1277 4509 iupiter
1298 4453 1442 4495 constanter
1461 4446 1486 4494 B

263 4512 294 4563 13
316 4511 441 4562 declinare
463 4520 486 4561 et
505 4511 569 4560 llaec
588 4516 703 4563 mineruo
721 4513 797 4564 buius
816 4512 925 4578 palladis
944 4512 985 4562 bic
1003 4513 1113 4564 herculis
1139 4514 1215 4564 buius
1235 4512 1412 4578 amphitrionis
1435 4514 1553 4582 (amphy-

261 4583 350 4633 trionis
366 4583 405 4647 A)
421 4583 548 4645 quomodo
567 4583 648 4633 ABG
720 4586 751 4634 ld
774 4584 867 4633 ideireo
885 4583 958 4632 debet
978 4584 998 4633 C
1068 4585 1097 4633 li
1119 4584 1193 4635 babet
1211 4585 1283 4648 Asc)
1302 4584 1394 4634 bobeno
1410 4585 1484 4636 Bca

260 4655 294 4703 ‘lb
312 4653 375 4703 bueo
393 4653 448 4702 dies
467 4653 492 4700 A
563 4654 596 4701 27
615 4664 639 4703 et
658 4667 704 4703 om.
725 4656 782 4705 AB
853 4655 894 4702 ubi
920 4655 1032 4717 quinque
1056 4656 1107 4704 sint
1126 4654 1199 4718 (aunt
1218 4652 1255 4716 Α)
1281 4655 1553 4720 cosuspuvasublno

262 4724 418 4773 nominatiuo
438 4722 567 4772 inuenitur
584 4724 715 4772 uocatiuus
735 4736 762 4773 ut
783 4724 833 4772 sint
852 4724 962 4786 quinque
984 4739 1058 4773 casus
1078 4737 1229 4787 quamquam
1246 4733 1330 4788 potest
1348 4725 1444 4790 fingere
1461 4740 1554 4776 secun-

262 4793 321 4843 dum
340 4808 413 4844 usum
430 4792 472 4842 bic
490 4792 601 4858 populus
621 4793 703 4843 ABG
771 4794 802 4845 31
822 4791 949 4860 Lucanus]
969 4793 1088 4844 Plarual.
1108 4796 1127 4842 ll
1146 4793 1194 4843 116
1250 4795 1282 4842 32
1297 4793 1424 4861 degenere
1442 4797 1554 4861 populus

261 4863 312 4913 AC
380 4862 627 4928 quintillianueAC
