3346 5498
756 371 828 432 ARS
1373 366 1436 432 375

1194 503 1196 511 ,
1241 489 1262 530 p.
1277 478 1334 518 2061.
1348 477 1372 518 82
1386 476 1409 520 P.

150 568 248 620 tamen
271 561 321 639 qui
345 559 418 619 dicit
440 561 486 619 lac
507 567 662 638 properat,
691 568 724 619 ut
747 561 789 620 ait
811 558 927 626 Celsus;
956 557 1007 617 ille
1030 558 1119 616 etiam
1142 559 1252 617 morari
1275 559 1360 625 sinit,
1383 559 1435 635 qui

150 662 224 722 dicit
246 662 346 721 tacito.
392 663 491 740 itaque
520 670 552 720 ut
579 663 733 740 praeteriti
766 662 908 738 temporis
930 657 1037 738 triplex
1060 660 1153 718 torma
1177 668 1237 727 est,
1261 662 1304 719 sic
1326 662 1356 718 in
1380 658 1434 719 lroc

149 764 241 822 luturi
266 763 419 842 duplicem
442 764 555 822 dicunt.
587 765 735 842 optativus
757 762 861 822 rnodus
884 762 939 821 hoc
961 762 1115 840 proprium
1137 759 1241 828 habet,
1265 762 1342 839 quod
1366 779 1435 820 ron-

150 867 260 925 iunctis
283 863 470 944 temporibus
486 865 661 926 declinatur.
692 883 834 944 praesens
857 866 936 924 enim
959 871 988 923 et
1016 864 1210 940 praeteritum
1238 864 1435 940 inperfectum

124 968 291 1027 bsinriliter
314 967 413 1033 effert,
444 975 475 1026 ut
497 969 609 1027 utinam
631 967 776 1044 legerem;
805 968 878 1026 item
901 967 1093 1044 praeteritum
1117 962 1281 1042 perlectum
1305 971 1334 1023 et
1356 963 1435 1042 plus·

150 1069 407 1148 quaruper·fectunr
429 1069 569 1129 similiter·
591 1070 691 1137 ellert,
721 1076 754 1128 ut
776 1069 888 1127 utinam
910 1066 1059 1143 legissem.
1104 1067 1309 1124 coniunctium
1332 1065 1436 1124 modus

150 1173 245 1231 currit
267 1189 321 1249 per
343 1173 440 1230 omnia
464 1179 606 1250 tempora.
650 1171 702 1231 sed
732 1187 935 1249 quaecumque
964 1175 1033 1227 sunt
1060 1169 1181 1246 optativi
1206 1165 1308 1234 verba,
1333 1168 1435 1227 eadem

150 1281 180 1331 et
203 1274 383 1332 coniunctivi
406 1280 490 1341 sunt,
514 1280 546 1332 ut
568 1275 609 1333 ait
631 1272 803 1341 Palaemon;
833 1278 958 1347 atquae
981 1271 1176 1336 coniunctivi,
1200 1287 1257 1328 non
1280 1268 1383 1328 eadem
1406 1276 1436 1327 et

150 1377 283 1454 optativi.
330 1375 456 1434 dicimus
489 1376 569 1434 enirn
597 1393 662 1433 cum
691 1375 807 1442 iecere,
842 1391 908 1432 cum
936 1371 1052 1448 legero;
1081 1391 1138 1431 non
1169 1371 1295 1430 dicimus
1323 1373 1434 1430 utinam

114 1478 266 1545 ¹0leccro,
291 1479 404 1536 utinam
433 1477 542 1552 legero.
588 1481 660 1537 item
687 1478 718 1536 in
741 1478 845 1536 activis
867 1475 1087 1533 coniunctivum
1108 1473 1226 1533 modum
1249 1475 1435 1551 intempore

151 1580 251 1638 tuturo
274 1578 422 1657 duplicem
447 1578 565 1647 dirunt;
589 1579 715 1638 dicimus
732 1580 812 1638 enim
834 1595 901 1636 cum
924 1574 1018 1652 legam
1041 1581 1070 1633 ct
1092 1593 1158 1634 cum
1176 1575 1291 1652 legero:
1315 1577 1346 1634 in
1368 1594 1435 1653 pas-

151 1682 221 1740 sivis
251 1699 320 1739 vero
349 1680 453 1740 eodem
481 1680 568 1740 modo
596 1688 625 1740 et
653 1688 784 1758 tempore
813 1678 976 1756 triplicenr;
1005 1677 1131 1736 dicimus
1153 1679 1233 1736 enim
1255 1694 1321 1735 curn
1344 1676 1435 1753 legar,

153 1782 293 1842 ulteriore
317 1801 383 1841 cum
406 1782 500 1841 lectus
522 1800 587 1851 cro,
612 1783 683 1843 item
699 1782 756 1842 alio
779 1781 921 1840 ulteriore
944 1798 1011 1840 cum
1034 1780 1126 1839 lectus
1149 1781 1243 1839 luero.
1274 1779 1437 1838 inlinitivus

151 1884 271 1952 modus,
292 1879 297 1964 l
317 1902 404 1962 quem
428 1891 458 1942 et
480 1892 656 1962 perpetuum
679 1883 799 1963 quidam
823 1891 941 1951 vocant,
971 1882 1045 1942 hanc
1074 1881 1294 1941 distinctionem
1316 1881 1435 1958 recipit.

115 1999 138 2037 15
153 2005 220 2046 nam
243 1986 272 2044 id
296 1987 373 2065 quod
398 1986 514 2045 videtur
537 1987 703 2064 pracsentis
732 1987 874 2063 temporis
902 1986 1033 2063 speciem
1063 1984 1197 2062 prolerre
1226 2000 1435 2061 usquequaque

152 2088 306 2147 confusum
335 2095 394 2156 est,
424 2090 501 2147 sic-ut
529 2089 587 2146 iam
616 2087 760 2155 diximus,
791 2086 900 2164 legere.
944 2086 1052 2163 legisse
1075 2093 1173 2144 autem
1196 2092 1226 2143 et
1249 2085 1358 2143 lectum
1380 2085 1435 2152 ire,

151 2191 284 2267 quamvis
312 2197 342 2248 et
370 2190 433 2267 ipsa
462 2208 586 2250 numero
614 2191 810 2268 personisque
841 2188 1013 2248 indistincta
1046 2189 1120 2255 sint,
1156 2195 1252 2246 tamen
1285 2186 1436 2246 delinitam

151 2293 281 2369 speciem
316 2298 482 2369 temporum
516 2299 627 2351 tenent.
672 2293 749 2350 scire
778 2308 848 2349 sane
883 2288 1042 2357 debemus,
1071 2292 1149 2349 sicut
1183 2296 1250 2349 ante
1278 2291 1336 2348 iam
1364 2287 1435 2356 dixi,

151 2393 227 2470 quod
251 2392 371 2471 quidam
395 2393 614 2471 inpersonalem
629 2392 748 2452 modum
763 2392 909 2459 adiciunt,
933 2391 985 2451 sed
1008 2392 1085 2450 lrunc
1108 2410 1161 2450 nos
1184 2408 1241 2450 non
1265 2392 1436 2468 accipimus,

112 2497 290 2573 aequoniam
320 2493 410 2553 verba
442 2495 643 2573 inpersonalia
671 2493 833 2573 generibus
860 2495 973 2553 rectius
1000 2494 1194 2572 adplicantur.
1239 2493 1312 2552 haec
1345 2494 1436 2569 igitur

150 2596 239 2674 paulo
261 2595 349 2655 latius
372 2597 548 2656 insinuanda
572 2597 702 2666 credidi,
735 2605 767 2656 ut
789 2596 960 2676 qualitatem
981 2614 1056 2674 quae
1080 2594 1169 2655 verbo
1191 2595 1437 2671 acciditglacilius

150 2697 324 2774 intellegere
341 2715 510 2775 possemus,
534 2700 560 2757 si
575 2699 680 2763 horum
696 2699 851 2758 modorum
872 2700 1071 2777 proprietates
1093 2700 1225 2775 cognitas
1248 2696 1435 2756 haberemur.

150 2801 181 2858 iu
204 2798 250 2857 lris
274 2801 353 2858 euim
376 2800 503 2877 qualitas
526 2819 600 2879 quae
623 2799 714 2860 verbo
736 2800 845 2861 accidit
868 2803 1027 2860 constituta
1050 2807 1104 2860 est.
1149 2819 1184 2857 cx
1207 2817 1265 2877 quo
1286 2806 1368 2858 recte
1391 2800 1435 2856 in·

149 2900 272 2980 probata
302 2909 347 2960 est
375 2903 479 2960 eorutn'
506 2902 627 2971 divisio,
656 2905 706 2982 qui
735 2903 837 2962 modos
865 2902 918 2961 lros
941 2905 1019 2961 inter
1041 2901 1207 2960 accidentia
1230 2899 1321 2959 verbo
1344 2900 1435 2960 aduu-

111 3020 136 3056 ετ,
150 3003 307 3062 rnrrauclos
330 3021 395 3061 csse
419 3003 573 3074 direrunt,
598 3023 664 3063 cum
687 3007 718 3064 in
741 3005 788 3065 his
811 3003 937 3084 qualitas
965 3006 1028 3082 ipsa
1052 3011 1202 3073 versetm·;
1231 3004 1318 3062 sicuti
1341 3003 1435 3080 quali·

149 3113 194 3163 tas
217 3123 291 3183 quae
315 3107 427 3164 nouriui
457 3106 565 3166 accidit
593 3125 627 3164 ex
656 3125 691 3165 eo
718 3113 884 3185 spectatur,
913 3105 990 3184 quod
1019 3112 1068 3164 aut
1090 3106 1211 3184 propria
1234 3112 1284 3164 aut
1306 3104 1435 3184 appella·

150 3209 208 3265 tiva
232 3215 301 3265 suut
323 3209 457 3274 nentina,
483 3227 578 3287 neque
601 3216 699 3267 tamen
722 3209 878 3286 quisquam
901 3209 1056 3286 proprium
1079 3215 1129 3266 aut
1151 3206 1360 3285 appellativum
1384 3225 1434 3265 no·

148 3310 221 3368 mini
251 3308 326 3366 dixit
354 3309 505 3377 accidere,
535 3329 601 3369 cum
630 3312 660 3368 in
691 3309 737 3369 his
766 3311 840 3387 ipsis
869 3309 994 3388 qualitas
1023 3309 1073 3369 illa
1096 3328 1170 3387 quae
1193 3312 1305 3370 nomini
1328 3309 1436 3369 accidit

149 3418 296 3471 cernatur.

110 3545 136 3583 oo
235 3527 308 3588 Item
332 3529 491 3589 verlrorum
514 3529 673 3590 latinorum
696 3529 822 3608 qualitas
846 3527 929 3604 lnam
952 3538 982 3590 et
1004 3532 1036 3589 in
1058 3530 1105 3590 his
1127 3530 1227 3590 ‹lesrcit
1248 3548 1352 3607 graeca
1376 3531 1432 3590 lin·
1445 3541 1503 3602 381,
1516 3542 1548 3590 26

148 3630 215 3710 gua)
240 3631 446 3690 consideratur·
470 3633 500 3690 iu
524 3635 641 3702 imanis,
666 3651 739 3711 quas
761 3633 870 3692 lormas
893 3632 1012 3711 quidam
1035 3635 1197 3709 gutturibus
1220 3633 1265 3691 vel
1287 3635 1434 3710 signitica-

149 3732 281 3791 tionibus
310 3752 400 3810 prave
429 3733 588 3812 adplicant.
634 3736 727 3794 lorma
761 3742 858 3793 autem
891 3733 1049 3794 verborum
1078 3736 1172 3812 pruna
1200 3737 1299 3813 specie
1328 3735 1435 3813 duplex

150 4014 267 4070 properat
287 4006 361 4055 ML:
376 4006 421 4055 sed
440 4015 467 4055 nt
485 4006 520 4055 uit
536 4006 624 4056 Celsus
644 4007 687 4068 qni
708 4008 768 4058 dicit
787 4006 827 4056 iac
841 4006 882 4057 hic
900 4015 1026 4072 properat.
1048 4006 1092 4056 ille
1107 4005 1182 4056 etiam
1198 4022 1293 4057 moram
1312 4008 1373 4057 sinit
1391 4010 1433 4071 qui

148 4077 210 4124 dicit
229 4075 304 4124 lecito
323 4077 406 4125 codex
421 4076 555 4126 Parisinus
575 4077 641 4127 7491
684 4080 697 4107 “
722 4077 976 4127 lmoramsinitM
1052 4076 1197 4140 3qu0din
1215 4078 1356 4127 coniunctis
1374 4085 1434 4126 tem·

148 4145 251 4209 poribus
268 4146 293 4192 B
312 4146 379 4207 quod
398 4148 421 4193 in
440 4147 582 4195 coniunctis
601 4148 721 4211 temporis
737 4149 761 4197 L
830 4147 846 4196 5
865 4147 980 4196 similiter
1000 4144 1082 4195 adfert
1100 4146 1133 4195 M
1149 4147 1225 4196 simul
1244 4148 1381 4198 ell'ertBL

148 4212 270 4280 legerem]
295 4230 408 4278 gererem
427 4215 459 4262 M
528 4216 709 4281 dsimpliciter
725 4216 808 4266 adfert
822 4217 875 4266 BL
895 4216 973 4265 eciert
993 4214 1025 4264 M
1094 4215 1225 4282 legissem]
1247 4220 1384 4283 gessissem
1404 4215 1437 4265 M

217 4285 322 4333 terrui
341 4286 373 4334 M
441 4287 652 4336 ttcontnncrauut
667 4295 694 4335 ut
711 4287 745 4335 ait
760 4287 820 4336 ML
874 4287 989 4354 palemon
1004 4287 1036 4336 M
1051 4287 1169 4351 palemon
1187 4290 1211 4337 L
1281 4295 1355 4350 atque
1373 4301 1433 4335 con-

147 4355 280 4402 iunctatini
302 4354 359 4405 ML
380 4358 448 4418 atqui
469 4357 619 4404 coniunctiui
639 4357 778 4406 Siclordua
831 4371 880 4405 non
898 4356 985 4405 eadem
1000 4367 1058 4406 sunt
1073 4367 1097 4405 et
1115 4358 1139 4406 L
1154 4373 1185 4406 ne
1204 4357 1334 4405 cademot
1352 4355 1383 4404 M

150 4424 182 4474 10
200 4424 386 4473 coniunctatino
406 4430 447 4476 mo
462 4428 493 4477 L.
512 4426 625 4485 sortasse
644 4427 803 4474 coniunctius
817 4428 892 4475 modo
908 4428 932 4474 in
952 4435 1065 4491 tempore
1077 4425 1162 4475 loturo
1181 4426 1308 4492 duplicem
1327 4426 1432 4475 formam

148 4509 205 4543 esse
223 4494 310 4542 dicunt
382 4497 413 4545 lt
434 4511 507 4558 quern
526 4506 676 4560 perpetuum
697 4511 727 4545 eo
747 4496 813 4558 qnod
832 4497 942 4560 speciem
962 4510 1034 4545 suam
1053 4511 1101 4545 noo
1122 4506 1200 4546 mutet
1219 4496 1319 4559 quidam
1342 4503 1433 4544 nocant

148 4572 287 4622 Stelai-dor
376 4576 407 4625 15
427 4572 539 4639 prolerre
558 4570 671 4635 Bglere
690 4577 714 4625 L
731 4574 815 4638 pierre
833 4574 867 4623 M
953 4574 985 4624 td
1003 4576 1067 4623 sicut
1092 4574 1143 4622 iam
1167 4575 1277 4623 diximus
1296 4574 1434 4624 Sirltordus

149 4642 213 4690 sicut
227 4643 301 4690 etiam
318 4642 429 4692 diximus
449 4643 538 4693 BML
612 4644 643 4694 18
658 4642 730 4708 sarae]
752 4645 873 4693 tarneuB
942 4644 976 4694 20
995 4640 1100 4709 rectius]
1121 4645 1204 4708 potius
1223 4644 1255 4692 M
1322 4645 1355 4692 ‘22
1375 4660 1434 4710 pos·

149 4714 228 4760 simus
246 4713 272 4761 B
279 4712 308 4760 M
315 4714 338 4761 L
409 4714 572 4762 habuerimus
591 4715 623 4763 M
688 4716 721 4764 27
741 4729 821 4776 neque
838 4721 934 4761 tantum
951 4715 1057 4777 quisque
1076 4714 1101 4763 B
1119 4730 1164 4762 nec
1179 4724 1263 4763 tamen
1283 4713 1390 4777 quisque
1408 4716 1432 4764 L

218 4781 251 4830 28
265 4783 379 4831 occidere
398 4784 458 4832 dicit
473 4785 503 4833 Μ
556 4785 664 4848 (molitas
682 4784 822 4849 (superscr.
837 4781 893 4848 illa)
910 4798 975 4848 quae
994 4784 1090 4834 nomini
1107 4784 1198 4834 accidit
1210 4783 1241 4833 M
1256 4797 1320 4847 quoe
1336 4785 1432 4834 nomini

149 4852 238 4901 accidit
257 4852 364 4916 qualitas
383 4853 427 4903 ttto
443 4854 499 4906 BL
