3346 5498
728 347 799 407 aus
1346 341 1407 406 387

149 472 167 500 e.
181 457 238 498 Η
1257 468 1279 509 p.
1294 454 1345 495 a-s
1357 453 1382 495 a.

124 537 269 618 plasmus,
294 543 435 616 quantum
458 555 513 615 ego
536 539 646 604 sentio,
671 538 728 596 etsi
751 555 809 597 non
831 538 907 597 lorte
930 537 1082 606 omnibus,
1112 537 1285 617 plerumque
1309 544 1408 598 tamen

125 642 218 700 isdem
242 639 337 698 modis
360 642 472 708 evenit,
502 639 611 718 quibus
639 648 668 699 et
691 639 902 701 barbarismus.
947 659 1016 701 nam
1037 647 1069 705 ut
1091 642 1261 701 oririttamus
1282 640 1408 701 ‹liversi-

125 749 200 803 tates
222 744 410 821 superiorum
433 743 652 811 delinitionum,
682 751 741 802 tam
764 741 944 804 barbarismi
966 762 1053 821 quam
1076 743 1260 822 metaplasmi
1283 744 1408 821 primam

124 846 200 906 lianc
228 845 430 905 definitionem
459 844 582 914 habent,
611 845 689 924 qnod
717 847 791 905 fiunt
813 845 858 904 vel
881 847 1083 906 enuntiatione
1106 845 1152 905 vel
1174 848 1295 924 scripto.
1340 864 1409 924 pec·

62 1010 73 1026 ¹
98 964 226 1007 ¹scamus
248 948 328 1006 enim
351 955 403 1005 aut
422 947 496 1023 male
513 948 708 1016 enuntiando,
733 947 762 1006 id
785 954 830 1007 est
852 950 955 1009 vitiose
979 948 1140 1027 loquendo,
1164 956 1215 1008 aut
1237 948 1311 1008 male
1334 950 1409 1008 scri·

125 1049 236 1117 hendo,
270 1048 300 1108 id
334 1056 378 1107 est
406 1055 545 1128 corrupte
578 1056 608 1109 et
637 1049 755 1128 oblique
784 1050 951 1110 litterarum
985 1053 1094 1110 seriem
1126 1050 1319 1110 conectendo.
1362 1051 1410 1110 his

125 1151 240 1211 duobus
268 1150 362 1210 modis
389 1156 551 1229 quaternae
580 1155 696 1230 species
724 1151 953 1229 subiunguntur.
998 1172 1066 1213 nam
1094 1161 1143 1213 aut
1172 1154 1337 1214 adiectione
1360 1160 1410 1214 aut

125 1253 307 1315 detractione
331 1259 380 1312 ant
403 1255 606 1314 immutatione
629 1262 679 1314 aut
701 1257 945 1315 transmutatione
968 1274 984 1315 a
1007 1258 1083 1316 iusta
1100 1263 1129 1315 et
1145 1255 1245 1316 debita
1264 1257 1411 1316 sermonis

125 1355 227 1432 regula
250 1354 428 1414 recedimus.
473 1375 526 1435 per
554 1355 627 1416 haec
655 1365 809 1436 quattuor,
838 1376 913 1437 quae
942 1357 977 1417 ad
1006 1357 1225 1417 barbarismum
1248 1360 1408 1437 pertinent,

88 1475 112 1512 ro
127 1456 331 1518 indubitanter
353 1460 443 1536 quina
471 1453 476 1540 l
502 1459 673 1519 decurrunt.
719 1478 786 1519 nam
808 1459 935 1519 adiectio
958 1460 1103 1520 detractio
1126 1462 1291 1520 immutatio
1314 1469 1410 1521 trans·

125 1562 247 1620 mutatio
270 1559 315 1619 rel
338 1561 368 1618 in
391 1559 491 1619 littera
513 1563 545 1621 fit
567 1560 612 1620 vel
635 1563 666 1621 in
689 1561 798 1641 syllaba
821 1562 865 1622 rel
888 1564 920 1622 in
943 1569 1075 1642 tempore
1098 1562 1144 1622 vel
1166 1564 1197 1622 iu
1220 1569 1344 1622 accentu
1366 1562 1411 1623 vel

124 1665 156 1722 in
178 1663 369 1740 aspiratione.

210 1763 294 1824 Nune
317 1772 496 1842 oportunum
519 1772 549 1824 et
571 1768 779 1846 tempestivum
801 1774 907 1835 estut,
931 1786 1006 1846 quae
1029 1770 1069 1827 sit
1091 1770 1169 1826 inter
1191 1767 1411 1828 barbarismum

126 1875 155 1925 et
177 1867 399 1944 metaplasmum
423 1867 576 1936 distantia,
606 1869 847 1947 praeloquamur,
877 1872 1049 1949 priusquam
1072 1870 1108 1929 de
1131 1869 1256 1948 singulis
1278 1870 1413 1949 exempla

88 1983 112 2022 15
125 1969 391 2029 accommodemus.
437 1977 505 2029 tunc
533 1972 613 2030 enim
641 1971 757 2031 laeilius
779 1973 843 2049 ipsa
865 1973 997 2051 exempla
1021 1971 1056 2032 ad
1080 1989 1185 2032 sensus
1207 1979 1323 2032 nostros
1345 1991 1412 2034 sua·

126 2072 202 2130 viter
224 2071 437 2150 penetrabunt,
462 2074 486 2131 si
510 2074 554 2131 vis
576 2073 732 2134 distantiae
751 2076 836 2151 prius
858 2076 951 2134 luerit
971 2076 1117 2134 intimata.
1149 2093 1220 2152 ergo
1243 2078 1322 2135 inter
1345 2075 1411 2136 bar-

126 2173 288 2233 barismum
317 2180 347 2231 et
374 2174 597 2251 metaplasmum
625 2174 680 2234 hoo
709 2177 849 2244 interest,
878 2176 956 2256 ‹ynod
980 2175 1186 2237 barbarismus
1209 2181 1239 2238 in
1261 2180 1411 2238 communi

125 2293 276 2342 sermone,
300 2275 509 2354 metaplasmus
531 2278 561 2335 in
583 2286 718 2355 poemate
742 2284 801 2348 est;
824 2280 896 2338 item
918 2278 995 2357 quod
1020 2278 1224 2341 barbarismus
1246 2283 1321 2340 eitra
1343 2299 1411 2341 auc-

126 2380 274 2437 toritatem
296 2375 434 2437 lectionis
462 2380 599 2458 imperite
630 2398 707 2439 nnnc
730 2382 760 2439 in
783 2380 961 2459 quibusdam
983 2382 1057 2442 locis
1080 2384 1295 2460 praesumitur,
1319 2391 1411 2445 meta·

88 2496 113 2535 ao
125 2479 254 2558 plasmus
276 2486 373 2538 autem
395 2479 443 2539 ille
460 2488 518 2549 est,
542 2484 594 2560 qui
610 2500 645 2541 ex
661 2492 794 2543 veterum
809 2484 989 2561 scriptorum
1005 2486 1180 2544 auctoritate
1196 2487 1242 2544 vel
1261 2485 1411 2563 praeiudi·

126 2590 207 2643 eatae
229 2581 453 2640 consuetudinis
475 2585 590 2644 ratione
613 2585 782 2663 profertur;
806 2587 877 2645 item
893 2586 970 2664 quod
986 2588 1196 2667 metaplasmus
1211 2586 1256 2646 vel
1271 2585 1309 2646 ob
1330 2588 1411 2646 simi·

125 2684 281 2744 litudinem
303 2683 440 2743 lectionis
460 2694 510 2745 aut
530 2689 640 2747 veteris
661 2687 885 2747 consuetudinis
905 2687 1032 2748 adoctis
1047 2690 1079 2748 lit
1095 2691 1240 2756 scienter,
1262 2687 1411 2749 barbaris·

126 2805 191 2847 ntus
214 2804 283 2845 sero
306 2785 343 2846 ab
366 2787 607 2866 imprudentibus
629 2789 708 2849 nulla
731 2796 781 2849 aut
803 2798 935 2850 veterum
964 2797 1014 2849 aut
1037 2790 1261 2850 consuetudinis
1283 2793 1411 2850 auctori·

125 2895 184 2948 tate
208 2896 364 2967 perspecta
393 2893 561 2950 assumitur.
607 2892 679 2950 item
708 2893 786 2952 inter
813 2890 1032 2952 barbarismum
1059 2899 1090 2951 et
1112 2892 1334 2970 metaplasmmn
1356 2893 1412 2953 hoc

87 3014 112 3054 as
127 2994 265 3059 interest,
290 2990 367 3069 qnod
391 2992 574 3052 adiectiones
595 2992 662 3052 illae
686 2993 921 3053 detractionesve
948 2999 1106 3072 ceteraque
1129 3012 1205 3072 quae
1229 2993 1359 3054 diximus
1380 2996 1411 3054 in

125 3094 235 3153 litteris
257 3090 411 3170 syllabisve
435 3112 468 3153 ae
492 3094 633 3173 deinceps
655 3097 765 3154 ceteris
787 3094 842 3153 suh
858 3114 916 3155 urio
937 3097 1055 3154 nomine
1072 3093 1251 3156 barbarismi
1273 3103 1411 3174 peccant;

125 3198 157 3254 iu
180 3192 371 3272 metaplasmo
394 3214 464 3255 vero
487 3196 542 3255 alia
566 3203 654 3274 atque
677 3196 733 3255 alia
757 3198 876 3255 nomina
899 3215 953 3274 pro
975 3195 1167 3275 qualitatibus
1194 3197 1325 3276 locisque
1348 3217 1412 3258 sus-

126 3299 257 3376 cipiunt,
282 3299 359 3356 sieut
380 3317 448 3357 mox
471 3297 635 3376 apparebit.

211 3398 295 3459 Nune
319 3399 453 3478 exempla
476 3400 511 3459 de
534 3401 724 3479 metaplasmo
746 3401 830 3478 prius
852 3399 998 3460 dabimus
1028 3403 1139 3461 etenim
1162 3404 1344 3462 conlirmatis
1366 3402 1413 3463 his

86 3508 156 3564 aoct
183 3501 394 3568 manifestatis,
430 3520 504 3579 quae
534 3504 649 3563 ratione
677 3509 705 3560 et
734 3502 961 3563 auctoritatibus
983 3497 990 3584 l
1015 3512 1165 3573 coustant,
1201 3503 1251 3564 illa
1277 3522 1353 3583 quae
1381 3506 1412 3564 in

127 3602 345 3663 barbarismum
369 3613 480 3662 temere
503 3603 681 3664 delabuntur
709 3605 841 3682 apertius
868 3604 1063 3682 apparebunt.
1108 3605 1272 3665 adiectione
1297 3606 1412 3666 litterae

127 3705 170 3764 rel
193 3704 320 3783 syllabae
343 3724 398 3784 per
421 3708 477 3765 tria
501 3706 580 3775 loca,
604 3709 680 3767 sieut
695 3705 840 3774 diximus,
864 3713 926 3765 tres
947 3707 1131 3788 metaplasmi
1153 3709 1242 3776 liunt,
1265 3708 1414 3787 prothesis

126 3807 297 3886 epenthesis
320 3825 477 3885 paragoge.
523 3808 672 3888 prothesis
694 3814 739 3868 est
760 3807 893 3878 litterae,
916 3807 969 3869 ubi
991 3810 1026 3869 ad
1050 3816 1138 3888 caput
1160 3828 1218 3869 una
1240 3809 1339 3870 littera
1362 3810 1412 3870 ad·

126 3909 222 3977 ditur,
248 3915 279 3967 ut
302 3909 398 3969 ‘eum
422 3912 537 3970 sociis
559 3919 745 3990 gnatoque
768 3911 1001 3990 penatibus’:
1025 3912 1100 3972 dixit
1122 3913 1202 3972 enim
1224 3919 1321 3989 gnato,
1345 3932 1412 3973 omn

66 4012 226 4095 „asdicere
256 4010 359 4070 debuit
386 4019 464 4071 nato.
510 4011 565 4072 hoc
594 4016 644 4092 qui
673 4013 744 4072 velit
771 4015 802 4073 in
829 4014 887 4074 alia
918 4021 1003 4092 parte
1038 4017 1182 4074 orationis
1211 4015 1309 4076 lacere
1338 4018 1412 4076 citra

126 4114 348 4191 auctoritatem,
378 4120 410 4173 ut
437 4115 462 4172 si
492 4113 571 4174 dieat
598 4118 712 4194 coperit
733 4134 788 4194 pro
810 4117 924 4194 operit,
954 4116 1043 4175 laciet
1064 4115 1295 4178 barbarismum.
1340 4119 1412 4178 item

126 4215 274 4294 prothesis
297 4222 342 4273 est
365 4215 492 4294 syllabae

278 4317 407 4376 tetulit
431 4318 566 4379 senilis
587 4319 708 4379 hostis
731 4320 772 4379 ad
795 4320 936 4381 eaelum
958 4338 1099 4380 manus:

213 4559 229 4607 2
255 4558 369 4621 peruenit
385 4559 417 4608 ,ll
434 4559 551 4623 prouenit
568 4559 730 4608 Buttmannus
817 4557 833 4609 3
856 4558 963 4622 primam
982 4557 1047 4608 banc
1065 4558 1234 4608 definitionem
1253 4573 1412 4608 communem

126 4628 219 4677 babent
246 4628 410 4678 Buttnmnnus
436 4630 562 4692 propriam
588 4627 653 4678 hanc
672 4628 841 4679 definitionem
866 4626 1134 4679 habentlleima'cbius
1152 4629 1222 4691 opud
1238 4629 1414 4679 Buttmanuum

196 4697 402 4747 beonnectondo
424 4700 457 4748 M
508 4697 539 4748 13
561 4707 599 4747 est
611 4714 656 4751 om.
674 4699 708 4749 M
757 4695 799 4762 sit]
819 4697 846 4746 flt
864 4697 895 4747 M
965 4696 1101 4748 ‘20uetere
1119 4697 1150 4746 M
1203 4699 1242 4746 rel
1259 4715 1305 4750 om.
1325 4698 1358 4747 M

126 4766 161 4816 30
178 4769 204 4816 in
224 4768 377 4817 barbarismo
394 4769 427 4817 ll
472 4766 682 4836 aranmanoth]
709 4767 870 4832 Verp,Aen.
891 4767 977 4817 {1112
1029 4767 1063 4818 38
1081 4768 1162 4816 tetulit
1176 4767 1264 4818 senilis
1283 4767 1362 4817 Poeas
1381 4768 1414 4818 ad

128 4837 225 4885 eaelum
245 4853 334 4886 manus
355 4839 487 4902 Pompeius
504 4857 530 4903 p.
550 4836 609 4901 296,
626 4836 642 4887 3
714 4835 813 4904 senilis]
834 4838 921 4888 senius
935 4837 969 4888 M
984 4852 1078 4888 saeuus
1097 4838 1176 4888 edidit
1193 4837 1357 4889 Buttmamma
