3346 5498
124 370 189 435 516
670 370 869 432 tvuvsrtn't

150 482 245 533 13211113.
258 482 285 520 tn
298 478 321 520 Ρ.

123 560 236 620 candeo
257 560 417 629 candesco,
447 559 514 621 labo
536 558 667 628 labasco,
697 567 784 638 tepeo
806 568 941 638 tepesco,
970 560 1071 619 ferveo
1092 560 1241 628 fervesco,
1265 562 1350 620 vireo
1373 561 1417 620 vi·

37 659 45 673 '
123 664 222 714 13333,
251 645 335 722 algeo
357 645 488 723 algesco,
517 645 632 705 dormio
653 645 800 704 dormiseo
831 654 861 704 et
883 645 950 705 3113.
994 644 1067 704 11333
1097 647 1196 705 omnia
1218 646 1417 724 praeteritum

124 750 182 793 nou
204 730 324 791 babent.
357 749 425 791 nam
447 738 545 810 potest
565 729 642 790 calui
665 739 696 791 et
716 731 792 790 fervi
814 730 928 798 facere,
951 738 981 790 et
1003 749 1060 790 non
1075 729 1189 790 calesco
1210 730 1256 789 vel
1278 732 1418 791 fervesco

123 815 201 877 calui
223 817 296 876 fecit
317 816 361 875 vel
383 817 475 884 fervi,
497 816 550 876 sed
572 834 588 873 a
610 817 713 876 ferveo
734 817 824 883 fervi,
847 834 864 873 a
884 814 967 875 caleo
988 814 1076 875 calui.
1119 834 1187 875 nam
1202 814 1332 875 caleseui
1353 816 1417 876 fer·

123 903 224 960 veseui
246 908 276 961 et
298 902 427 961 virescui
456 900 545 961 latina
567 918 626 961 non
648 908 726 961 sunt.
770 910 801 960 ot
821 899 889 960 ideo
916 900 1082 961 inchoativa
1104 900 1244 960 dicuntur
1266 901 1444 980 praeteri-s

122 994 187 1046 tum
208 993 326 1064 tempus
347 1005 406 1046 non
428 985 557 1055 babere,
584 988 653 1064 quia
681 1003 756 1065 quae
784 985 957 1045 inchoamus
978 985 1074 1046 adbuc
1096 986 1228 1064 perlecta
1250 1004 1310 1045 non
1333 992 1416 1046 sunt.

122 1079 154 1130 et
175 1073 274 1131 onrnia
296 1089 370 1149 quae
393 1071 454 1130 diri
477 1072 508 1131 in
529 1089 581 1131 sco
603 1073 686 1130 exire
707 1088 827 1149 semper
848 1070 993 1131 neutralia
1008 1080 1078 1132 sunt
1092 1089 1148 1131 nee
1162 1071 1345 1149 accipinntr
1366 1070 1417 1130 lit·

124 1165 228 1216 teram.
252 1164 283 1215 et
298 1156 364 1216 ideo
379 1157 518 1216 admonui
532 1173 598 1216 esse
613 1156 775 1223 neutralia,
799 1174 837 1215 ue
859 1164 888 1215 te
910 1155 1067 1234 perturbet
1082 1175 1147 1216 esse
1162 1155 1308 1235 quaedam
1322 1154 1418 1215 verba

124 1244 154 1302 iu
182 1259 250 1300 scor
278 1244 415 1301 exeuntia
443 1250 473 1301 et
498 1250 597 1302 tamen
625 1241 781 1301 admittere
809 1243 1004 1318 praeteritum
1033 1249 1164 1321 tempus,
1194 1247 1227 1300 ut
1254 1239 1418 1301 obliviscor

123 1325 235 1386 oblitus
256 1344 336 1395 sum,
359 1327 495 1405 paciscor
517 1333 620 1406 pactus
642 1344 721 1394 sum,
738 1326 887 1404 adipiscor
909 1325 1032 1404 adeptus
1053 1345 1134 1394 sum,
1158 1333 1188 1385 et
1205 1327 1264 1385 iam
1287 1325 1419 1385 necdum
1435 1344 1460 1383 13

124 1410 272 1471 neutralia
294 1419 377 1480 sunt,
408 1414 439 1471 in
467 1410 575 1491 quibus
596 1411 726 1471 diximus
752 1413 913 1490 praeterita
936 1418 1070 1490 tempora
1092 1429 1220 1471 cessare.
1265 1418 1335 1471 sunt
1358 1411 1419 1471 alia

123 1515 198 1576 3333
220 1496 439 1575 frequentativa
461 1497 615 1565 dicuntur,
638 1494 749 1575 quibus
763 1495 875 1574 aliquid
895 1496 1081 1575 frequentius
1096 1497 1206 1557 lactum
1221 1496 1420 1572 significatur,

125 1589 157 1641 ut
178 1600 195 1641 3
218 1581 298 1641 dieto
320 1581 438 1651 dictito,
468 1581 572 1658 alego
593 1581 710 1649 lectito,
739 1580 878 1640 ascribo
900 1582 1049 1659 scriptito,
1079 1582 1212 1641 aelamo
1232 1580 1374 1649 clamito,
1402 1599 1421 1640 a

124 1668 171 1725 cio
186 1667 260 1734 cito,
277 1666 355 1744 quod
372 1667 520 1743 significat
541 1667 715 1745 frequenter
728 1664 823 1734 voco,
847 1665 924 1725 unde
941 1684 1017 1725 nuuc
1034 1667 1150 1745 aliquos
1164 1684 1234 1725 voce
1256 1667 1422 1745 praeconis

123 1753 229 1811 citatos
257 1750 397 1820 dicimus,
427 1752 456 1811 id
485 1760 530 1811 est
556 1753 730 1831 frequentor
757 1758 887 1819 vocatos,
916 1758 946 1810 ct
968 1751 1035 1811 alia.
1085 1759 1154 1811 sunt
1176 1751 1232 1810 3113
1266 1769 1462 1829 perpaucae,

123 1853 198 1914 «prae
227 1836 424 1896 desiderativa
453 1837 606 1905 dicuntur,
636 1845 667 1896 ut
695 1838 810 1904 esurio,
840 1835 869 1895 id
898 1843 943 1894 est
971 1836 1059 1896 edere
1089 1836 1240 1904 desidero,
1269 1837 1421 1914 parturio,

123 1939 230 1999 parere
246 1921 391 1990 desidero,
409 1930 447 1991 et,
465 1931 498 1982 ut
512 1921 624 1982 dictum
639 1929 684 1981 est
699 1941 715 1980 a
730 1922 873 1981 Cicerone
890 1921 926 1980 de
947 1920 1146 1999 pbilosophis,
1169 1922 1421 1990 morturiuut,

124 2007 200 2065 13311
229 2005 409 2066 desiderant.
458 2006 510 2066 sed
533 2007 621 2076 baec,
650 2015 683 2066 ut
704 2007 781 2075 diri,
810 2024 904 2085 pauca
926 2013 1009 2074 sunt,
1033 2008 1161 2086 quaein
1184 2023 1291 2065 sonum
1312 2004 1422 2066 latini·

125 2091 194 2151 tatis
216 2091 381 2152 introducta
403 2099 482 2153 sunt.

638 2261 686 2321 DE
712 2261 901 2322 aot-'Eume
1435 2276 1461 2318 ao

209 2379 388 2440 Adverbivun
411 2380 479 2440 ideo
500 2380 610 2439 dietum
634 2388 691 2448 est,
721 2381 790 2458 3313
814 2376 818 2449 1
842 2379 982 2438 adhaeret
1004 2378 1109 2446 verbo,
1133 2398 1188 2439 vvcc
1211 2386 1309 2458 potest
1333 2379 1422 2440 verbi

125 2468 168 2525 vis
190 2468 406 2541 significantius
428 2484 548 2534 sonare,
579 2467 636 2523 uisi
660 2468 799 2540 iungatur
827 2463 1009 2524 adverbium.
1054 2473 1086 2524 ut
1113 2473 1182 2542 puta
1217 2462 1344 2524 verbum
1373 2472 1424 2525 est
1509 2494 1518 2501 ·

124 2551 192 2610 diro
214 2551 317 2627 navigo
340 2551 422 2610 valeo
444 2569 534 2609 cruro
563 2548 686 2617 313113;
710 2550 782 2609 bace
806 2567 862 2607 vion
887 2548 972 2626 plena
1002 2550 1218 2625 significatione
1248 2557 1334 2618 seint,
1359 2551 1422 2610 nisi

124 2636 292 2695 adiciantur
313 2635 469 2704 adverbia,
494 2643 523 2695 ut
549 2634 624 2693 bene
647 2635 722 2693 13313
745 2634 830 2693 docto
852 2634 995 2701 feliciter,
1019 2642 1050 2693 ut
1072 2632 1251 2701 benedicit,
1275 2635 1423 2713 imperite

124 2721 210 2787 dicit,
234 2739 376 2799 prospero
399 2722 529 2796 navigat,
559 2717 719 2778 infeliciter
747 2720 878 2793 navigat,
908 2719 1023 2794 integre
1046 2719 1142 2787 valeo,
1165 2717 1307 2778 debiliter
1331 2719 1461 2788 caletes

124 2805 243 2882 agiliter
265 2807 375 2873 currit,
399 2806 512 2865 tardius
535 2806 640 2863 currit.
678 2804 759 2863 vides
775 2805 844 2880 quia
859 2802 1018 2862 verborum
1039 2802 1126 2882 plena
1149 2803 1328 2880 significatio
1350 2824 1423 2864 esse

124 2910 182 2951 non
207 2898 317 2968 pcvtest,
346 2892 404 2949 nisi
434 2891 546 2949 fuerint
568 2889 709 2949 adverbia
731 2890 897 2947 coniuncta.
940 2890 984 2947 sic
1006 2887 1062 2947 alia
1085 2888 1224 2948 adverbia
1250 2890 1423 2965 iunguntur

126 2975 162 3034 ad
186 2974 362 3054 explendam
385 2973 468 3034 verbi
491 2975 752 3051 significationem,
777 2982 809 3032 ut
831 2981 899 3033 sunt
923 2972 1054 3033 locorum
1069 2971 1223 3040 adverbia,
1247 2980 1422 3052 temporum

124 3058 279 3128 adverbia,
309 3068 341 3119 ut
370 3060 418 3119 bio
447 3061 527 3127 dieo,
557 3058 605 3118 bio
632 3056 748 3127 babilo,
779 3060 929 3124 introeo,
959 3059 1040 3116 intus
1062 3076 1142 3124 sum,
1165 3059 1245 3117 foras
1267 3076 1318 3128 eo,
1343 3060 1423 3120 foris

124 3164 204 3212 suni,
229 3144 298 3203 binc
321 3147 441 3221 navigo:
465 3146 508 3202 sic
530 3145 566 3203 dc
589 3152 722 3221 temporo
739 3161 804 3203 cras
818 3143 937 3218 navigo,
960 3141 1048 3201 bodie
1062 3144 1184 3218 navigo,
1208 3151 1238 3202 et
1259 3143 1319 3204 3113
1340 3163 1421 3223 quae
1435 3162 1461 3202 33

125 3229 194 3289 aliis
223 3228 336 3289 artibus
365 3229 421 3289 late
450 3229 526 3288 dieta
555 3236 624 3289 sunt
651 3238 680 3288 31
709 3228 862 3287 intellectu
890 3227 977 3304 plana
999 3235 1078 3286 sunt.
1112 3227 1179 3287 ideo
1202 3227 1274 3288 baec
1304 3247 1421 3308 ponere

127 3314 225 3382 nolui,
249 3316 318 3392 qnia
341 3314 375 3373 ad
400 3314 533 3373 discendi
557 3312 708 3373 fastidium
731 3311 861 3371 brevitas
884 3319 1047 3390 opportuna
1071 3320 1126 3372 est.
1417 3310 1419 3315 ’

210 3398 286 3458 Sane
320 3401 350 3457 iu
383 3398 534 3458 adverbiis
566 3398 639 3458 baec
671 3397 831 3457 observare
864 3395 1020 3455 debemus:
1055 3397 1171 3476 quando
1200 3399 1269 3457 ine
1299 3407 1422 3467 exeant,

124 3483 243 3562 quando
266 3485 296 3542 in
321 3494 366 3541 ter
389 3482 546 3562 syllabam,
569 3483 625 3543 boc
647 3481 792 3543 ablativus
814 3500 899 3540 casus
921 3481 1016 3540 docet.
1056 3501 1122 3542 nani
1138 3482 1255 3561 quando
1270 3482 1425 3545 ablativus

125 3569 188 3628 erit
210 3571 241 3627 in
265 3588 296 3635 o,
321 3566 493 3628 adverbium
516 3570 547 3627 in
570 3587 585 3626 e
609 3569 713 3635 mittit,
737 3575 770 3626 ut
791 3586 807 3626 a
830 3565 916 3626 docto
931 3566 1029 3634 docte,
1053 3587 1068 3626 a
1092 3568 1171 3627 iusto
1192 3569 1285 3637 iuste,
1308 3588 1327 3628 a
1351 3588 1422 3648 per·
1437 3586 1463 3627 33

127 3654 205 3712 13313
228 3654 375 3731 perfecte,
399 3671 415 3712 a
438 3655 487 3731 pio
509 3654 574 3731 pie,
598 3672 614 3712 a
637 3652 732 3711 valido
754 3651 861 3719 valide,
886 3669 902 3710 a
923 3651 1073 3711 fortunato
1088 3652 1250 3721 fortunate,
1275 3670 1424 3732 auaagno

125 3755 245 3813 magne,
278 3735 315 3796 ab
343 3737 440 3814 amplo
469 3737 578 3814 ample,
608 3738 768 3796 arninirno
789 3736 925 3803 minime,
954 3746 984 3795 et
1006 3734 1071 3795 3113.
1121 3736 1238 3815 quando
1260 3744 1364 3798 autem
1388 3742 1423 3800 in

126 3829 171 3880 ter
193 3821 335 3899 syllabam
358 3824 418 3880 exit
440 3820 626 3889 adverbium,
655 3820 807 3889 similiter,
837 3828 868 3879 ut
890 3820 965 3889 dixi,
994 3820 1138 3880 alvlativus
1160 3821 1260 3881 docet:
1284 3821 1323 3882 ab
1348 3825 1425 3902 agili

125 3906 259 3981 agiliter,
289 3905 325 3964 ab
348 3905 454 3965 liunvili
476 3905 642 3973 lurrniliter,
671 3904 708 3964 ab
731 3907 791 3964 acri
815 3906 937 3973 acriter,
962 3926 977 3965 3
1000 3906 1069 3964 13111
1093 3907 1224 3974 fortiter,
1252 3925 1268 3965 a
1291 3907 1354 3969 levi
1378 3909 1423 3970 le·

125 3991 213 4058 viter,
243 4009 258 4048 3
286 3992 368 4066 gravi
396 3992 539 4066 graviter,
570 4009 586 4049 3
616 3990 676 4065 iugi
703 3991 821 4065 ingiter.
874 3991 924 4048 sed
953 3997 1022 4050 sunt
1049 3990 1192 4069 quaedam
1220 4009 1312 4069 quae,
1349 4012 1465 4062 33313

124 4093 228 4152 aspere
251 4082 406 4142 sonarent,
431 4075 552 4134 ‹lirnissa
575 4082 643 4133 sunt
671 4093 726 4133 nee
754 4074 789 4134 ad
818 4073 892 4133 banc
915 4075 1045 4151 regulam
1069 4076 1220 4136 tractanda
1242 4086 1329 4146 sunt,
1354 4088 1425 4141 uta

124 4162 189 4219 miti
213 4160 326 4219 mititer
350 4178 406 4217 non
431 4158 571 4227 dicimus,
595 4178 611 4218 a
633 4160 714 4219 tristi
738 4160 863 4219 tristiter
885 4178 943 4219 non
966 4160 1102 4220 dicionis.
1146 4160 1230 4229 talia,
1255 4180 1292 4221 no
1309 4181 1425 4243 aspere

123 4252 278 4311 sonarent,
302 4242 496 4322 perdiderunt
518 4245 651 4303 ultimam
674 4242 830 4321 syllabam,
854 4253 885 4303 ut
908 4264 922 4303 a
946 4248 1079 4322 sapiente
1101 4248 1269 4323 sapienter,
1293 4266 1356 4309 non
1373 4270 1426 4311 sa·

122 4330 282 4408 pientiter,
306 4348 321 4387 a
337 4327 484 4406 prudente
506 4329 684 4408 prudenter,
708 4347 766 4388 nou
781 4328 983 4407 prudentum,
1001 4349 1016 4390 3
1032 4333 1195 4410 praestanti
1216 4341 1426 4410 praestanter,

194 4564 308 4615 llnbao
326 4563 428 4612 labasco
446 4577 463 4619 ς
483 4563 554 4613 labeo
573 4564 673 4615 labesco
690 4567 715 4615 F
783 4563 952 4629 7333113113]
972 4566 1095 4615 naturalia
1113 4566 1138 4613 F
1205 4566 1338 4619 133133
1357 4572 1429 4625 haec

123 4634 182 4683 dum
202 4636 248 4690 Fe
320 4630 423 4698 licito]
445 4634 514 4682 eitito
533 4636 558 4683 F
608 4633 681 4701 voco]
704 4636 787 4684 nocito
806 4649 823 4690 ς
842 4635 970 4683 uocatoF
1039 4635 1071 4685 15
1090 4631 1233 4685 uocatos'F
1292 4641 1346 4690 3113
1367 4661 1430 4710 per.

123 4717 203 4766 parua
219 4706 244 4753 F
297 4704 328 4754 ll
347 4701 477 4766 Cicerone]
494 4719 585 4774 corone
602 4706 626 4753 F
677 4705 837 4754 nvoriturinnt
854 4704 985 4754 Patrobios
997 4706 1216 4761 mortnisunth
1274 4709 1310 4761 18
1324 4714 1428 4784 panea]

123 4786 202 4835 parua
222 4773 246 4820 F
330 4776 363 4821 ‘24
382 4770 465 4838 docte]
489 4781 559 4821 33313
578 4774 602 4821 F
668 4776 702 4825 30
720 4771 796 4838 3333]
818 4787 932 4836 quaeque
951 4775 974 4822 F
1041 4773 1073 4823 31
1090 4774 1217 4824 intellecto
1233 4778 1313 4843 plena
1330 4784 1356 4833 F

124 4840 189 4890 adeo
204 4840 265 4889 11333
286 4842 309 4889 F
324 4843 382 4891 ideo
395 4841 436 4891 bie
455 4858 472 4904 ς
540 4843 640 4893 353311
658 4845 682 4893 in
704 4859 718 4892 3
735 4844 844 4891 admittit
862 4843 1010 4892 aduerbium
1028 4854 1087 4892 313
1105 4845 1180 4896 docto
1199 4846 1224 4895 F
