3346 5498
683 394 919 456 eounssnvvu
1384 393 1443 458 181

1258 501 1420 557 μηνὶ-Μ

150 602 232 644 nere.
277 602 335 662 qun
364 581 450 642 modo
482 582 539 641 hoc
565 590 664 661 potest
691 583 773 642 lieri?
805 585 829 642 si
853 601 960 643 nomen
984 585 1183 662 conpositum,
1214 592 1246 644 ut
1268 583 1356 653 dixit,
1385 603 1444 646 non

79 742 88 748 a
149 692 248 764 potest
270 686 413 764 conponi,
438 702 495 761 quo
518 685 606 745 modo
629 692 727 764 potest
748 687 876 763 conponi
899 685 936 744 de
959 684 1112 765 pluribus?
1145 705 1213 746 nam
1236 686 1354 767 quando
1378 687 1444 747 dico

149 787 270 856 doctus,
299 806 357 848 nna
386 805 433 846 res
462 794 520 854 cst;
550 787 668 864 quando
697 786 764 846 dico
792 786 943 854 indoctus,
974 787 1050 847 duae
1079 806 1127 847 res
1151 794 1228 848 sunt.
1274 807 1333 868 «quo
1356 786 1444 849 modo

148 908 305 969 possumus
327 890 363 948 de
386 886 522 967 pluribus
545 907 728 968 conponere,
752 890 807 948 nisi
831 891 1015 968 conpositum
1039 891 1147 950 iterum
1171 891 1390 969 conponamus?
1413 898 1446 951 nt

122 999 196 1053 sest
218 991 289 1052 illud
312 992 392 1065 quod
412 990 550 1068 legimuS,
581 989 785 1069 expugnabilis
812 990 1060 1070 inexpugnabilis.
1106 992 1172 1052 ideo
1197 992 1297 1053 videor
1321 993 1356 1052 de
1379 990 1443 1072 plu·

149 1094 232 1154 ribus
255 1095 473 1173 conposuisse,
498 1094 637 1172 quoniam
660 1095 718 1154 ianr
742 1095 928 1172 conpositum
953 1111 1060 1153 nomen
1084 1096 1236 1173 conposui.
1268 1097 1322 1154 iste
1345 1102 1443 1155 autem

150 1195 223 1255 dixit
244 1198 274 1257 in
297 1197 445 1275 principio
474 1196 593 1257 noinina
617 1197 771 1275 conposita
794 1205 854 1256 non
877 1214 963 1274 posse
987 1197 1129 1274 conponi,
1160 1198 1281 1257 etitem
1305 1196 1382 1265 dixit
1400 1205 1443 1256 ta·

149 1316 219 1358 men
246 1298 314 1357 ‘sed
344 1297 497 1358 sciendum
527 1306 571 1358 est
593 1300 680 1360 etiam
704 1298 741 1357 de
763 1297 897 1377 pluribus
919 1316 1006 1376 posse
1029 1299 1185 1376 conponi’.
1231 1300 1379 1363 contraria
1403 1300 1444 1378 ri·

150 1399 268 1461 dentur.
300 1402 447 1460 contraria
471 1408 541 1460 sunt
563 1401 681 1480 quidem
704 1399 739 1461 ad
764 1400 863 1471 verba,
885 1400 921 1460 ad
944 1401 1089 1460 rationem
1112 1418 1171 1459 non
1195 1408 1264 1460 sunt
1287 1401 1444 1462 contraria.

109 1504 227 1563 rescire
256 1504 334 1562 enim
366 1502 471 1571 debes,
501 1522 576 1581 cquae
605 1505 724 1563 nomina
752 1505 905 1582 conposita
928 1512 1010 1571 sunt,
1035 1504 1132 1563 omnia
1157 1501 1330 1563 naturaliter
1352 1501 1444 1564 semel

150 1606 302 1683 conposita
332 1613 415 1671 sunt;
447 1623 506 1665 non
536 1615 657 1683 possunt
685 1607 743 1664 iam
767 1604 892 1684 amplius
915 1606 1052 1682 conponi.
1099 1604 1150 1664 sed
1173 1605 1198 1664 si
1222 1604 1350 1666 volueris
1373 1624 1443 1667 con·
1489 1635 1492 1641 ·

149 1725 261 1786 ponere
289 1708 320 1765 in
351 1705 588 1783 similitudinem,
617 1714 744 1787 possunt
771 1710 877 1768 iterum
908 1708 1044 1785 conponi.
1091 1725 1158 1767 nam
1187 1706 1261 1768 haec
1282 1708 1345 1786 ipsa
1368 1726 1444 1788 quae

150 1811 300 1886 conposita
330 1815 399 1868 sunt
427 1809 463 1868 de
492 1807 643 1886 pluribus,
667 1811 697 1869 in
721 1809 945 1871 similitudinem
968 1815 1168 1869 revertuntur.
1214 1825 1375 1886 numquam
1398 1810 1443 1870 in·

131 1912 232 1971 venis
260 1930 368 1972 nornen
397 1912 428 1970 in
455 1913 635 1972 contrarium
666 1914 861 1990 conpositum.
908 1920 977 1991 puta
1007 1910 1090 1970 felix:
1127 1913 1178 1988 qui
1207 1921 1251 1971 est
1279 1911 1366 1972 ielixi
1394 1914 1444 1993 qui

111 2031 137 2070 15
152 2013 240 2073 habet
267 2031 440 2092 prosperam
469 2013 633 2082 lortunam;
668 2032 737 2073 ecce
765 2013 857 2074 habes
884 2013 1139 2094 significationem.
1185 2031 1320 2091 conpone
1354 2013 1443 2075 illud:

149 2217 240 2278 lucris
262 2236 446 2296 conponere,
471 2216 589 2295 regredi
612 2217 700 2278 habet
724 2218 819 2297 prima
834 2218 1010 2294 significatio
1026 2215 1193 2277 damnatam
1209 2219 1442 2297 conpositionem

149 2317 296 2392 ininielix,
327 2318 441 2379 sublata
469 2321 523 2379 ista
551 2338 599 2380 re:
629 2319 686 2380 lrno
715 2337 775 2379 non
803 2318 885 2388 licet,
909 2321 963 2379 ista
988 2320 1152 2398 conpositio
1175 2337 1234 2379 non
1258 2320 1441 2381 conceditur.

148 2430 282 2482 ceterum
305 2423 363 2481 iam
386 2422 605 2500 conpositiones
629 2421 716 2503 [iam]
741 2421 891 2501 simplices
912 2430 989 2481 sunt.
1032 2429 1102 2500 puta
1126 2420 1307 2501 pugnabilis,
1332 2438 1443 2501 expug-

110 2523 271 2584 mnabilis:
295 2522 374 2583 idem
399 2532 443 2583 est
465 2523 681 2602 expugnabilis,
705 2524 783 2603 quod
800 2531 844 2584 cst
859 2523 1042 2603 pugnabilis,
1067 2522 1135 2583 ‘ille
1159 2521 1240 2584 locus
1263 2530 1307 2584 est
1329 2541 1442 2602 pogna·

148 2625 243 2694 bilis',
272 2626 329 2685 hoc
359 2634 402 2685 est
430 2627 480 2702 qui
508 2627 600 2704 possit
622 2644 717 2704 paene
740 2625 832 2694 dirui;
861 2627 934 2685 ‘iste
957 2624 1039 2686 locus
1062 2633 1107 2685 est
1129 2624 1361 2705 expugnabilis'‚
1386 2625 1443 2687 hoc

150 2735 196 2788 est
222 2728 272 2807 qui
300 2729 395 2807 possit
421 2746 516 2806 paene
545 2728 630 2788 dirui.
675 2726 913 2807 inexpugnabilis
936 2745 995 2788 non
1018 2726 1153 2787 videatur
1174 2730 1261 2788 tertia
1285 2747 1349 2788 esse
1371 2746 1442 2789 con-

149 2831 270 2909 positio,
292 2828 297 2909 1
316 2829 367 2889 sed
391 2829 529 2889 sectanda.
574 2829 709 2891 similiter
731 2832 866 2891 territus:
891 2830 960 2907 quid
984 2837 1028 2890 est
1049 2830 1190 2890 territus?
1214 2829 1342 2891 timidus.
1374 2848 1443 2909 per-

150 2934 269 2993 territus
291 2930 360 3011 quid
385 2932 446 2992 est?
480 2929 615 2991 similiter
638 2930 768 2992 timidus.
813 2931 956 3012 numquid
984 2930 1041 2992 tale
1069 2941 1127 3001 est,
1152 2931 1442 3008 quemadmodum

110 3033 238 3095 aalelix?
273 3033 417 3112 numquid
444 3035 508 3112 ipsa
537 3035 701 3114 conpositio
731 3037 876 3094 convertit
902 3052 1025 3101 nomen,
1056 3040 1085 3093 et
1112 3052 1171 3093 non
1194 3035 1288 3112 magis
1311 3035 1441 3112 priorem

149 3137 393 3215 significationem
422 3136 563 3196 firmavit?
598 3154 668 3213 ergo
706 3135 824 3215 quando
857 3136 1000 3214 significat
1033 3138 1163 3215 priorem
1198 3136 1442 3213 significationem

150 3242 387 3306 confirmantem,
419 3238 561 3316 numquid
593 3257 752 3317 possumus
779 3237 835 3297 lroe
863 3238 963 3298 dicere
997 3256 1063 3297 cssc
1097 3240 1204 3297 iterum
1238 3239 1442 3316 conpositum?

149 3362 207 3402 non
232 3343 311 3402 enim
335 3339 449 3400 videtur
473 3343 555 3418 quasi
580 3343 664 3400 tertia
688 3338 837 3409 adhiberi,
867 3341 918 3400 sed
946 3347 1014 3418 post
1036 3341 1290 3399 confirmationem
1314 3339 1441 3399 sccrrnda

151 3452 201 3505 cst.
248 3453 277 3504 ct
298 3443 369 3503 lieet
391 3442 478 3503 nobis
501 3444 540 3502 ita
564 3461 749 3521 conponere,
774 3441 859 3502 aliter
883 3462 941 3503 non
964 3440 1040 3502 licet.

111 3653 138 3691 ω
351 3692 352 3696 ¹
690 3626 736 3672 nn
759 3624 902 3698 cnsrevs

233 3733 337 3793 Gracci
355 3751 440 3792 casus
456 3731 567 3792 liabent
582 3732 713 3812 quinque
737 3741 864 3800 tanturn,
890 3732 1102 3792 nominativum
1126 3732 1294 3808 genetivum
1312 3730 1441 3791 dativum

149 3836 344 3895 accusativum
370 3842 398 3893 ct
420 3835 593 3894 vocativum.
630 3834 740 3894 idcirco
763 3834 921 3895 ablativum
944 3832 1079 3913 plerique
1103 3833 1180 3893 narie
1204 3831 1367 3912 appellant:
1391 3831 1441 3893 alii

150 3938 229 3998 illum
260 3938 363 3996 dicunt
390 3944 503 3996 sextum
531 3957 547 3996 a
576 3956 714 4005 numero,
745 3936 793 3996 alii
823 3935 904 3996 illum
933 3936 1055 3996 latinum
1087 3944 1190 3995 vocant
1220 3937 1257 3994 od
1286 3955 1338 4003 eo,
1362 3933 1441 4014 qnod

150 4042 254 4101 Graeci
278 4038 358 4098 illnm
383 4056 442 4097 non
466 4037 609 4107 habeant,
634 4038 686 4099 scd
708 4038 846 4118 specialis
870 4045 915 4099 est
936 4037 1098 4108 latinitatis.

113 4164 137 4203 aa
232 4139 322 4202 Plane
351 4141 514 4217 quaesitum
544 4148 600 4210 est,
632 4148 729 4201 utrum
759 4141 955 4201 nominativus
983 4159 1070 4201 casus
1098 4149 1185 4201 esset.
1232 4148 1261 4200 et
1289 4142 1314 4201 si
1338 4159 1440 4201 verum
1452 4156 1512 4218 433,
1527 4157 1557 4204 12

216 4397 232 4447 3
254 4397 380 4459 quomodo
406 4407 512 4462 possunt
532 4396 613 4447 ABG
681 4397 783 4460 5quod
802 4413 846 4446 orn.
869 4396 954 4446 ABG
1023 4397 1203 4464 expugnabilis
1229 4398 1288 4447 ideo
1308 4395 1383 4446 uideo
1402 4397 1440 4445 iu·

148 4467 328 4533 expugnabilia
348 4469 404 4517 ideo
423 4468 535 4516 nideoA
609 4465 708 4533 videor]
721 4468 795 4518 uideo
810 4468 861 4518 BC
929 4464 1009 4517 Saed
1027 4482 1072 4516 onr.
1092 4470 1130 4530 A,
1147 4469 1209 4519 add.
1227 4484 1243 4517 o
1314 4468 1389 4515 etiam
1408 4467 1440 4516 de

148 4538 262 4603 plurimis
282 4539 306 4586 Α
360 4539 391 4587 ii
410 4538 434 4585 in
454 4538 604 4587 contrarium
625 4538 774 4604 positumG
827 4538 858 4587 15
877 4535 966 4603 habes]
988 4537 1165 4589 habetABG
1235 4538 1266 4587 17
1286 4537 1439 4602 significatio

149 4611 173 4657 in
196 4609 340 4657 damnatam
360 4609 387 4659 0.
407 4608 521 4664 sortasse
538 4608 640 4656 damnat
654 4611 728 4658 iatam
747 4608 956 4674 compositionem
1010 4605 1043 4656 20
1062 4609 1128 4658 idem
1147 4618 1185 4658 est
1206 4607 1273 4669 quod
1294 4606 1440 4671 pugnabilis

149 4689 172 4728 et
190 4678 371 4744 expugnabilis
391 4678 456 4725 idcnr
475 4688 513 4726 est
532 4677 573 4726 ille
590 4678 628 4727 Cb
648 4679 714 4728 idom
732 4678 853 4742 estquod
870 4678 1016 4743 pugnabilis
1033 4687 1057 4726 et
1074 4678 1255 4745 expugnabilis
1273 4677 1315 4725 ille
1328 4676 1353 4726 B
1371 4675 1437 4724 idem

149 4758 186 4798 eat
207 4749 249 4797 ille
267 4749 310 4798 A:
335 4748 402 4811 quod
423 4748 571 4814 pugnabilis
588 4757 614 4796 et
634 4750 813 4815 expugnabilis
831 4748 898 4796 idem
916 4756 953 4796 est
972 4751 997 4797 in
1016 4764 1093 4813 marg.
1111 4766 1127 4798 o
1197 4749 1229 4797 24
1250 4747 1371 4808 numquid
1389 4746 1438 4794 tale

150 4829 187 4868 est
206 4819 419 4883 quemadmodum
442 4818 504 4867 iotix
524 4834 569 4866 nm.
585 4816 619 4881 Α,
636 4820 698 4870 odd.
717 4838 733 4871 a
786 4819 820 4869 28
837 4817 958 4868 adhibere
977 4818 999 4866 Α
1052 4817 1086 4870 32
1105 4819 1220 4884 plerique
1239 4815 1312 4866 Boo
1327 4817 1437 4883 plerum-

150 4890 241 4953 queA
313 4888 606 4940 33uocuntcoABG
