3346 5498
348 382 390 448 22
906 378 1080 443 ctuuorut

374 490 534 548 procur

349 573 467 653 quando
489 572 603 632 dativus
625 587 711 631 casus
732 567 889 649 singularis
911 570 921 628 i
943 566 1040 629 littera
1064 569 1247 637 terminatur,
1271 577 1303 628 ut
1316 570 1394 642 agili
1415 565 1543 645 agiliter;
1568 571 1638 626 tunc

349 678 379 737 in
403 694 419 736 e
438 670 560 744 exeunt,
576 672 694 752 quando
717 671 830 733 dativus
852 690 937 733 casus
959 668 1116 749 singularis
1139 689 1157 731 o
1179 669 1275 730 littera
1292 672 1485 740 terminatur,
1501 678 1534 728 ut
1549 667 1637 728 docto

349 777 444 838 docte.
476 810 519 819 —
551 774 677 836 Nomina
709 776 859 834 civitatum
892 772 1068 852 aliquotiens
1102 790 1155 850 pro
1188 773 1401 849 significatione
1429 769 1638 832 adverbiorum

349 886 516 959 ponuntur,
541 887 651 937 etcum
668 874 704 935 ad
726 874 824 936 locum
844 878 848 950 Ι
867 876 1046 952 significant,
1063 875 1219 936 accusativi
1235 876 1369 953 'speciem
1386 880 1497 944 tenent,
1521 880 1639 951 utputa

350 982 473 1042 Romam
495 995 601 1059 pergo;
624 996 692 1038 cum
715 975 853 1046 deloco,
877 976 1009 1046 ablativi,
1033 985 1065 1037 ut
1082 984 1150 1056 puta
1173 977 1265 1037 Roma
1288 978 1391 1051 renim
1418 995 1485 1036 cum
1508 977 1540 1036 iu
1563 974 1666 1045 locor

350 1081 506 1161 aliquando
535 1082 677 1159 genetivi,
706 1078 862 1158 aliquando
891 1078 993 1147 dativi,
1029 1086 1099 1139 tuuc
1126 1079 1269 1156 genetivi,
1298 1077 1415 1157 quando
1445 1079 1641 1139 nominativus

351 1181 396 1244 vel
411 1201 462 1244 um
480 1181 525 1243 vel
540 1202 576 1244 us
590 1182 680 1241 luerit
694 1183 879 1250 terminatus,
895 1189 928 1241 ut
946 1189 1015 1260 puta
1031 1179 1116 1241 llium
1131 1179 1313 1242 Antandrum
1328 1179 1519 1249 Adrumctus;
1537 1178 1640 1239 adver-

350 1286 433 1347 bium
448 1287 479 1345 in
495 1283 560 1345 loco
582 1284 652 1344 lacit
666 1283 713 1345 llii
728 1284 883 1344 Antandro·
895 1282 1056 1344 adrumeti.
1089 1301 1157 1344 cum
1173 1291 1269 1343 autem
1287 1284 1484 1343 nominativus
1506 1280 1571 1342 aliis
1593 1300 1641 1341 re-

351 1385 427 1465 gulis
448 1388 538 1447 luerit
560 1387 749 1452 terminatus,
779 1384 942 1446 secundum
971 1385 1097 1446 dativum
1121 1383 1191 1444 lacit
1213 1382 1398 1449 adverbium,
1423 1391 1455 1445 ut
1477 1392 1547 1463 puta
1570 1384 1641 1444 (Iar-

351 1489 441 1566 thago
457 1486 562 1548 Tibur:
586 1486 756 1549 adverbium
779 1486 836 1547 loci
858 1487 888 1548 in
911 1486 977 1547 loco
1001 1487 1056 1546 erit
1079 1485 1265 1564 ‘Carthagini
1287 1492 1381 1555 sum’,
1407 1484 1528 1546 ‘Tiburi
1551 1490 1667 1546 sum'.1

351 1590 388 1651 ab
410 1589 458 1650 bis
479 1587 590 1666 regulis
611 1607 703 1668 pauca
727 1590 900 1650 auctoritate
922 1597 1061 1667 usurpata
1084 1595 1165 1658 sunt,
1190 1596 1221 1647 ut
1243 1587 1401 1650 ‘Narbone
1417 1588 1475 1648 lui'
1498 1608 1553 1668 pro
1569 1588 1643 1649 Nar-

352 1691 438 1759 boni;
462 1690 619 1752 ablativum
642 1693 742 1770 posuit
756 1710 811 1770 pro
826 1691 938 1751 dativo:
962 1689 1116 1751 Sallustius
1138 1688 1327 1751 ‘Narbone
1351 1709 1415 1769 per
1437 1689 1642 1751 concilium

353 1792 570 1862 Gallorum’,
594 1791 698 1854 Cicero
719 1794 750 1853 in
773 1791 944 1872 Philippicis
972 1797 1068 1852 ‘curn
1091 1798 1127 1852 tu
1150 1791 1319 1854 Narbone
1341 1810 1485 1853 mensas
1518 1791 1644 1870 bospi-

293 1967 294 1971 ,
352 1904 428 1956 tum
451 1897 721 1956 convomeres’.
751 1929 789 1939 -
824 1894 932 1955 Contra
958 1897 963 1970 Ι
987 1893 1064 1954 hanc
1086 1894 1219 1972 regulam
1242 1896 1433 1955 inveniuntur
1455 1912 1522 1954 rare
1544 1901 1643 1953 aucto-

353 2000 455 2059 ritates
482 2003 655 2075 usurpatae,
686 2005 717 2057 ut
745 1996 837 2057 durus
864 1996 990 2064 duriter,
1021 1997 1198 2057 inhumanus
1226 1996 1435 2057 inhumaniter.
1480 1998 1552 2056 item
1575 2004 1646 2057 suut

353 2099 424 2168 alia,
447 2117 523 2178 quae
546 2117 563 2159 o
585 2097 714 2159 litteram
736 2100 767 2159 in
790 2117 823 2159 er
845 2106 1035 2167 convertunt,
1058 2105 1090 2158 ut
1105 2097 1232 2159 violento
1255 2097 1406 2160 violenter.
1438 2099 1508 2159 item
1531 2116 1566 2158 ex
1590 2098 1645 2160 bac

354 2202 449 2262 lorma
472 2207 542 2262 sunt
563 2201 699 2269 uomina,
723 2217 798 2279 quae
820 2218 838 2260 o
860 2199 987 2261 litteram
1010 2201 1041 2261 iu
1064 2201 1074 2260 i
1095 2208 1286 2268 convertunt,
1310 2209 1339 2260 et
1361 2208 1410 2260 tus
1432 2197 1574 2280 syllabam
1597 2219 1645 2261 ac-

355 2304 482 2383 cipiunt,
507 2309 539 2362 ut
560 2301 658 2362 divino
681 2301 832 2371 divinitus,
856 2300 937 2363 caelo
960 2301 1092 2362 caelitus.
1124 2309 1193 2362 sunt
1215 2300 1279 2369 alia.
1303 2320 1379 2380 quae
1403 2299 1552 2382 [genera],
1575 2302 1645 2364 dum

355 2405 485 2466 dativum
506 2406 537 2464 in
560 2421 577 2464 o
601 2421 661 2463 non
682 2405 813 2472 mittant,
838 2404 946 2463 variata
969 2402 1106 2463 adverbia
1128 2404 1157 2462 in
1187 2411 1233 2463 tus
1256 2404 1386 2472 mittant,
1417 2412 1446 2465 et
1466 2403 1524 2464 hoc
1551 2422 1646 2483 paene

356 2505 392 2567 ab
426 2504 563 2567 omuibus
596 2487 756 2583 generibus
790 2504 930 2567 decurrit.
974 2524 1043 2567 nam
1074 2505 1158 2565 radix
1194 2505 1263 2564 lacit
1289 2504 1432 2567 radicitus
1460 2514 1489 2567 et
1517 2505 1667 2566 dativum

355 2609 447 2669 mittit
467 2609 498 2668 in
520 2608 538 2666 i.
585 2605 639 2667 alia
664 2625 738 2688 quae
761 2609 904 2686 originem
927 2626 987 2668 non
1009 2607 1135 2677 habent,
1164 2615 1195 2668 ut
1217 2609 1342 2686 penitus.
1389 2615 1456 2669 riam
1478 2608 1648 2670 medullitus

356 2729 372 2771 a
394 2710 538 2771 feminino
565 2727 675 2787 genere
704 2708 875 2771 adverbium
903 2710 987 2780 lacit,
1012 2710 1090 2790 qood
1113 2717 1157 2770 est
1178 2711 1292 2789 primae
1315 2709 1529 2771 declinationis.
1575 2729 1646 2791 ergo

341 2810 459 2890 «regula
491 2809 598 2872 horum
632 2811 785 2871 nominum
813 2813 864 2892 qui
893 2820 999 2873 exeunt
1026 2813 1056 2872 in
1086 2810 1224 2873 adverbia
1251 2814 1282 2872 iu
1310 2832 1345 2873 us
1374 2810 1508 2894 vaffidunt.
1554 2831 1646 2892 pauca

356 2932 431 2994 quac
453 2914 612 2974 auctoritas
635 2912 792 2992 adprobat,
816 2921 847 2974 ut
869 2913 996 2975 medulla
1018 2913 1205 2983 medullitus,
1231 2915 1236 2992 l
1262 2923 1291 2974 et
1313 2934 1329 2974 a
1351 2914 1478 2975 secunda
1502 2913 1647 2984 similiter,

356 3022 390 3076 ut
411 3013 524 3078 caelum
554 3013 689 3085 caelitus,
719 3024 748 3076 et
770 3034 786 3076 a
808 3017 895 3076 tertia
917 3014 1067 3085 similiter.
1091 3024 1123 3075 ut
1144 3015 1229 3076 radix
1251 3015 1403 3078 radicitus.
1449 3024 1594 3096 aquaria
1618 3024 1648 3077 et
1665 3046 1673 3069 a

357 3117 458 3197 quinta
482 3114 679 3179 declinatione
701 3134 845 3196 nusquam
868 3116 977 3179 lectum
1002 3118 1147 3197 estquod
1170 3118 1307 3179 adverbia
1330 3120 1360 3178 in
1383 3138 1418 3179 us
1440 3120 1567 3179 mittunt.

861 3287 909 3349 DE
931 3286 1143 3350 Panrlclrto

440 3422 630 3501 Participium
658 3422 784 3494 dictum,
814 3424 892 3504 quod
920 3433 1035 3504 partem
1063 3424 1120 3485 sibi
1154 3424 1250 3495 verbi,
1285 3431 1401 3504 partem
1432 3425 1489 3488 sibi
1522 3427 1649 3488 nominis

358 3524 448 3586 tollat.
493 3543 561 3586 nam
590 3545 606 3585 a
635 3527 754 3587 nomine
783 3524 859 3587 tollit
886 3545 971 3588 casus
999 3535 1028 3588 et
1055 3545 1178 3606 genera,
1210 3547 1227 3587 a
1250 3526 1341 3588 verbo
1368 3530 1598 3607 significationes
1620 3539 1650 3590 et

358 3636 507 3705 tempora.
538 3625 576 3686 ab
597 3628 729 3706 utrisque
756 3627 891 3706 partibus
920 3646 1076 3690 numerum
1100 3637 1130 3690 et
1151 3631 1285 3709 liguram.
1332 3629 1466 3691 similiter
1489 3649 1598 3692 nomen
1621 3639 1669 3692 et

358 3727 546 3807 participium
568 3726 642 3788 haec
663 3747 712 3788 res
734 3728 889 3789 discernit:
914 3730 991 3808 qood
1015 3732 1039 3792 si
1061 3733 1197 3809 genetivo
1218 3733 1316 3801 servit,
1340 3751 1449 3793 nomeu
1471 3742 1531 3803 est;
1554 3735 1579 3793 si
1601 3752 1649 3795 ac·

360 3830 507 3898 cusatiro‚
530 3829 728 3908 participium.
760 3830 909 3909 ‘prudens
925 3840 969 3892 est
983 3830 1063 3893 illius
1078 3835 1152 3923 rei’3
1174 3833 1321 3913 ‘prudens
1336 3835 1432 3895 estad
1454 3834 1533 3896 illam
1556 3840 1648 3906 rem'‚

429 4033 489 4088 coc.
508 4034 588 4084 Bern.
608 4035 642 4083 Ill
662 4031 766 4087 6-7*.
839 4035 936 4100 legili
954 4052 1000 4088 om.
1066 4037 1196 4086 incoxit
1266 4038 1426 4088 bablatiuus
1494 4041 1650 4108 dgsuetiuo

428 4103 545 4170 genetibo
614 4104 726 4154 iillimn
745 4109 824 4162 (corr.
844 4102 928 4170 ilium)
946 4105 1080 4156 atandrum
1151 4107 1306 4158 8aduerbio
1364 4109 1401 4159 illi
1420 4109 1562 4161 adiumenti
1579 4126 1649 4164 corr.

360 4174 406 4222 -eti
477 4173 510 4224 10
525 4172 672 4240 carthogcni
743 4175 773 4228 ll
793 4191 839 4242 pro
856 4175 965 4226 nosboui
1036 4176 1068 4228 13
1083 4177 1200 4243 filippicia
1271 4178 1304 4228 14
1322 4195 1493 4230 comuomeres
1565 4183 1597 4233 15
1611 4190 1651 4231 ut·

360 4256 479 4309 surpotee
493 4252 520 4292 ut
591 4244 623 4296 16
642 4259 705 4307 quae
726 4259 740 4294 o
758 4246 784 4295 in
807 4262 835 4295 er
853 4246 960 4296 litteram
979 4256 1137 4297 compertum
1153 4249 1230 4310 (corr.
1250 4251 1284 4300 ol.
1301 4266 1364 4303 naon.
1383 4249 1546 4316 conuertunt)
1619 4252 1651 4302 17

361 4314 459 4380 syllaba
529 4311 561 4364 18
580 4329 670 4380 gerere
689 4329 759 4365 corr.
779 4318 816 4366 ol.
834 4331 898 4365 man.
915 4331 1010 4382 genera
1081 4316 1113 4368 19
1131 4316 1222 4384 paene]
1243 4327 1300 4368 tene
1370 4323 1403 4372 25
1424 4321 1545 4372 radicitus
1563 4332 1653 4385 quarta

431 4382 465 4434 ²9
484 4381 569 4449 casus]
590 4385 630 4434 eui
700 4385 885 4437 aomanorum
955 4386 987 4438 al
1004 4387 1129 4438 descernit
1147 4404 1215 4438 corr.
1231 4388 1352 4457 discernit

432 4575 464 4625 12
481 4571 598 4625 Sallustii
612 4574 689 4624 verbo
706 4576 886 4626 adserendum
900 4576 987 4626 librum
999 4576 1160 4628 historiarum
1178 4581 1264 4628 retulit
1273 4578 1387 4629 Kritziuc
1402 4579 1465 4634 Soli.
1480 4581 1540 4634 bist.
1555 4581 1650 4646 fragm.

360 4661 387 4707 p.
409 4643 459 4694 1:30
528 4645 561 4696 13
578 4645 603 4693 in
622 4643 784 4711 Philippicis]
808 4647 829 4694 ll
848 4646 899 4710 39,
919 4648 951 4697 15
1023 4648 1055 4699 19
1074 4663 1154 4711 poene
1172 4649 1305 4699 Putsedics
1374 4651 1652 4704 22seutentiooevbo-

362 4731 415 4763 rum
431 4719 458 4766 in
475 4713 538 4764 dunc
553 4715 612 4778 sere
629 4716 724 4766 modum
737 4719 835 4766 restitui
848 4720 936 4779 possit,
955 4732 1016 4782 ergo
1029 4717 1118 4783 regula
1134 4719 1224 4768 horum
1238 4721 1375 4781 nominum,
1390 4736 1454 4783 quae
1474 4723 1497 4771 io
1518 4730 1652 4780 sexeum,

363 4784 484 4834 adverbia
508 4786 533 4834 in
555 4795 596 4834 tus
616 4784 682 4839 lecit.
719 4800 800 4852 pauco
819 4802 883 4849 quse
901 4788 927 4836 iu
945 4796 985 4837 tus
1005 4787 1100 4836 vadunt
1118 4791 1252 4838 auctoritas
1270 4791 1393 4854 adprobat
1481 4793 1543 4841 25o
1562 4799 1653 4856 quarta

364 4853 497 4907 Purseltius
566 4852 724 4918 difortarae
740 4857 880 4921 providens
899 4865 937 4907 est
955 4857 1024 4908 illiue
1042 4860 1080 4908 rei
1099 4860 1236 4923 providens
1255 4870 1293 4909 est
1311 4860 1380 4909 illum
1399 4876 1451 4909 rem
