3346 5498
715 417 788 492 ms
985 490 990 509 ,
1356 416 1393 493 ll

859 534 861 540 ’
1196 537 1368 590 pateo-711¹.

91 620 206 691 inerit,
231 637 397 701 pronomen
421 618 491 688 erit;
516 620 541 678 si
563 627 681 699 tempus
703 617 814 687 solum,
831 612 844 700 11
859 618 1046 697 participium
1070 619 1135 678 erit
1181 635 1252 697 ergo
1274 626 1463 697 tempestae,
1476 629 1505 677 11

92 734 124 784 et
156 742 290 804 persona
312 720 448 803 Lverbum
482 721 600 782 iaciunt.
637 754 675 764 -—
709 719 941 781 Inchoativa:
974 718 1158 780 inchoativae
1186 720 1299 781 iormae
1321 719 1396 781 haec

92 826 210 886 debent
232 842 413 902 congruere,
444 831 477 883 ut
499 824 610 883 oriatur
633 841 648 882 a
672 819 797 882 neutrali
820 821 925 891 verbo,
957 829 989 880 ut
1010 822 1040 880 in
1063 839 1113 882 sco
1137 820 1278 901 syllabam
1302 830 1394 892 exeat,
1446 816 1448 820 ⁴

92 936 129 988 ut
152 928 261 987 tertiae
283 927 322 986 sit
343 926 559 1004 coniugationis
582 941 714 1003 semper,
745 931 777 983 ut
799 931 899 983 careat
921 931 1055 1001 tempore
1077 924 1208 1002 perlecto
1234 920 1239 1006 Ι
1264 932 1293 984 et
1314 922 1395 1002 plns·

66 1030 324 1108 aquamperiecto
354 1037 383 1088 et
409 1028 566 1107 participio
594 1026 685 1086 iuturi
716 1025 873 1104 temporis:
907 1022 1023 1084 calesco
1048 1027 1214 1103 praesentis
1241 1028 1394 1104 temporis,

95 1130 283 1191 calescebam
306 1129 482 1205 inperfecti,
511 1128 655 1189 calescam
677 1126 779 1186 futuri.
807 1160 851 1171 -
879 1126 1175 1204 Coniugationes
1197 1126 1393 1188 verborum
1410 1139 1440 1187 te

96 1242 189 1312 quot
212 1233 332 1294 sunti:
356 1229 439 1289 multi
455 1228 558 1290 volunt
578 1236 641 1290 tres
663 1229 885 1306 coniugationes
908 1246 987 1297 esse,
1011 1227 1094 1289 multi
1117 1237 1265 1309 quattuor.
1295 1237 1395 1290 tamen

95 1334 234 1412 singulae
265 1332 342 1394 hano
368 1332 482 1392 habent
508 1330 651 1406 regulam.
696 1331 792 1409 prima
819 1330 987 1406 coniugatio
1015 1348 1031 1389 a
1058 1329 1231 1409 productam
1254 1329 1343 1392 babet
1364 1334 1394 1391 in

97 1438 195 1498 activo
216 1433 310 1495 verbo
332 1442 362 1494 et
384 1430 510 1494 neutrali
532 1434 562 1493 in
586 1430 716 1492 secunda
739 1449 866 1510 persona
889 1440 957 1492 ante
972 1429 1117 1500 litteram,
1132 1433 1162 1492 in
1185 1434 1300 1512 passivo
1315 1452 1395 1494 com-

60 1556 85 1593 ιι
99 1539 183 1598 muni
207 1544 238 1598 et
260 1535 421 1615 deponenti
436 1543 505 1596 ante
519 1532 675 1613 syllabam,
699 1539 732 1592 ut
746 1531 833 1593 laudo
848 1531 959 1601 landas,
975 1530 1080 1593 laudor
1094 1532 1234 1594 laudaris
1264 1535 1395 1595 secunda

97 1648 144 1699 est
173 1657 249 1718 quae
283 1640 313 1697 in
341 1638 436 1696 activo
463 1635 555 1697 verbo
583 1641 613 1694 et
639 1632 767 1694 neutrali
800 1653 816 1694 e
848 1633 1022 1713 productam
1049 1633 1139 1696 babet
1171 1644 1239 1697 ante
1272 1638 1395 1698 novissi·

100 1759 179 1800 mam
201 1739 341 1813 litteram,
366 1740 482 1819 passivo
505 1738 655 1797 communi
678 1735 838 1814 deponenti
860 1744 928 1797 ante
950 1735 1102 1815 syllabam,
1125 1745 1159 1797 ut
1181 1737 1274 1798 doceo
1296 1739 1394 1808 doces,

98 1842 213 1902 doceor
235 1841 363 1901 doceris.
409 1840 495 1900 tertia
518 1845 563 1898 est
585 1855 661 1918 quae
683 1840 714 1897 in
737 1839 831 1898 activo
853 1837 945 1897 verbo
969 1848 998 1898 et
1026 1837 1153 1899 neutrali
1176 1840 1305 1900 secunda
1327 1859 1394 1920 per·

97 1962 169 2004 sona
193 1945 203 2002 i
225 1949 395 2021 correptam
417 1939 508 2008 hahet
529 1947 598 2000 ante
619 1937 762 2008 litteram,
793 1948 825 1999 ut
846 1938 944 2000 scribo
967 1937 1082 1999 scribis.
1128 1949 1230 2018 quarta
1253 1949 1298 2002 est
1319 1961 1394 2021 quae

62 2047 129 2104 nin
159 2045 256 2103 activo
285 2042 376 2103 verbo
405 2049 436 2102 et
463 2040 589 2102 neutrali
617 2040 745 2101 secunda
774 2059 900 2119 persona
929 2048 998 2102 ante
1026 2040 1154 2103 litteram
1182 2045 1192 2101 i
1220 2043 1393 2122 productam

98 2146 205 2214 babet,
224 2141 231 2227 1
250 2146 280 2205 in
304 2146 420 2224 passivo
442 2151 510 2203 aute
533 2141 690 2222 syllabam,
714 2150 747 2202 ut
768 2142 855 2202 audio
872 2141 968 2212 audis,
992 2142 1097 2203 audior
1112 2142 1233 2205 audiris,
1272 2152 1301 2205 et
1323 2163 1394 2205 sane

98 2247 263 2307 notandum
286 2245 363 2324 quod
387 2247 482 2323 prima
506 2243 635 2304 secunda
659 2251 689 2304 et
710 2251 811 2322 quarta
835 2246 1001 2321 coniugatio
1023 2244 1185 2324 productae
1207 2255 1285 2316 sunt,
1308 2250 1394 2307 tertia

97 2349 161 2409 sola
184 2355 332 2426 correpta.
360 2382 397 2389 —
422 2347 548 2406 Octavus
570 2345 675 2405 modus
698 2344 817 2422 quidem
840 2345 948 2406 dicitur
970 2349 1157 2407 concessivus
1175 2347 1232 2408 boc
1248 2347 1393 2428 exemplo,

98 2458 131 2510 ut
154 2451 218 2510 ‘iac
233 2451 318 2528 quasi
334 2448 444 2513 dixeris
453 2453 472 2519 ’‚
496 2447 574 2526 qnod
598 2447 797 2527 conpendiosa
820 2446 930 2508 locutio
947 2450 1066 2509 invenit.
1083 2483 1127 2493 —
1140 2449 1392 2520 ludicativus,

60 2555 163 2631 noui
187 2559 222 2611 et
244 2550 567 2630 pronuntiativus:
591 2551 670 2609 inter
692 2550 899 2628 promissivum
923 2557 953 2610 et
974 2549 1165 2610 indicativum
1187 2551 1244 2612 hoc
1259 2554 1391 2613 interest.

99 2654 301 2734 promittimus
324 2659 438 2712 tantum
462 2652 574 2719 lutura,
599 2648 764 2710 indicamus
786 2652 922 2712 omnibus
944 2651 1138 2731 temporibus,
1183 2653 1272 2714 verba
1293 2656 1394 2734 inper-

99 2755 213 2817 sonalia
241 2762 366 2815 currunt
392 2772 446 2833 per
473 2753 592 2821 modos,
620 2750 743 2829 legitur,
771 2751 941 2830 legebatur,
965 2753 1073 2815 lectum
1098 2763 1156 2823 est,
1187 2755 1392 2839 lectumperat,

98 2857 208 2917 lectum
236 2857 348 2924 luerat,
378 2853 509 2932 legetur;
537 2855 711 2933 imperativo
740 2852 828 2914 modo
859 2854 989 2932 legatur,
1019 2859 1147 2935 optativo
1169 2856 1258 2917 modo
1280 2860 1392 2919 utinam

98 2959 265 3037 legeretur,
295 2959 407 3018 utinam
436 2956 545 3016 lectum
574 2962 673 3024 esset,
704 2957 815 3016 utinam
843 2955 950 3018 lectum
979 2959 1097 3029 luisset,
1128 2960 1240 3020 utinam
1267 2959 1391 3039 legatur.
1455 2947 1458 2952 ’

60 3081 86 3120 z
99 3063 140 3121 ita
163 3061 258 3120 currit
280 3077 335 3138 per
357 3058 462 3118 modos
484 3056 641 3118 declinatio
665 3059 755 3117 totius
777 3057 874 3118 verbi:
899 3078 958 3119 non
974 3068 1043 3121 sunt
1060 3060 1148 3121 modi.
1178 3062 1303 3138 gemndi
1324 3079 1393 3120 vero

97 3164 166 3224 ideo
190 3162 270 3222 modi
292 3178 352 3221 non
375 3169 452 3229 sunt,
479 3162 546 3237 quia
569 3160 706 3220 videntur
728 3162 811 3236 quasi
835 3162 1078 3237 significationem
1101 3161 1212 3223 bebere
1233 3165 1390 3241 participii.

99 3283 168 3324 narn
191 3262 310 3342 quando
333 3261 398 3321 dico
419 3260 423 3343 Ι
442 3261 576 3338 legendi,
599 3263 754 3340 genetivus
777 3261 892 3322 videtur
915 3281 980 3322 esse
1002 3259 1015 3344 11
1036 3264 1183 3341 participii
1204 3265 1296 3325 luituri
1317 3273 1391 3325 tem·

98 3368 182 3446 poris
212 3385 228 3426 a
258 3365 389 3443 passivo,
421 3381 597 3443 quamquem
625 3364 680 3425 alia
708 3364 896 3441 significatio,
926 3362 1053 3441 legendo
1075 3364 1201 3433 dativus,
1233 3364 1391 3443 legendum

99 3468 296 3527 accusativus.
327 3464 435 3526 lectum
458 3483 529 3526 vero
552 3468 634 3545 quusi
656 3467 840 3526 accusativus
862 3471 908 3523 est
929 3467 1081 3544 praeteriti
1104 3468 1248 3544 temporis
1271 3469 1390 3545 partici-

60 3592 85 3628 ιιι
99 3571 151 3648 pii.
178 3565 290 3652 [quasi:
314 3567 452 3629 videntur
475 3567 578 3628 eadem
602 3585 682 3636 esse,
706 3586 772 3626 cum
795 3585 854 3626 non
877 3560 958 3649 sint]

186 3670 309 3730 Formae
342 3672 381 3730 ita
411 3668 521 3730 debent
548 3669 693 3739 ordinari,
729 3677 761 3729 ut
788 3671 884 3747 prima
911 3669 949 3728 sit
977 3668 1158 3738 meditativa,
1188 3669 1317 3731 secunda
1346 3672 1509 3749 iu·359,10

103 3770 249 3842 choativa,
272 3773 357 3832 tertia
380 3771 527 3851 perlecta,
551 3780 655 3850 quarta
677 3771 906 3849 frequentativa,
929 3769 996 3830 ideo
1012 3772 1078 3849 quia
1101 3789 1223 3832 necesse
1246 3781 1289 3833 est
1311 3775 1393 3853 prius

103 3878 138 3931 ut
167 3871 354 3941 meditemur,
385 3872 509 3942 deinde,
543 3891 610 3934 cum
637 3871 770 3932 meditati
800 3874 960 3940 fuerimus,
995 3880 1027 3931 nt
1053 3873 1242 3944 inchoemus
1275 3874 1390 3945 deinde,

102 3992 173 4033 cum
194 3973 442 4043 inchoaverimus,
467 3983 500 4034 ut
521 3975 722 4053 perficiamus,
746 3972 868 4044 deinde,
892 3992 960 4034 cum
983 3975 1182 4044 effecerimus,
1206 3976 1391 4054 etfrequen-

58 4101 85 4139 ιι
101 4085 208 4136 temne.
251 4078 306 4138 iste
330 4077 451 4136 confuse
473 4075 537 4137 illas
558 4078 667 4155 posuit.
705 4076 870 4137 meditativa
893 4077 987 4136 torma
1009 4095 1069 4136 non
1092 4076 1203 4154 aliquid
1226 4096 1280 4137 nos
1303 4096 1392 4156 agere

172 4280 328 4332 Coccei-n.
349 4283 370 4330 ll
393 4276 497 4331 6—7*.
569 4278 691 4347 licerit]
721 4280 787 4330 derit
862 4278 1009 4331 doriantur
1078 4280 1205 4346 syllanum
1230 4289 1324 4330 exeunt
1407 4303 1421 4321 ν

97 4353 188 4403 dsint
273 4353 289 4401 5
304 4352 431 4416 praesenti
445 4352 568 4415 temporis
655 4350 826 4416 dioperiecti
845 4366 891 4403 om.
978 4350 1081 4415 iquod
1105 4360 1163 4400 sunt
1250 4349 1388 4417 Shabenv]

97 4422 176 4471 lubet
245 4420 397 4486 eproducta
466 4421 526 4472 llet
544 4422 656 4471 neutrale
725 4430 783 4469 ente
798 4419 882 4469 littere
953 4421 985 4471 10
1001 4429 1059 4469 ente
1077 4421 1176 4485 syllano
1249 4423 1277 4472 ll
1299 4438 1312 4470 e
1331 4436 1388 4485 pro·

97 4494 175 4541 ducta
248 4489 280 4539 ta
297 4491 450 4554 tertiaequue
468 4492 494 4540 in
513 4492 596 4540 actius
667 4490 698 4540 15
716 4490 976 4554 secundupersonom
1030 4491 1182 4556 iproducte
1255 4490 1285 4540 19
1303 4487 1386 4554 quasi]

98 4563 159 4625 quia
231 4561 265 4610 20
282 4561 326 4623 qni
345 4570 383 4609 est
398 4561 601 4626 pronuntiantibus
671 4559 705 4609 23
724 4557 833 4626 legetur]
857 4559 984 4625 legeretur
1054 4562 1089 4611 26
1106 4559 1189 4627 quasi]
1213 4561 1319 4625 quiiam

97 4630 224 4694 28qnam
242 4632 293 4679 alio
362 4630 394 4681 at
413 4632 505 4680 utrisne
572 4630 606 4682 35
625 4630 825 4680 istneeoniosce
894 4629 985 4693 eliquit

168 4856 201 4907 19
219 4855 373 4903 indicativus
385 4855 427 4917 qui
441 4863 466 4903 et
478 4854 683 4919 pronuntiativus
696 4855 811 4913 Donatus
823 4869 852 4917 p.
873 4851 934 4912 381,
955 4853 987 4903 18
1056 4854 1088 4903 21
1108 4861 1203 4902 tantum
1222 4850 1308 4902 tuturo
1326 4853 1388 4903 Put-

97 4926 180 4975 cciu'ns
251 4924 287 4974 26
305 4921 390 4989 quasi]
412 4925 539 4989 quendam
555 4924 689 4976 Putacdim
750 4920 792 4973 34
809 4921 993 4987 perfecerimus
1008 4921 1141 4974 Pteme:

149 5013 330 5058 aasumensi
344 5014 435 5056 mmm
448 5014 476 5058 v.
1167 5005 1189 5071 2
