3346 5498
271 356 333 421 328
626 356 823 421 EXOERPTA
845 359 895 420 ux
918 359 1033 421 cultu.
1056 359 1095 422 nt
1117 358 1203 421 DON.

272 548 486 626 compositione
513 545 637 626 prolata,
683 545 761 606 unde
790 546 885 607 dictus
919 554 963 607 est
995 545 1205 608 soloecismus?
1238 565 1254 607 a
1282 545 1410 615 civibus,
1444 547 1495 624 qui
1522 565 1560 608 ex

271 647 346 710 urbe
368 647 470 719 Soloe,
498 666 574 728 quae
603 666 683 708 nunc
704 646 923 728 Pompeiopolis
951 647 1073 719 dicitur,
1103 648 1331 710 Atheniensibus
1358 648 1467 709 auxilio
1489 668 1560 728 pro·

271 749 355 819 lecti,
380 769 445 810 cum
469 750 546 830 apud
570 769 621 810 eos
644 758 862 811 commorantes
877 767 960 810 suam
977 759 1006 811 ct
1022 749 1139 811 illorum
1155 750 1285 829 linguam
1308 752 1561 830 inconsequenter

272 843 432 931 vitioseque
455 852 687 922 contunderent,
710 851 885 913 soloecismo
908 871 1016 913 nomen
1033 851 1187 922 dederunt,
1211 851 1248 913 ab
1264 852 1348 922 urbe,
1372 858 1402 912 ut
1420 851 1558 921 diximus,

271 952 359 1014 Soloe
375 960 405 1013 et
427 946 492 1014 ἀπὸ
507 954 570 1014 τοῦ
585 951 703 1033 οἰκεῖν,
727 955 795 1033 quia
818 954 858 1013 ibi
879 952 1126 1014 inhabitaverant.
1157 952 1206 1015 alii
1229 953 1330 1015 volunt
1350 952 1588 1016 soloecismumo

270 1053 383 1113 dictum
406 1054 561 1122 aSolone.
585 1055 660 1115 tluce
675 1055 916 1131 Atheniensium,
938 1073 1026 1134 quem
1048 1056 1267 1134 peregrinando
1281 1057 1405 1118 Atticam
1428 1055 1560 1134 linguam

270 1154 408 1216 dixerunt
435 1159 615 1235 corrupisse.
660 1156 882 1237 quodquidam
911 1157 948 1217 de
975 1165 1073 1217 tantae
1100 1156 1264 1219 industriae
1287 1158 1350 1219 viro
1374 1157 1454 1219 credi
1478 1157 1562 1218 nclas

271 1265 324 1316 est.
371 1257 579 1318 soloecismum
602 1257 690 1319 latine
713 1261 807 1319 nostri
830 1259 986 1328 dixerunt,
1018 1267 1049 1319 ut
1072 1260 1111 1320 ait
1132 1257 1269 1321 Aurelius
1292 1259 1420 1339 Opilius,
1449 1258 1561 1320 stribli-

271 1360 387 1436 ginem,
419 1361 501 1419 cuius
536 1360 663 1420 nominis
698 1360 904 1442 etymologiam
941 1359 1073 1422 nondum
1101 1362 1228 1423 invenio.
1274 1361 1467 1423 soloecismus
1489 1371 1563 1440 quot

271 1460 367 1521 modis
389 1462 440 1522 stt?
463 1468 614 1560 quattuor,
638 1461 802 1524 adiectione
825 1463 1008 1525 detractione
1030 1464 1278 1525 transmutatione
1300 1465 1514 1525 immutatione.
1575 1485 1603 1523 ιο

596 1785 650 1860 Ex
677 1787 797 1861 codice
824 1785 1132 1883 sangermanensi
1160 1788 1230 1890 291

356 1939 540 2000 Sinccdorlre
572 1957 679 2017 graece
708 1939 816 2000 dicitur
843 1941 928 2018 qnasi
961 1942 1098 2001 continua
1128 1940 1294 2018 susceptio,
1329 1946 1362 1998 ut
1388 1937 1563 2018 Porplririus

271 2043 499 2121 interpretatur,
529 2041 606 2120 qood
642 2041 720 2102 dicto
755 2043 874 2102 nomine
907 2044 998 2103 totius
1032 2060 1142 2102 conexa
1176 2059 1245 2120 pars
1279 2039 1475 2118 intellegitur,
1512 2051 1564 2100 aut

272 2141 350 2203 dicto
374 2145 492 2203 nomine
514 2145 607 2222 partis
630 2151 722 2203 totum
746 2150 964 2222 consequenter
986 2143 1185 2222 cognoscitur.
1473 2140 1475 2145 ’

357 2245 591 2324 lsteroprotcron
619 2247 702 2324 quasi
731 2247 842 2305 isteron
871 2254 1028 2325 proteron,
1058 2245 1114 2306 lroc
1142 2253 1186 2304 est
1214 2245 1244 2304 in
1268 2252 1400 2304 extremo
1422 2245 1563 2324 primum.
1581 2268 1607 2308 15

272 2345 350 2407 irride
373 2349 477 2406 Castor
500 2364 605 2422 graece
628 2348 713 2424 quiasi
734 2365 825 2407 cacon
848 2349 975 2417 isteron,
999 2347 1027 2407 id
1052 2356 1095 2407 est
1117 2346 1226 2408 malum
1250 2357 1425 2416 extremum,
1449 2365 1566 2407 nuncu·

273 2456 373 2526 patur,
398 2456 431 2507 ut
452 2447 560 2508 Fabius
582 2448 719 2509 ostendit.
753 2448 854 2520 aliter,
877 2451 962 2509 utin
978 2447 1134 2528 Porphirio
1157 2447 1296 2526 legimus,
1321 2451 1433 2508 isteron
1455 2465 1567 2525 graece

273 2559 340 2629 post
366 2549 455 2610 latine
484 2558 578 2610 sonat.
617 2568 689 2628 crgo
717 2550 886 2629 isterologia
915 2549 1093 2630 appellatur,
1128 2549 1184 2610 hoc
1218 2558 1263 2610 cst
1296 2559 1363 2629 post
1395 2549 1484 2609 dictio
1519 2549 1566 2610 vel

272 2670 384 2722 sermo,
414 2652 554 2712 subaudis
581 2654 702 2730 positus.
747 2655 819 2712 item
848 2655 1082 2732 isteroproteron
1112 2660 1178 2732 post
1207 2661 1284 2712 ante.
1330 2670 1396 2711 nam
1421 2659 1566 2731 proteron

273 2762 342 2814 ante
365 2755 519 2833 significat.
563 2753 628 2832 lege
651 2754 848 2834 l'orpltirium.
1581 2777 1609 2816 eo

273 3025 329 3059 eum
349 3008 471 3073 quellibet
485 3024 547 3074 pars
566 3010 696 3059 orationis.
714 3024 747 3058 or.
765 3025 864 3060 roonis.
883 3010 982 3074 Tropus
999 3009 1059 3072 qnid
1077 3018 1115 3057 est
1133 3019 1179 3062 etc.
1205 3010 1375 3058 commentarii
1397 3008 1429 3057 de
1445 3011 1528 3073 trcpir
1543 3016 1570 3058 et

271 3081 438 3145 rnetcplurmic
461 3084 503 3144 qni
523 3088 661 3144 sequuntur
677 3097 712 3129 ccc
725 3081 840 3129 Clturiaio
856 3081 987 3128 rnoaeimcm
1003 3087 1102 3144 purtem
1118 3083 1236 3141 excerpti
1251 3082 1277 3128 in
1299 3078 1371 3128 lulius
1383 3080 1492 3129 editione
1509 3080 1568 3128 olim

271 3151 446 3202 addictumue
519 3150 529 3199 l
550 3150 716 3200 soloecismus
734 3167 783 3215 qnp
801 3165 832 3198 ex
852 3151 913 3198 urbe
933 3151 972 3201 P:
988 3151 1023 3213 cf.
1042 3149 1136 3198 Iaidor.
1154 3152 1218 3214 erip.
1238 3151 1245 3197 l
1264 3149 1298 3200 32
1319 3149 1395 3197 Ilione
1414 3164 1441 3210 p.
1455 3145 1517 3210 453,
1532 3149 1569 3198 20

342 3222 484 3284 iprol'ecit
501 3221 528 3268 V
595 3221 685 3269 frsolo
704 3234 927 3270 cranoronotxcrn
948 3235 997 3285 qop
1016 3219 1050 3266 ibi
1074 3218 1102 3266 V
1167 3219 1304 3270 datsalono
1323 3221 1351 3268 V
1416 3213 1503 3281 quem]
1521 3220 1568 3281 qui

276 3291 303 3340 V
352 3291 587 3354 icorripisseqnir
606 3291 681 3352 quide
704 3292 729 3339 V
780 3289 934 3338 Blatlan
983 3288 1093 3337 anuclius
1112 3288 1357 3354 opill’srnbigiucm
1377 3290 1404 3338 V

343 3362 372 3410 lt
399 3361 488 3410 Codex
516 3360 649 3409 I'nrt'ciuuc
672 3363 727 3410 olim
752 3359 978 3421 Soupermnneurir
1001 3355 1049 3407 291
1073 3357 1122 3420 (Ρ)
1147 3362 1256 3408 continet
1283 3358 1395 3422 ‘lays-hii
1423 3357 1567 3422 presbyteri

273 3429 494 3496 Hierosolynritnui
520 3428 597 3477 libros
617 3431 640 3478 in
663 3430 830 3490 leviticum’3
854 3431 954 3478 adiecto
974 3434 1032 3477 runt
1054 3432 1105 3478 trio
1122 3429 1319 3479 rrrenrdrnnarmu
1335 3429 1414 3492 solio,
1434 3429 1459 3476 iu
1477 3428 1569 3493 pulbere

272 3503 460 3551 continentur-ius
478 3501 502 3546 iu
518 3500 639 3548 Donrrtum
653 3502 684 3548 dc
701 3499 868 3562 barbarismo,
886 3502 919 3548 de
932 3501 1085 3560 soloecismo,
1104 3499 1136 3547 de
1153 3503 1242 3564 tropis,
1261 3487 1467 3549 de⁴rrlremutilmc
1482 3500 1568 3562 arrip-

271 3578 366 3620 tuaest
383 3570 484 3619 caerulo
502 3569 603 3620 dect'mo.
630 3573 683 3619 eiua
700 3570 810 3617 ritomimu
833 3584 898 3631 puro
923 3586 957 3619 erc
975 3570 1076 3620 Isidoro
1095 3578 1119 3617 et
1140 3569 1258 3619 Diomede
1281 3579 1405 3631 coempto
1424 3577 1462 3618 eut
1534 3568 1567 3620 1²

274 3640 384 3688 lorllrius
400 3641 423 3688 P
494 3639 524 3689 13
543 3653 637 3687 conexe
654 3640 678 3688 P
746 3638 863 3700 ioqrtasi
883 3641 929 3691 cis.
949 3647 1043 3689 steron.
1063 3640 1223 3704 proteron?
1294 3640 1325 3690 16
1341 3649 1425 3688 castor
1444 3638 1474 3704 g'r
1490 3640 1567 3700 quusi

273 3719 435 3758 cuconsterun
454 3712 479 3759 P
548 3709 578 3757 li
599 3709 624 3756 ln
648 3706 771 3773 iorphirio
791 3709 814 3755 Ρ
