3346 5498
632 407 869 470 COMMENTVM
1333 398 1393 464 139

1222 511 1368 565 pat-att„

94 618 161 661 non
186 598 328 659 debemus
350 601 419 659 istas
442 603 541 678 partes
563 605 740 675 conputare,
765 612 841 674 quae
862 600 962 673 partes
985 594 1135 654 naturales
1150 601 1229 661 sunt,
1247 612 1316 666 non,
1340 593 1391 653 sed

94 703 166 762 illas
189 709 365 781 conputare,
395 720 469 781 quae
492 719 527 760 er
550 707 613 760 arte
636 698 830 775 descendunt.
868 700 942 759 istae
970 704 1067 757 autem
1097 696 1246 757 naturales
1274 715 1333 757 non
1357 714 1392 756 ex

96 813 165 867 arte
188 804 380 865 descendunt.
410 803 461 864 sed
485 803 616 863 Donatus
638 803 669 862 in
692 799 748 861 alia
770 810 854 880 parte
877 799 953 861 male
976 801 1060 868 lecit,
1085 798 1164 878 quod
1186 799 1236 859 illc
1251 799 1394 859 nonlecit

96 909 207 989 perite.
239 907 480 986 conparationem
503 903 709 965 adnumeravit
731 903 863 964 Donatus
884 905 915 963 in
938 901 993 964 lrac
1015 903 1172 962 divisione:
1197 919 1256 961 non
1281 899 1391 961 debuit.

71 1018 228 1092 spropter
250 1027 337 1088 quam
360 1008 507 1071 causaml.
521 1005 588 1066 illae
611 1008 690 1066 enim
713 1008 845 1085 quinque
868 1023 917 1064 res
932 1003 1008 1064 bene
1024 1011 1213 1065 enumeratae
1229 1009 1308 1071 sunt,
1326 1004 1392 1083 quia

99 1129 224 1190 semper
246 1109 394 1178 accidunt,
418 1108 542 1188 qualitas
564 1127 658 1186 genus
680 1126 822 1169 numerus
838 1109 932 1185 ligura
947 1097 1046 1168 casus:
1072 1105 1186 1169 nullum
1202 1124 1309 1167 nomen
1327 1124 1393 1166 esse

99 1223 199 1295 potest
219 1209 225 1294 Ι
243 1214 307 1273 sine
329 1211 482 1291 qualitate,
506 1209 619 1285 nullum
643 1211 707 1270 sine
729 1227 852 1287 genere,
877 1208 991 1270 nullum
1012 1211 1076 1269 sine
1089 1228 1178 1278 casu,
1202 1208 1314 1269 nullum
1330 1210 1393 1268 sine
1431 1215 1437 1224 '

99 1318 213 1394 ligura,
238 1313 349 1375 nullum
372 1314 435 1373 sine
458 1331 592 1373 numero.
624 1313 697 1371 istae
720 1313 851 1391 quinque
873 1331 923 1372 res
945 1330 1064 1390 semper
1085 1311 1248 1372 cohaerent
1270 1312 1392 1371 nomini.

100 1418 291 1478 econtrario
319 1416 509 1476 inveniuntur
538 1416 657 1475 nomina
686 1431 761 1491 quae
789 1421 892 1473 carent
924 1415 1143 1493 conparatione.
1193 1413 1299 1474 doctus
1326 1413 1395 1473 lacit

60 1537 88 1577 ro
102 1519 235 1587 doctior;
257 1518 367 1578 Hector
389 1536 448 1577 non
471 1518 576 1596 recipit
599 1517 850 1596 conparationem.
881 1515 1024 1593 numquid
1040 1516 1110 1576 lacit
1124 1515 1298 1577 llectorior‘?
1322 1517 1394 1593 quin

100 1640 171 1683 cum
194 1621 389 1700 sintspecies
413 1620 564 1679 nominum
589 1616 833 1698 appellativorum
858 1619 958 1700 piginti
982 1626 1011 1678 et
1032 1624 1156 1697 septem,
1180 1636 1239 1678 non
1262 1626 1331 1678 sunt
1352 1617 1394 1678 ibi

102 1724 160 1784 nai
177 1722 262 1790 duae,
279 1720 388 1798 quibus
404 1720 540 1781 accidunt
557 1722 792 1800 conparationes,
809 1719 956 1800 qualitatis
972 1726 1001 1781 et
1017 1721 1196 1797 quantitatis.
1226 1737 1298 1798 ergo
1314 1719 1395 1780 vides

100 1826 243 1906 quoniam
271 1825 302 1883 in
326 1841 362 1882 eo
384 1826 530 1902 peccavit,
561 1824 701 1902 quoniam
731 1822 935 1884 adnumeravit
964 1824 1220 1901 conparationem,
1248 1839 1311 1881 rem
1335 1840 1394 1882 non

101 1925 491 2005 numquamaccidentem,
519 1927 596 1985 inter
630 1943 678 1984 res
706 1943 825 2005 semper
853 1924 1030 1985 accidentes.
1074 1922 1141 1983 illae
1170 1925 1248 1983 enim
1277 1942 1395 2002 semper

61 2046 88 2085 as
100 2028 256 2095 accidunt,
281 2026 406 2106 qualitas
429 2046 522 2106 genus
544 2044 688 2087 numerus
709 2027 803 2106 ligura
826 2045 926 2094 casus;
950 2025 999 2086 illa
1022 2045 1082 2086 non
1105 2044 1266 2105 numquam
1279 2025 1393 2085 accidit.

99 2131 159 2191 hoc
181 2131 278 2189 sciens
305 2128 421 2189 Probus
449 2128 592 2190 abstinuit
615 2148 663 2189 se:
692 2131 769 2189 inter
798 2128 961 2189 accidentia
984 2146 1103 2208 semper
1130 2146 1189 2188 non
1219 2126 1293 2187 dixit
1320 2126 1393 2188 illud
1492 2203 1493 2206 Ἴ

99 2231 181 2312 quod
205 2249 265 2291 non
289 2247 449 2307 numquam
472 2231 594 2301 accidit,
618 2251 693 2299 non,
717 2230 768 2290 sed
792 2230 865 2291 dixit
887 2231 1012 2291 ‘nomini
1035 2229 1174 2291 accidunt
1196 2227 1320 2309 qualitas
1343 2248 1394 2308 ge·

100 2353 157 2396 nus
181 2335 438 2409 numerus—ligura
461 2334 573 2401 casus’,
604 2340 634 2393 et
655 2351 715 2393 non
737 2330 787 2392 dat
808 2332 1049 2413 conparationem
1072 2332 1195 2392 nomini.
1236 2333 1313 2409 siqui
1341 2331 1394 2394 tibi

100 2436 181 2497 dicat
203 2440 309 2516 ‘quare
336 2433 385 2494 ille
413 2436 583 2513 conputavit
613 2443 643 2494 et
668 2433 717 2494 ille
747 2434 843 2494 noni’
872 2437 947 2494 iusta
974 2436 1090 2495 ratione
1118 2451 1177 2493 non
1206 2429 1394 2514 conputalvit,

62 2542 200 2600 nesciens
223 2555 282 2597 non
304 2554 423 2616 semper
446 2535 581 2595 accidere
604 2537 718 2596 nomini
740 2538 996 2616 conparationem3
1028 2544 1057 2595 ot
1085 2535 1163 2615 quod
1193 2554 1252 2594 non
1276 2553 1395 2614 semper

101 2641 224 2709 accidit,
249 2636 419 2709 nondebet
442 2639 512 2717 poni
534 2640 612 2698 inter
634 2637 663 2698 id
687 2637 764 2717 quod
787 2656 906 2718 semper
929 2637 1043 2697 accidit.
1089 2637 1146 2697 ltoc
1169 2637 1246 2697 enim
1275 2655 1394 2716 semper

99 2741 206 2803 accidit
229 2743 270 2809 ei,
295 2741 425 2820 quinque
447 2741 520 2800 istae
543 2747 657 2819 partes,
686 2738 735 2800 illa
763 2757 821 2800 non
851 2757 978 2819 semper.
1025 2758 1096 2818 ergo
1118 2758 1168 2800 sen
1192 2746 1293 2819 partes
1317 2737 1394 2822 [ora-

101 2841 205 2923 tionis]
232 2842 369 2902 accidunt
391 2843 513 2903 nomini.
559 2842 709 2905 videamus
731 2841 872 2920 singulas,
1198 2876 1206 2902 t

611 3025 658 3072 na
681 3024 880 3084 qvanrrara

70 3151 93 3189 as
187 3132 317 3204 Qualitas
340 3133 491 3191 nominum
516 3130 719 3210 principaliter
742 3131 882 3191 dividitur
904 3133 934 3191 in
958 3131 1032 3193 duas
1054 3140 1162 3211 partes.
1195 3135 1293 3194 omnia
1316 3134 1466 3195 animatu,
1480 3135 1511 3183 37

105 3235 221 3294 nomina
250 3233 328 3312 apud
351 3234 471 3293 latinus
500 3241 549 3292 aut
577 3234 696 3311 propria
725 3243 795 3294 sunt
822 3242 873 3293 aut
910 3233 1095 3313 appellativa.
1142 3235 1205 3295 vide
1233 3235 1311 3314 quod
1342 3234 1394 3295 tihi

104 3335 182 3396 dico:
206 3335 283 3396 aliud
308 3336 386 3395 enim
410 3334 519 3394 liabent
540 3334 659 3394 Graeci:
695 3337 793 3395 omnia
816 3337 935 3396 nomina
958 3336 1035 3415 apud
1059 3336 1179 3397 Latinos
1201 3344 1252 3396 aut
1274 3339 1394 3416 propria

105 3446 171 3498 sunt
198 3445 248 3497 aut
274 3435 458 3515 appellativa.
503 3437 532 3495 in
556 3455 655 3496 rerum
680 3445 784 3498 natura
813 3437 899 3498 allam
922 3437 1094 3499 divisionem
1118 3457 1177 3499 non
1201 3438 1294 3500 hahes
1317 3438 1393 3518 apud

106 3537 229 3598 latinos.
276 3556 479 3618 quaecumque
506 3545 576 3597 sunt
599 3540 717 3599 nomina
740 3539 817 3616 apud
841 3539 974 3610 Latinos,
999 3542 1024 3599 si
1046 3542 1166 3619 propria
1190 3559 1249 3600 non
1272 3542 1392 3608 luerint,

76 3639 276 3718 acappellativa
300 3648 383 3707 sunt;
408 3642 433 3699 si
455 3641 525 3700 item
549 3640 722 3720 appellativa
747 3660 807 3702 non
829 3643 954 3712 luerint,
983 3645 1104 3723 propria
1126 3651 1202 3703 sunt.
1248 3643 1299 3703 sed
1324 3641 1393 3703 sub-

107 3739 259 3802 divisiones
281 3750 350 3801 sunt
372 3742 448 3820 apud
472 3760 536 3801 tros.
865 3735 870 3744 ’

289 3925 336 3971 DE
359 3925 546 3973 SPECIEBVS
569 3925 796 3974 PROPRIORVM
820 3929 864 3974 ET
887 3927 1205 3975 APPELLATIVORVM

187 4032 218 4090 ln
242 4033 364 4110 proprio
386 4033 665 4108 nornine'quattuor
688 4041 757 4092 sunt
779 4036 907 4112 species,
933 4036 963 4094 in
985 4033 1161 4112 appellativo
1183 4034 1328 4096 habemus
1352 4039 1392 4096 vi·

111 4132 176 4206 giuti
199 4141 227 4191 et
247 4142 360 4210 septem
383 4135 506 4211 species.
539 4133 592 4193 llas
608 4136 713 4194 Graeci
734 4135 913 4198 rettulerunt
927 4136 963 4195 ad
987 4143 1100 4214 septem
1124 4138 1248 4216 species.
1280 4137 1394 4198 habetis

79 4231 326 4311 suffigenussnne
349 4235 379 4292 in
395 4234 550 4313 Apollonio
573 4242 726 4298 tractatum
750 4236 787 4296 de
809 4237 973 4316 speciebus
996 4239 1069 4298 istis.
1101 4239 1311 4318 sedquoniam
1334 4258 1392 4299 non

113 4369 405 4378 -·—-..—-----.---

174 4421 252 4470 lnon
271 4421 317 4470 sed
337 4420 424 4470 aua:
445 4436 492 4468 non
510 4437 554 4474 ona
573 4423 598 4471 A
665 4423 682 4474 9
701 4434 787 4473 carent
802 4425 875 4474 BCo
890 4432 991 4473 careant
1006 4426 1030 4472 A
1101 4425 1130 4476 ll
1144 4426 1180 4474 ibi
1200 4425 1392 4491 conparationes

112 4488 154 4537 nisi
172 4491 220 4539 diro
235 4491 313 4548 (duae
331 4489 380 4553 bc)
397 4507 461 4554 qnae
481 4493 602 4541 accedunt
621 4493 752 4559 (accidunt
771 4492 808 4554 B)
828 4494 944 4556 «qualitati
963 4504 986 4544 et
1005 4495 1138 4556 quantitati
1155 4496 1226 4545 aua
1245 4496 1279 4544 ibi
1298 4508 1390 4558 conpa-

111 4559 212 4609 rationea
237 4562 286 4610 nisi
308 4561 359 4609 duo
383 4562 516 4623 qualitates
539 4563 597 4610 darm
620 4565 742 4613 accedunt
761 4565 895 4626 qualitates
914 4574 937 4612 et
962 4566 1116 4628 quantitates
1135 4567 1158 4612 Α
1247 4565 1277 4614 17
1298 4563 1391 4612 rronrini

111 4629 217 4678 accidunt
237 4630 261 4679 B
278 4632 373 4680 nomini
389 4632 512 4680 accedunt
527 4632 547 4680 0
561 4635 656 4682 nomini
675 4634 772 4683 accedit
786 4634 811 4682 Α
880 4633 915 4683 ‘20
930 4636 1014 4683 aciens
1032 4650 1080 4686 nou
1100 4634 1143 4683 Ab
1159 4636 1242 4684 sciens
1259 4634 1324 4682 enim
1341 4646 1390 4679 non

110 4695 173 4749 BUa
242 4708 265 4748 et
285 4701 472 4767 qnodaemper
491 4702 643 4751 nonABC
710 4697 1389 4767 '23nominilnsounrnrnrnumeanussrnounnsl

111 4768 210 4830 qualitas
226 4769 250 4818 Α
321 4772 353 4818 27
382 4770 449 4835 apud
475 4771 566 4820 latinoa
587 4782 629 4820 ant
646 4775 750 4838 propria
768 4782 811 4821 aut
829 4774 984 4838 appellatiua
1002 4786 1061 4823 sunt
1080 4776 1138 4823 nida
1154 4773 1282 4836 BOapud
1300 4771 1391 4820 latinos

109 4837 162 4887 uide
180 4840 204 4887 A
273 4841 308 4890 29
332 4841 435 4887 nomina
455 4842 523 4904 apud
542 4843 635 4891 latinos
653 4844 674 4891 ai
693 4845 796 4908 propria
816 4844 891 4893 uua
909 4845 1012 4893 nomina
1033 4843 1100 4910 apud
1120 4844 1210 4892 latinos
1228 4850 1270 4890 aut
1290 4841 1391 4904 propria

109 4918 162 4963 sont
179 4915 222 4958 aut
238 4908 393 4975 appellatiua
414 4951 520 4963 ,,,,,,
535 4913 639 4977 propria
656 4912 681 4961 A
750 4914 783 4964 35
800 4914 947 4979 appollonio
966 4914 1021 4963 AB
1038 4912 1174 4978 appolonia
1189 4912 1210 4961 G
