3346 5498
738 430 740 444 ¹
764 402 834 467 AllS
1388 396 1452 466 539

1255 524 1276 564 p.
1290 510 1390 552 rau-as
1402 508 1425 553 r.

163 594 224 654 ossi
248 593 304 653 hoc
327 613 360 653 os
382 612 399 651 o
422 613 455 652 os
477 592 514 652 ab
537 593 592 653 boc
610 605 697 662 osse,
726 600 756 652 et
777 591 934 673 pluraliter
960 591 1034 652 baec
1055 611 1121 652 ossa
1144 591 1249 651 borum
1272 593 1383 651 ossium
1404 590 1452 650 bis

164 677 282 738 ossibus
309 678 382 738 baec
410 697 475 738 ossa
504 698 521 738 o
549 697 616 739 ossa
638 678 676 739 ab
698 678 746 738 bis
768 676 894 738 ossibus.
939 678 990 738 sed
1012 677 1068 737 boc
1090 695 1198 737 nomen
1220 678 1399 754 corripimus
1419 678 1452 736 in

164 765 345 824 nominativo
367 763 527 840 singulari;
556 763 592 824 ab
621 782 657 824 eo
685 781 755 823 vero
777 762 855 842 quod
877 770 946 822 sunt
968 782 1034 831 ora,
1064 762 1093 822 id
1116 770 1162 822 est
1183 761 1295 831 vultus,
1318 763 1451 821 nomina·

164 851 225 908 tivo
247 847 391 925 singulari
413 848 588 926 producitur
610 868 658 918 os,
687 857 717 908 et
745 850 817 908 lacit
843 847 900 907 hoc
928 866 962 907 os
990 847 1079 907 buius
1100 849 1162 907 oris
1183 845 1253 906 buic
1274 848 1320 906 ori
1342 845 1398 904 boc
1420 864 1453 904 os

139 953 182 994 so
204 952 238 993 os
260 932 297 993 ab
319 932 374 991 boc
397 950 464 1002 ore,
488 940 517 993 et
539 933 697 1013 pluraliter
718 933 792 992 baec
814 951 866 993 ora
888 933 995 992 borum
1017 950 1102 992 orum
1118 932 1166 991 bis
1180 930 1284 991 oribus
1305 930 1378 991 baec
1401 948 1452 989 ora

164 1037 182 1077 o
204 1035 256 1077 ora
279 1016 316 1077 ab
338 1016 386 1077 bis
407 1016 521 1077 oribus.

249 1102 313 1163 Alia
341 1102 445 1179 regula
474 1111 532 1171 est,
562 1121 620 1181 quo
647 1103 735 1162 mode
763 1102 897 1162 declines
919 1109 1001 1179 terga
1024 1110 1053 1162 et
1077 1110 1203 1179 tergora.
1247 1110 1330 1178 terga
1353 1106 1453 1159 autem

165 1194 234 1247 sunt
255 1186 358 1256 dorsa,
382 1196 412 1246 et
433 1195 551 1264 tergora
575 1190 697 1247 veniunt
719 1206 734 1246 a
757 1204 866 1264 genere
883 1194 989 1247 neutro
1008 1187 1087 1266 quod
1110 1189 1141 1246 in
1163 1205 1199 1246 us
1221 1187 1283 1245 exit
1305 1187 1335 1245 in
1357 1186 1453 1245 nomi·

165 1273 263 1332 nativo
285 1271 446 1349 singulari,
471 1280 502 1332 ut
524 1271 579 1332 boc
603 1280 719 1349 tergus,
743 1280 774 1331 et
795 1271 950 1350 pluraliter
972 1273 1153 1332 nominativo
1175 1271 1250 1331 haec
1271 1279 1400 1346 tergora.
1423 1277 1454 1329 et

128 1381 153 1418 ιο
166 1356 329 1418 declinabis
349 1356 406 1416 hoc
428 1375 536 1417 nomen
559 1359 616 1426 sic,
641 1375 699 1437 quo
721 1356 808 1416 modo
830 1374 922 1435 pecus
943 1365 973 1416 et
994 1357 1111 1417 vulnus.
1143 1362 1258 1433 tergum
1281 1365 1379 1415 autem
1401 1355 1452 1415 de·

165 1440 306 1511 clinabis,
329 1461 388 1520 quo
410 1442 497 1502 modo
520 1442 671 1522 templum.

251 1526 313 1587 Alia
337 1525 439 1603 regula
462 1534 522 1587 est:
546 1529 664 1588 nemina
687 1543 805 1607 semper
826 1528 946 1604 generis
973 1526 1129 1587 masculini
1151 1534 1181 1586 et
1202 1526 1354 1594 leminini,
1377 1542 1453 1603 quae

167 1610 326 1672 habuerint
347 1632 363 1672 a
392 1613 422 1671 in
450 1614 644 1680 nominativo,
667 1614 836 1690 genetivum
858 1619 889 1671 et
910 1610 1042 1672 dativum
1065 1613 1095 1670 in
1117 1629 1152 1670 ae
1175 1613 1309 1679 mittunt,
1334 1616 1453 1688 utputa

19 1763 31 1776 ς
94 1702 96 1707 ’
166 1695 215 1755 bic
231 1695 343 1756 Seneca
364 1695 454 1756 huius
470 1695 600 1758 Senecae
622 1697 692 1758 huic
707 1696 853 1765 Senecae,
876 1696 949 1756 baec
965 1696 1039 1758 lulla
1055 1695 1143 1756 buius
1157 1695 1250 1756 luliae
1267 1695 1336 1754 huic
1351 1694 1454 1754 luliae.

129 1804 154 1842 15
167 1780 219 1841 sed
241 1783 435 1841 inveniuntur
462 1799 555 1860 pauca
582 1784 702 1843 nomina
730 1781 775 1841 vel
797 1783 972 1860 pronomina
994 1789 1097 1841 contra
1118 1780 1195 1840 hanc
1217 1779 1351 1856 regulam
1373 1780 1455 1839 veni·

167 1867 260 1933 entia,
285 1873 331 1933 ut,
356 1884 424 1925 cum
447 1868 478 1926 in
500 1868 682 1928 nominativo
704 1865 829 1927 asnlum
845 1865 989 1935 habeant,
1013 1868 1046 1925 in
1067 1867 1205 1943 genetivo
1228 1867 1275 1924 ius
1297 1865 1454 1942 accipiant,

167 1952 197 2010 iu
220 1949 317 2010 dativo
339 1952 363 2020 i,
388 1959 420 2011 ut
443 1950 503 2011 sola
526 1951 619 2012 solius
641 1951 711 2020 soli,
735 1957 794 2011 tota
810 1953 902 2011 totius
917 1953 986 2020 teti,
1010 1968 1068 2010 una
1089 1952 1179 2010 unius
1202 1951 1268 2018 uni,
1292 1948 1350 2009 ulla
1365 1948 1456 2009 ullius

168 2034 234 2105 ulli,
258 2035 338 2096 nulla
360 2035 470 2096 nullius
490 2035 579 2105 nulli,
603 2042 670 2096 utra
692 2032 797 2115 ultrius
820 2036 889 2103 utri,
913 2035 1011 2114 aliqua
1034 2035 1160 2095 alicuius
1182 2033 1279 2102 alicui,
1303 2033 1353 2094 illa
1374 2032 1456 2093 illius

166 2120 224 2188 illi,
250 2122 306 2180 ista
329 2122 418 2180 istius
440 2120 504 2189 isti,
528 2122 592 2199 ipsa
615 2122 712 2199 ipsius
735 2121 803 2198 ipsi.
848 2138 942 2198 pauca
965 2127 1048 2187 sunt,
1077 2137 1152 2198 quae
1175 2117 1296 2178 turbare
1319 2136 1374 2178 nos
1395 2135 1455 2177 nou

127 2229 153 2268 ao
166 2203 285 2264 debent.
329 2207 468 2284 superior
498 2215 596 2265 autem
628 2204 730 2281 regula
763 2207 794 2264 iu
828 2206 1006 2265 immensum
1039 2203 1185 2272 tenditur,
1213 2210 1247 2263 ut
1273 2202 1346 2262 baec
1373 2202 1455 2262 Musa

166 2290 255 2350 huius
282 2289 393 2350 Musae.
438 2291 511 2349 haec
539 2289 673 2367 analogia
701 2297 763 2358 est,
793 2288 824 2348 id
852 2297 897 2349 est
924 2288 1027 2366 regula
1055 2295 1209 2367 perpetua.
1252 2287 1360 2349 horum
1386 2305 1456 2347 vero

164 2377 318 2435 nominum
341 2381 372 2434 et
393 2376 603 2453 pronominum
625 2374 771 2434 anomalia
794 2382 854 2442 est,
878 2373 908 2433 id
931 2380 977 2433 est
997 2372 1164 2453 inaequalis
1178 2372 1338 2433 declinatio
1353 2380 1456 2433 contra

165 2460 313 2537 regulam;
337 2459 389 2519 sed
412 2460 568 2538 inxpaucis
590 2468 649 2528 cst,
672 2468 706 2519 ut
726 2459 799 2521 dixi.

249 2543 375 2605 Nomina
404 2562 479 2624 quae
508 2545 540 2603 in
567 2562 599 2604 as
628 2551 737 2604 exeunt
764 2551 834 2604 tunc
861 2551 971 2604 exeunt
998 2546 1027 2604 in
1056 2562 1072 2602 e
1096 2542 1224 2604 ablativo
1246 2542 1406 2620 singulari,
1429 2544 1455 2602 si

127 2652 153 2690 n
165 2630 320 2706 genetivus
348 2630 374 2688 is
400 2627 552 2697 habuerit,
582 2635 614 2689 ut
636 2628 791 2690 Maecenas
813 2627 993 2689 Maecenatis
1020 2628 1057 2689 ab
1085 2628 1141 2688 hoc
1163 2628 1342 2688 Maecenate.
1387 2626 1455 2686 ideo

165 2714 226 2773 dixi
255 2713 467 2773 attendendum
495 2732 561 2774 esse
590 2716 760 2791 genetivum
794 2714 990 2790 singularem,
1014 2714 1084 2792 quia
1113 2714 1307 2772 inveniuntur
1336 2712 1454 2771 nomina

165 2816 241 2877 (puae
270 2800 300 2858 ln
329 2817 361 2858 as
389 2807 497 2859 exeunt
524 2806 555 2858 et
582 2806 681 2858 tamen
711 2817 769 2859 non
797 2800 828 2857 in
855 2817 872 2858 e
895 2800 1017 2858 mittunt
1039 2795 1214 2865 ablativum,
1238 2795 1290 2856 sed
1313 2797 1344 2855 in
1367 2814 1398 2863 a,
1423 2804 1456 2853 ut

166 2886 279 2942 Aeneas
307 2882 345 2942 ab
374 2883 430 2942 boc
459 2885 572 2953 Aenea,
600 2882 746 2944 Menalcas
774 2881 811 2942 ab
838 2881 895 2942 boc
923 2881 1064 2941 Menalca.
1110 2899 1181 2956 ergo
1209 2899 1276 2940 cum
1304 2882 1456 2939 inveneris

166 2969 345 3028 nominativo
365 2986 412 3036 as,
436 2970 604 3045 genetivum
628 2968 761 3028 attende:
785 2969 811 3026 si
826 2965 966 3026 habuerit
982 2969 1022 3034 is,
1046 2967 1090 3025 sic
1112 2967 1285 3044 pronuntia,
1310 2963 1455 3025 ablativus
1539 2990 1542 2996 ·

127 3052 243 3132 eoquod
266 3054 296 3112 in
318 3071 334 3111 e
358 3055 428 3113 exit.
473 3052 525 3112 sed
552 3053 578 3112 si
606 3051 663 3112 tibi
690 3050 837 3111 ablativus
864 3059 953 3111 notus
980 3059 1027 3111 est
1054 3050 1142 3110 etde
1165 3051 1302 3127 genetivo
1325 3047 1453 3117 dubitas,

165 3139 240 3197 scito
262 3139 330 3217 quia
353 3139 384 3197 in
406 3139 434 3197 is
455 3139 532 3203 exit,
556 3154 623 3196 cum
645 3139 677 3195 in
699 3154 716 3195 e
738 3136 830 3195 luerit
852 3134 996 3195 ablativus
1018 3137 1205 3195 terminatus.
1235 3133 1359 3211 gentilia
1381 3153 1453 3213 quo·

165 3241 222 3301 que
245 3221 404 3282 ablativum
427 3223 458 3281 in
481 3223 490 3279 l
515 3223 649 3288 mittunt,
673 3227 706 3280 ut
728 3221 854 3298 Arpinas
876 3221 1026 3298 Arpinati,
1056 3219 1190 3298 Capenas
1212 3219 1364 3298 Capenati.
1401 3219 1454 3279 sed

165 3314 281 3366 veteres
296 3306 369 3365 haec
383 3308 502 3366 nomina
518 3306 612 3382 magis
634 3306 664 3364 in
688 3307 715 3363 is
736 3312 766 3363 et
787 3306 818 3363 in
841 3323 857 3363 e
881 3305 1062 3364 nominativo
1084 3302 1327 3383 pronuntiabant,
1351 3311 1384 3363 ut
1405 3303 1454 3362 hic

165 3400 194 3449 et
217 3392 289 3450 haec
312 3391 464 3468 Arpinatis
486 3396 517 3448 et
538 3389 595 3449 boc
616 3391 767 3467 Arpinate.

126 3498 152 3534 es
249 3474 452 3534 Nominativus
479 3477 510 3533 in
543 3493 576 3533 es
604 3473 763 3534 ablativum
797 3476 828 3534 iu
857 3491 873 3532 e
901 3475 1009 3542 mittit,
1050 3482 1083 3534 ut
1111 3473 1199 3534 heres
1231 3472 1358 3541 herede,
1396 3473 1455 3532 nisi

164 3561 319 3634 genetivus
341 3561 371 3618 in
395 3579 429 3618 ae
452 3561 574 3627 exierit,
598 3567 632 3620 ut
654 3558 797 3619 Anchises
811 3557 972 3618 Anchisae:
1000 3566 1070 3619 tunc
1094 3561 1174 3619 enim
1196 3557 1342 3619 ablativus
1364 3558 1454 3617 eliam

165 3646 196 3701 iu
218 3664 234 3702 a
257 3647 334 3702 exit:
358 3651 387 3703 et
409 3643 561 3723 locuples,
579 3643 658 3723 quod
681 3644 778 3703 omnis
800 3645 920 3721 generis
942 3650 1004 3713 est,
1028 3642 1212 3722 alocuplete
1235 3641 1280 3703 vel
1301 3642 1453 3721 locupleti.

249 3727 453 3789 Nominativus
468 3731 500 3788 in
512 3731 538 3789 is
554 3731 579 3789 si
595 3729 686 3789 luerit
702 3731 733 3788 in
748 3745 857 3806 genere
873 3728 1037 3789 masculino
1052 3728 1097 3788 vel
1117 3729 1277 3795 feminino,
1294 3726 1454 3788 ablativum

165 3812 194 3871 in
217 3831 233 3870 e
256 3814 361 3881 mittit,
387 3820 418 3872 ut
440 3813 488 3873 hic
511 3812 593 3874 collis
615 3814 663 3873 hic
686 3816 779 3874 vomis
800 3813 850 3873 bic
871 3813 961 3893 lapis,
985 3811 1099 3873 abhoc
1114 3813 1188 3874 colle
1204 3830 1323 3873 vomere
1345 3811 1452 3891 lapide,

126 3896 239 3957 robaec
266 3897 302 3957 lis
330 3896 366 3956 ab
396 3897 450 3958 hac
480 3897 549 3967 lite,
578 3897 652 3958 haec
680 3900 748 3959 vitis
775 3898 812 3959 ab
840 3898 895 3957 bac
922 3899 998 3966 vite,
1025 3897 1099 3958 baec
1128 3899 1205 3962 cutis
1232 3895 1270 3957 ab
1297 3896 1352 3956 hac
1374 3905 1453 3957 cute.

165 4000 257 4060 pauca
279 4001 349 4042 vero
372 3982 534 4042 masculina
557 3986 587 4044 in
610 3983 618 4042 i
642 3983 687 4042 vel
709 3985 741 4043 in
763 4002 779 4042 e
801 3984 937 4051 mittunt,
961 3989 995 4043 ut
1016 3984 1096 4059 ignis
1117 3983 1209 4042 vectis
1230 3983 1326 4040 amnis
1348 3983 1455 4058 anguis

165 4069 267 4144 poostis.
312 4067 360 4127 illa
389 4085 507 4146 quoque
535 4068 677 4128 feminina
705 4069 736 4126 in
763 4070 773 4126 i
796 4069 886 4127 etiam
908 4073 1031 4135 exeunt,
1059 4084 1135 4145 quae
1157 4066 1337 4126 accusativos
1358 4067 1390 4125 in
1412 4068 1453 4125 im

164 4154 298 4220 mittunt,
322 4159 355 4210 ut
377 4154 501 4230 puppim
523 4154 631 4231 puppi,
655 4154 759 4211 restim
775 4153 863 4221 resti;
897 4159 928 4212 et
949 4151 986 4213 ab
1008 4151 1152 4230 hisquae
1174 4156 1244 4211 sunt
1265 4153 1310 4210 vis
1331 4160 1361 4211 et
1383 4152 1452 4211 stri·

164 4236 231 4313 gills
254 4235 290 4295 ab
313 4236 368 4295 hac
391 4239 419 4296 vi
443 4236 479 4297 ab
502 4235 557 4296 bac
580 4236 689 4314 strigili
712 4234 853 4296 ablativos
875 4237 1016 4306 dicimns;
1046 4235 1083 4296 ab
1105 4254 1141 4295 eo
1162 4235 1242 4315 quod
1265 4242 1311 4295 est
1332 4238 1393 4296 avis
1416 4234 1452 4294 ab

126 4342 151 4380 aa
164 4339 215 4380 ave
238 4320 283 4380 vel
305 4322 361 4380 avi.
405 4324 437 4380 in
466 4323 615 4382 communi
643 4339 759 4400 quoque
791 4338 902 4399 genere
930 4324 957 4381 is
984 4322 1015 4381 in
1038 4322 1218 4382 nominativo
1240 4319 1399 4380 ablativum
1421 4320 1453 4379 iu

164 4424 180 4464 e
204 4407 309 4474 mittit,
339 4408 397 4465 nisi
426 4413 565 4466 neutrum
593 4423 687 4482 genus
715 4406 808 4466 sitin
831 4425 863 4475 e,
886 4413 1010 4485 utputa
1032 4405 1082 4466 hic
1105 4401 1110 4487 Ι
1134 4414 1163 4466 et
1191 4405 1265 4466 baec
1293 4405 1388 4464 hostis
1406 4402 1452 4463 'ab

164 4489 219 4549 hoc
240 4499 269 4551 et
292 4493 330 4551 ab
352 4493 411 4552 hac
433 4490 533 4560 hoste;
557 4491 628 4551 licet
648 4491 723 4551 civis
745 4509 761 4550 a
783 4492 847 4551 cive
870 4489 915 4550 vel
938 4493 996 4552 civi
1017 4492 1116 4552 iaciat.

163 4607 466 4618 .-—-..-„.<..—...—.—

234 4677 265 4728 12
284 4678 416 4727 masculini
436 4676 586 4740 leminioiq:
602 4677 624 4725 si
644 4675 778 4727 habuerint
798 4678 826 4727 V
878 4676 910 4728 19
929 4677 979 4742 ipsi
994 4675 1040 4726 sed
1058 4690 1123 4740 quae
1141 4689 1224 4741 pauca
1241 4683 1300 4723 eunt
1320 4688 1367 4723 nos
1384 4686 1401 4729 ς

164 4744 197 4794 29
215 4749 327 4797 ablatiuo
344 4749 371 4797 V
386 4747 558 4800 ablatiuoms
627 4746 662 4797 ³4
678 4744 819 4812 Arpinatis]
838 4747 977 4810 arpinatis
1045 4743 1080 4797 38
1098 4745 1269 4795 nominalium
1286 4744 1310 4792 lt
1328 4745 1351 4792 si
1370 4743 1451 4792 Vno-

164 4816 337 4866 ruinatinussi
355 4819 412 4872 ἰες
481 4817 514 4866 41
535 4812 606 4880 vero]
626 4818 690 4867 ndeo
713 4818 741 4866 V
806 4814 840 4867 43
854 4818 895 4866 uls
912 4825 936 4866 et
955 4816 992 4881 (et
1010 4829 1055 4868 om.
1073 4813 1102 4881 ς)
1118 4814 1225 4881 strigilis
1242 4823 1269 4862 ut
1282 4814 1314 4861 ab
1337 4814 1383 4869 Vs
1487 4842 1498 4861 .

164 4886 412 4937 Aietnbhacom
436 4888 481 4942 Vs
1171 4895 1174 4901 '
1419 4885 1423 4894 '

1183 4965 1249 5032 35*
