3346 5498
545 363 743 425 EXCERPTA
768 363 940 425 l‘AlllSle
964 364 1057 462 V.*Vl
1382 360 1445 425 605

1250 483 1272 524 p.
1286 473 1342 512 eras.
1356 470 1418 514 aar.

157 572 275 614 sensum
298 554 413 613 confert
435 554 557 631 incipiat
580 570 596 611 a
620 550 712 610 vocali
737 553 899 632 incipiente
923 551 1015 611 verbo
1038 571 1053 611 a
1076 560 1271 622 consonante,
1295 554 1442 632 inperfec-

158 664 219 716 tum
248 662 385 715 manente
414 654 517 714 eadem
548 671 602 714 nec
626 659 734 713 mritata
758 656 989 734 praepositionis
1011 654 1103 714 vocali
1126 655 1212 715 aliam
1235 654 1317 716 addit
1339 673 1443 715 conso·

156 759 238 818 nauti
261 755 343 816 verbi
367 755 512 826 vocalem,
536 762 569 815 ut
590 761 636 815 est
659 750 820 834 ἐπιχαίρω
844 751 1033 835 ἐπέχαιρον,
1056 758 1126 836 quia
1141 756 1221 817 aliud
1238 764 1297 844 est,
1315 752 1443 836 ἐπιχαί-

156 877 217 937 ρω,
240 858 319 920 aliud
342 855 457 937 χαίρω.
490 875 559 922 sane
576 857 631 917 boo
648 855 832 927 observatur,
856 865 888 916 nt
903 858 1011 917 vocalis
1032 873 1107 936 quae
1129 857 1249 919 additur
1271 861 1444 920 consonanti

130 960 257 1020 abrevis
279 962 334 1030 sit,
358 960 425 1040 quia
448 977 507 1019 uon
529 966 628 1038 potest
650 956 726 1019 ultra
748 977 840 1019 unum
855 967 972 1039 tempus
994 978 1182 1028 excrescere,
1206 957 1292 1039 λέγω
1314 958 1443 1040 ἔλεγον,

155 1056 292 1141 λέγομαι
308 1055 495 1140 -ἐλιγόμην,
531 1061 619 1121 'unde
646 1056 813 1140 βούλομαι
840 1068 871 1121 et
896 1056 1044 1141 δύναμαι
1072 1063 1234 1123 secundum
1256 1081 1443 1124 communem

155 1163 288 1241 regulam
317 1182 352 1224 ex
382 1182 413 1224 se
441 1164 556 1224 iaciunt
585 1158 776 1242 ἐβουλόμην
806 1157 993 1243 ἐόννόμηνι
1026 1164 1076 1224 sed
1105 1165 1183 1244 quod
1206 1183 1294 1244 saepe
1317 1165 1443 1242 legimus

153 1258 349 1346 ἠβουλόμην
381 1258 558 1345 ἠδυνάμην
585 1266 674 1326 attica
704 1263 822 1325 licentia
846 1273 901 1325 est.
945 1264 1047 1327 ultima
1070 1285 1186 1347 quoque
1208 1265 1319 1346 syllaba
1342 1269 1442 1348 inper-

153 1367 224 1427 fecti
248 1385 307 1427 non
331 1366 406 1427 nihil
430 1366 613 1431 diversitatis
635 1366 740 1436 babet,
765 1374 797 1427 ut
819 1368 850 1427 in
872 1369 1091 1447 perispomenis
1113 1371 1209 1448 prima
1237 1376 1266 1428 et
1294 1370 1382 1431 tertia
1411 1372 1442 1430 in

116 1485 141 1523 ιο
153 1488 218 1529 ουν
240 1471 372 1540 mittant,
397 1464 537 1529 ἐποίουν
561 1463 748 1547 ἐχρόσουυ,
771 1468 900 1529 secunda
924 1470 955 1528 in
979 1488 1045 1548 ων,
1069 1464 1194 1549 ἐβόων,
1217 1489 1292 1549 quae
1315 1472 1389 1532 bunt
1410 1474 1442 1533 in

152 1573 269 1650 passivo
297 1570 342 1631 vel
370 1572 487 1650 passivo
515 1569 665 1632 similibus
695 1564 881 1651 ἐποιούμην
910 1566 1126 1651 ἐχηνσούμην
1154 1565 1318 1652 ἑβοωμην.
1364 1572 1441 1653 apud

153 1660 282 1734 Graecos
309 1671 391 1733 solus
418 1671 587 1733 definitivus
608 1673 713 1734 modus
740 1690 883 1752 praesens
911 1672 947 1734 ab
970 1673 1137 1752 inperfecto
1159 1673 1318 1752 disiungit,
1347 1678 1440 1737 ceteri

152 1793 255 1834 omues
277 1774 356 1834 modi
379 1776 521 1852 iungunt,
545 1783 576 1839 at
599 1773 688 1854 φιλω
712 1769 871 1855 ἐφίλουν;
895 1782 925 1835 at
946 1776 977 1835 in
999 1777 1175 1854 imperativo
1191 1774 1284 1855 φίλει
1298 1794 1441 1856 praesens
1482 1854 1487 1862 .

152 1885 182 1938 et
210 1879 406 1956 inperfectum
430 1873 434 1956 l
458 1876 667 1946 confunditur;
706 1875 842 1936 similiter
870 1878 902 1937 in
928 1878 1117 1937 coniunctim
1145 1869 1207 1938 ἐὰν
1235 1877 1324 1957 φιλω
1352 1887 1382 1940 et
1410 1882 1440 1940 io

115 1993 140 2032 15
152 1981 283 2058 optativo
310 1974 342 2038 εἰ
367 1976 498 2059 φιλοῑμι
526 1985 556 2038 et
583 1980 614 2039 in
643 1978 787 2039 inlinitivo
815 1978 929 2057 φιλεῖν
958 1985 1117 2059 ιιῑιυιυηυο
1140 1979 1228 2041 simul
1250 1988 1368 2060 tempus
1389 2002 1440 2062 ap·

151 2080 273 2160 pellant.

236 2182 278 2243 lle
302 2189 435 2262 tempore
457 2183 600 2261 perlecto.
644 2183 810 2261 perlectum
837 2191 955 2261 tempus
982 2183 1058 2262 apud
1080 2182 1211 2245 Graecos
1232 2202 1291 2244 non
1314 2204 1331 2245 a
1353 2204 1437 2265 prae·
1454 2192 1498 2242 191
1513 2193 1546 2243 v.

152 2286 245 2353 senti,
270 2284 321 2344 sed
345 2303 360 2344 a
384 2285 484 2344 tuturo
506 2285 659 2362 figuratur.
697 2302 753 2344 nec
776 2285 841 2344 sine
863 2286 993 2345 ratione:
1017 2304 1103 2345 omne
1127 2287 1207 2346 enim
1230 2287 1308 2365 quod
1330 2287 1441 2349 lactum

151 2395 196 2447 est
217 2388 302 2466 prius
324 2386 493 2447 laciendum
517 2387 582 2446 luit.
616 2387 645 2445 io
668 2387 784 2463 graecis
805 2404 892 2446 omne
914 2387 1080 2466 perlectum
1103 2394 1153 2447 aut
1176 2386 1286 2467 syllaba
1309 2396 1359 2450 aut
1381 2408 1441 2450 uno

112 2504 138 2543 vo
153 2497 285 2568 tempore
313 2490 408 2549 maius
436 2489 532 2567 prima
554 2489 701 2568 positione
724 2481 770 2549 sui
792 2488 958 2567 profertur,
987 2497 1018 2549 ut
1046 2483 1171 2549 λέλυκα
1193 2482 1340 2570 ὤπτηκα.
1385 2509 1440 2552 nee

150 2598 179 2651 te
201 2598 317 2651 moveat
338 2590 415 2670 quod
438 2587 605 2668 πεποίηκα
627 2590 672 2650 vel
700 2588 870 2671 πεφίληκα
891 2597 921 2649 et
943 2591 1050 2651 similia
1073 2609 1131 2650 non
1154 2609 1226 2661 uua,
1250 2592 1302 2652 sed
1326 2592 1441 2654 duabus

150 2691 273 2772 syllabis
294 2694 422 2772 primam
438 2692 522 2753 verbi
544 2693 668 2753 vincunt
689 2694 880 2772 positionem.
912 2691 1041 2752 diximus
1063 2694 1142 2753 enim
1164 2694 1292 2772 primam
1316 2696 1440 2773 perlecti

150 2796 329 2873 positionem
352 2814 410 2855 non
433 2814 498 2855 esse
520 2813 679 2875 praesens,
710 2795 761 2855 sed
786 2795 935 2862 futurum,
959 2794 1037 2873 quod
1060 2794 1134 2864 una,
1158 2813 1215 2855 non
1239 2794 1353 2856 duabus
1381 2795 1438 2876 syl-

150 2896 242 2965 lable,
271 2905 426 2975 superant,
455 2905 488 2957 ut
515 2892 644 2976 ποιήσω
673 2894 856 2975 πεποίηκα,
885 2891 1017 2975 φιλήσω
1045 2895 1225 2976 πεφίληκα.
1271 2897 1326 2957 hoc
1349 2899 1438 2958 etiam

113 3013 138 3053 es
152 3006 326 3075 argumento
349 2997 511 3078 probatur:
540 3016 607 3058 nam
630 3015 698 3059 eum
720 3015 880 3077 numquam
903 2997 1068 3075 perlectum
1090 3004 1208 3077 tempus
1230 3017 1246 3058 a
1268 3001 1364 3079 prima
1386 3018 1439 3079 po·

149 3101 258 3161 sitione
287 3102 334 3160 sui
362 3108 391 3160 et
420 3099 532 3179 syllaba
561 3105 676 3159 crescat
703 3110 732 3159 er
759 3106 908 3178 tempore,
937 3097 988 3158 sed
1017 3106 1130 3159 tantum
1159 3100 1268 3170 altero,
1292 3108 1385 3163 restat
1406 3108 1440 3162 ut

149 3195 286 3281 ὤπτηκα
309 3193 477 3280 ἠγάπηκα,
501 3203 526 3261 si
549 3220 565 3261 a
588 3199 797 3280 praesentibus
819 3201 895 3262 lacta
919 3208 987 3261 sunt
1010 3192 1101 3260 όπτω
1123 3194 1253 3280 α’γαπω,
1277 3210 1306 3262 et
1328 3200 1438 3283 syllaba

149 3306 261 3364 maiora
282 3303 470 3362 inveniantur
493 3310 523 3362 et
545 3310 694 3381 tempore,
718 3302 795 3381 quod
818 3303 882 3363 beri
904 3320 959 3381 per
981 3301 1114 3380 regulam
1136 3321 1195 3363 uon
1217 3287 1331 3383 potest;
1353 3325 1369 3366 a
1392 3305 1437 3366 iu·

149 3412 216 3487 turo
239 3406 330 3482 igitur
353 3406 490 3474 veniunt,
515 3397 649 3484 όπτήσω
665 3396 803 3484 όόπτηκα
825 3411 855 3464 et
875 3397 1037 3483 ἀγαπήσω
1060 3395 1227 3484 ἠγάπηκα,
1250 3408 1364 3486 primae
1388 3425 1437 3466 vo·

112 3522 136 3560 so
151 3486 225 3566 calis
247 3512 402 3584 correptae
426 3505 622 3584 productione
644 3506 731 3566 lacta.
776 3507 849 3568 item
870 3525 936 3567 cum
959 3524 1119 3585 numquam
1141 3508 1306 3587 perlectum
1329 3527 1344 3569 a
1368 3526 1436 3568 con·

149 3609 267 3667 sonanti
295 3608 444 3686 incipiens
471 3625 525 3686 par
552 3609 662 3685 origini
690 3626 761 3669 suae
789 3610 829 3670 sit
855 3626 980 3669 numero
1007 3605 1201 3687 syllabarum,
1231 3609 1438 3672 adversabitur

148 3708 271 3785 regulae
300 3727 386 3769 omne
415 3709 581 3788 perlectum
610 3709 680 3770 πων
707 3705 755 3781 εἰς
780 3730 834 3790 μι,
864 3712 933 3791 quia
961 3728 1063 3790 parem
1085 3714 1235 3791 praesenti
1258 3709 1436 3792 syllabarum

147 3828 304 3870 numerum
332 3818 428 3881 tenet,
457 3807 578 3891 didone
611 3806 761 3890 δέδωκα,
795 3811 911 3893 τίθημι
938 3807 1084 3873 τέθεικα.
1129 3812 1181 3873 sed
1209 3831 1268 3874 non
1303 3816 1344 3874 ita
1375 3821 1435 3874 est:

148 3906 246 3972 δώσω
269 3914 350 3973 enim
372 3909 503 3973 όέόωκα
526 3913 596 3973 lecit
618 3919 648 3972 et
669 3908 767 3993 θήσω
789 3910 925 3975 τέθεικα
947 3921 978 3974 et
1000 3915 1095 3974 crevit
1116 3913 1238 3994 syllaba.
1275 3933 1436 3994 numquam
1518 3988 1521 3994 ¹

109 4029 134 4070 rs
149 4015 226 4093 apud
250 4013 379 4074 Graecos
402 4008 567 4093 perlectum
590 4016 688 4075 minus
711 4018 860 4094 praesenti
884 4015 928 4076 rel
951 4017 1052 4077 tuturo
1076 4017 1236 4077 invenitur.
1273 4019 1346 4077 item
1369 4034 1435 4077 cum

147 4134 289 4195 praesens
317 4134 333 4176 a
361 4112 455 4176 vocali
479 4117 599 4196 incipit,
628 4119 708 4178 omni
738 4117 824 4178 modo
851 4120 881 4178 iu
913 4119 1076 4198 praeterito
1098 4125 1232 4179 moretur
1254 4121 1285 4179 io
1308 4119 1434 4196 longam.

147 4235 307 4296 nunnpram
330 4218 407 4297 apud
430 4217 558 4278 Graecos
580 4221 774 4297 praeteritum
798 4220 964 4299 perlectum
988 4221 1018 4279 in
1041 4219 1155 4280 duabus
1178 4219 1298 4300 syllabis
1320 4221 1434 4280 inveni·

146 4328 210 4389 tur,
241 4320 293 4380 sed
316 4327 361 4379 cst
383 4318 532 4380 interdum
554 4338 606 4380 sex
628 4320 823 4399 syllabarum,
846 4329 879 4381 ut
900 4316 1197 4402 πεπολεμόρχηκα,
1226 4329 1271 4383 est
1292 4323 1434 4401 quinque,

146 4418 377 4502 πεπολέμηκα,
406 4430 451 4482 est
473 4429 628 4502 quattuor,
652 4422 834 4503 πεποίηκα,
857 4431 903 4484 est
925 4425 1030 4493 trium,
1055 4419 1196 4502 λέλυκα,
1219 4441 1274 4484 nec
1298 4441 1436 4503 umquam

214 4643 231 4692 3
250 4656 382 4709 ενιχαιφω
395 4657 543 4709 εκεγοιιρον
560 4644 600 4695 Ρ.·
620 4636 744 4710 ἐγηαίρω
762 4646 866 4695 coniecit
885 4641 1031 4708 Opaopoeua
1099 4635 1250 4710 ἐπιγαίου]
1265 4658 1397 4707 critatem
1412 4644 1437 4694 P

217 4712 250 4764 10
271 4713 370 4762 initiunt
391 4713 415 4761 P
484 4711 512 4762 ll
534 4713 575 4762 uel
594 4715 707 4780 prasinis
728 4715 853 4764 similibus
874 4717 898 4764 P
920 4713 958 4762 rel
981 4713 1078 4778 passivi
1103 4713 1231 4763 similibus
1256 4712 1365 4761 Zeuaius

150 4783 181 4832 12
201 4783 354 4833 dillioirinns
371 4787 516 4832 constanter
535 4785 560 4832 P
628 4784 662 4836 20
679 4784 775 4838 λελικα
794 4784 819 4835 Ρ
888 4799 933 4834 nec
954 4793 1055 4835 moueat
1075 4784 1099 4835 P
1120 4799 1166 4833 nec
1190 4794 1274 4833 umen
1293 4790 1434 4833 temonem

146 4868 203 4906 erec.
226 4853 288 4903 Bab.
360 4853 393 4904 32
406 4849 591 4920 praeseutisP
