3346 5498
667 361 738 421 ntis
767 361 803 420 lV
826 361 946 422 8—Vl
1384 358 1448 423 429

192 481 213 521 p.
227 471 283 510 1109.
298 468 322 509 re
335 467 361 508 P.
1263 481 1285 521 p.
1299 471 1345 509 341.
1360 471 1385 510 42
1400 469 1421 513 1.,

167 568 242 629 quae
265 568 301 609 ex
323 567 358 608 eo
380 555 598 626 componuntur
622 545 668 627 [et
689 548 736 607 bis
757 566 833 627 quae
856 550 886 609 in
910 566 943 607 er
966 547 1105 626 syllabam
1130 547 1295 628 desinunt].
1341 552 1446 611 tertiae

167 659 326 731 autpares
347 650 458 710 babent
479 648 605 729 syllabas
625 652 657 710 in
680 649 810 729 obliquis
832 649 950 711 casibus
971 657 1022 710 aut
1045 669 1132 711 unarn
1155 650 1324 711 adsumunt.
1358 654 1445 730 quin·

166 760 212 814 tae
233 751 336 832 procul
359 750 449 811 dubie
470 751 538 831 plus
559 771 616 812 uua
638 751 749 832 syllaba
770 753 899 831 proferri
920 751 1024 812 solent.
1055 770 1149 831 pauca
1170 755 1365 813 inveniuntur
1386 760 1446 813 ter·

166 857 224 915 tiae
248 854 454 914 declinationis
480 873 556 933 quae
579 856 611 914 in
633 855 761 931 genitivo
786 853 901 915 duabus
921 853 1041 933 syllabis
1063 862 1216 923 crescunt,
1239 857 1297 914 iter
1318 857 1445 925 itineris,

138 975 273 1035 sanceps
295 957 449 1036 ancipitis,
478 955 581 1036 biceps
604 955 751 1035 bicipitis,
781 959 892 1037 triceps
913 958 1070 1036 tricipitis,
1099 974 1242 1035 praeceps
1263 951 1445 1035 praecipitis,

164 1061 247 1119 ieeur
269 1059 426 1128 iecinoris;
449 1058 501 1118 sed
524 1066 555 1117 et
575 1059 684 1118 iecoris
704 1058 813 1119 lectum
835 1067 894 1118 est:
918 1057 1049 1137 supellex
1072 1057 1273 1136 supellectilis

248 1159 387 1220 Omnium
409 1161 575 1230 nominum,
604 1162 816 1240 cuiuscumque
845 1163 903 1220 sint
931 1160 1152 1229 declinationis
1176 1162 1324 1221 vocativus
1346 1162 1445 1239 siugu-

164 1261 235 1322 laris
257 1261 362 1321 similis
384 1269 430 1321 est
451 1263 631 1322 nominativo
653 1262 786 1322 eiusdem
808 1256 935 1330 numeri,
959 1280 1056 1341 neque
1079 1262 1133 1322 505
1156 1263 1186 1320 iu
1210 1261 1331 1322 dubium
1354 1266 1444 1332 venit,

163 1365 296 1442 exceptis
318 1361 488 1423 nominibus
510 1362 656 1424 secundae
680 1363 905 1434 declinationis,
927 1381 1053 1443 quorum
1068 1365 1219 1424 vocativus
1234 1363 1362 1424 diversis
1383 1383 1445 1423 mo·

125 1485 152 1525 to
165 1465 210 1525 dis
231 1467 418 1545 exprimitur.
456 1467 577 1544 propria
600 1467 691 1543 igitur
714 1467 832 1526 nomina
854 1484 929 1545 quae
952 1467 983 1525 in
1005 1467 1187 1526 nominativo
1209 1483 1278 1525 casu
1301 1466 1444 1543 singulari

163 1585 198 1626 us
225 1566 333 1647 syllaba
362 1569 559 1627 terminantur
581 1569 591 1626 i
613 1566 705 1627 vocali
733 1568 901 1646 praeposita
929 1568 1094 1627 vocativum
1121 1567 1258 1646 adempta
1285 1569 1445 1627 novissima

163 1667 272 1748 syllaba
296 1669 419 1736 iaciunt,
444 1675 477 1728 ut
498 1668 547 1728 hic
570 1666 574 1748 l
599 1667 745 1745 Vergilius
767 1667 926 1746 oVergili,
949 1668 999 1728 510
1015 1668 1174 1728 Terentius
1195 1687 1213 1727 o
1235 1667 1373 1739 Terenti,
1396 1669 1445 1729 hic

163 1765 312 1830 Domitius
333 1789 350 1828 o
372 1769 498 1839 Domiti;
523 1765 535 1850 ll
560 1772 728 1850 praeposita
756 1789 827 1829 vero
855 1768 986 1849 qualibet
1013 1777 1193 1831 consonante
1221 1771 1385 1829 vocativum
1412 1772 1443 1830 in

162 1890 178 1932 e
201 1880 368 1950 correptam
396 1873 531 1939 mittunt,
561 1879 594 1931 ut
621 1871 670 1932 hic
693 1871 813 1932 Turnus
834 1891 851 1931 0
874 1871 989 1941 Turne,
1013 1871 1061 1931 bic
1082 1870 1199 1934 Marcus
1220 1890 1237 1929 o
1259 1871 1371 1941 Marce,
1395 1871 1445 1931 bic

123 1973 305 2034 ntentuus
332 1992 349 2030 o
376 1972 510 2034 Lentule.
555 1972 727 2052 appellativa
756 1991 831 2052 quae
859 1975 890 2033 in
919 1974 965 2032 ius
998 1972 1138 2032 desinunt
1164 1974 1328 2032 vocativum
1361 1975 1393 2033 in
1427 1992 1442 2034 e

161 2076 297 2143 mittunt,
326 2080 359 2134 ut
384 2073 433 2133 bic
455 2074 563 2134 nunus
585 2093 602 2133 o
624 2073 728 2143 llnvie,
757 2076 855 2134 socius
877 2091 894 2133 o
916 2075 1006 2133 socie.
1050 2091 1126 2153 quae
1149 2082 1265 2134 veteres
1287 2076 1367 2136 iuxta
1391 2094 1442 2136 no-

162 2178 334 2237 minativum
356 2174 566 2255 proferebant,
590 2184 623 2235 ut
644 2175 792 2253 Vergilius
1496 2162 1499 2167 ¹

312 2279 490 2354 corniger
513 2276 760 2356 Hesperidum
784 2276 924 2338 fluvius
945 2285 1123 2356 regnator
1145 2296 1330 2357 aquarum.

160 2398 235 2460 quae
264 2385 442 2440 consonante
471 2377 600 2457 praelata
628 2381 659 2439 in
687 2379 812 2439 eandem
839 2378 978 2459 syllabam
1008 2379 1160 2449 desinunt,
1185 2380 1210 2439 si
1232 2379 1353 2459 quidem
1376 2389 1445 2442 sunt

122 2482 328 2543 coaccidentia
354 2481 400 2541 vel
428 2481 603 2550 derivativa,
633 2483 798 2542 vocativum
820 2482 851 2540 in
874 2499 890 2540 e
913 2483 1049 2549 mittunt,
1071 2487 1105 2540 ut
1127 2480 1230 2541 doctus
1252 2481 1352 2552 docte,
1376 2502 1443 2543 san·

161 2592 226 2644 etus
252 2589 367 2652 sancte,
396 2582 545 2643 ltomauus
571 2581 718 2653 Romane,
746 2582 896 2662 Hispanus
922 2582 1062 2663 Hispane.
1107 2589 1205 2643 cetera
1233 2584 1265 2642 in
1286 2601 1322 2643 us
1343 2586 1444 2663 potins

160 2703 249 2764 quarn
271 2685 300 2743 iu
324 2703 340 2743 e
363 2683 503 2763 syllabam
526 2691 649 2754 exeunt,
672 2691 706 2744 ut
727 2683 774 2743 hic
796 2683 922 2763 populus
944 2702 961 2743 o
983 2683 1123 2763 populus:
1147 2684 1190 2758 sic
1205 2682 1340 2746 Lucanus
1361 2685 1442 2746 ‘de-

160 2803 274 2864 gener
297 2804 314 2844 o
336 2785 524 2864 populns':
553 2787 605 2846 sed
633 2793 663 2846 et
690 2804 707 2845 o
735 2785 843 2865 popule
864 2784 974 2846 lectum
997 2792 1057 2844 est:
1085 2784 1169 2844 lucus
1190 2803 1207 2843 o
1229 2785 1322 2846 lucus.
1366 2805 1442 2866 quae

161 2907 176 2947 a
199 2886 352 2948 veteribus
372 2894 495 2967 propter
524 2890 713 2967 asperitatem
742 2889 823 2947 vocis
843 2888 965 2946 minime
989 2888 1095 2946 usitata
1117 2891 1199 2954 sunt,
1223 2887 1296 2946 adeo
1319 2895 1351 2947 ut
1373 2906 1442 2949 rara

124 3007 151 3048 es
164 2989 254 3049 huius
274 2988 355 3048 modi
378 2988 583 3049 declinationis
604 2990 794 3068 reperiantur
816 2987 965 3067 exempla:
989 2987 1062 3048 baec
1084 2994 1199 3066 myrtus
1220 3006 1237 3046 o
1259 2996 1353 3067 myrte
1370 2989 1441 3050 Ver·

159 3091 249 3169 gilius
272 3089 445 3160 declinavit,
468 3090 522 3151 ‘et
544 3097 580 3150 tu
601 3092 767 3170 proxima
789 3092 934 3170 myrte'.

244 3191 362 3251 Tertiae
386 3210 502 3271 queque
525 3192 732 3253 declinationis
754 3192 906 3251 nominum
928 3188 1073 3251 ablativus
1087 3208 1173 3250 casus
1188 3191 1347 3269 singularis
1369 3193 1441 3254 duo·

159 3293 215 3354 bus
236 3292 333 3352 medis
353 3294 482 3371 prolerri
505 3294 593 3364 solet,
621 3300 672 3353 ant
699 3295 730 3352 iu
759 3311 774 3351 e
798 3293 899 3352 autin
922 3293 943 3350 i.
987 3291 1039 3350 sed
1061 3290 1110 3351 illa
1132 3293 1164 3351 iu
1186 3294 1196 3351 i
1220 3302 1342 3363 exeunt,
1365 3314 1441 3374 quae

159 3395 325 3455 communis
351 3401 419 3454 sunt
445 3396 563 3473 generis
590 3400 621 3454 et
641 3396 673 3454 in
700 3395 880 3454 nominativo
908 3396 934 3453 is
962 3391 1072 3471 syllaba
1101 3395 1314 3463 terminantur,
1338 3402 1370 3455 ut
1392 3396 1441 3457 hic

120 3515 147 3555 so
161 3505 191 3557 et
213 3496 286 3556 haec
309 3498 408 3555 suavis
430 3495 466 3556 ab
489 3496 544 3555 500
567 3503 596 3555 et
618 3495 655 3555 ab
677 3494 732 3554 bac
755 3495 852 3562 suavi,
875 3493 925 3553 hic
948 3499 978 3553 et
1000 3494 1073 3553 baec
1095 3496 1193 3571 gravis
1214 3495 1251 3556 ab
1274 3496 1329 3556 hoc
1352 3504 1382 3557 et
1403 3497 1439 3558 ab

158 3598 214 3660 bac
236 3598 332 3675 gravi;
360 3600 430 3657 item
460 3605 565 3658 neutra
592 3615 668 3677 quae
695 3598 726 3656 in
753 3596 934 3656 nominativo
961 3613 977 3654 e
1005 3594 1051 3655 vel
1073 3595 1082 3656 1
1104 3595 1149 3655 vel
1171 3615 1187 3656 r
1208 3596 1318 3657 litteris
1339 3599 1441 3659 termi-

242 3799 258 3850 3
276 3814 357 3865 pauca
376 3799 539 3850 inveniuntur
554 3802 641 3851 tertiae
659 3799 835 3850 declinationis
854 3797 930 3851 otor.
950 3797 994 3858 48,
1014 3797 1046 3848 17
1132 3799 1279 3866 llexoeptis
1297 3801 1440 3852 nominibus

158 3869 284 3920 secundae
300 3869 476 3919 declinationis
495 3871 574 3921 Proh.
591 3870 658 3925 cath.
676 3873 702 3930 4,
721 3871 762 3921 14.
780 3871 853 3935 Serg.
874 3869 1022 3932 55015055
1040 3869 1107 3920 Don.
1126 3867 1187 3931 498,
1206 3869 1236 3920 17
1306 3871 1340 3920 22
1357 3882 1385 3921 ut
1398 3871 1441 3921 hic

158 3938 267 4004 populus
286 3939 398 4003 Pompei.
416 3939 473 3995 186,
491 3941 527 3992 29
593 3941 627 3991 27
649 3942 735 3989 tertiae
754 3954 854 4004 qnoque
869 3937 1044 3988 declinationis
1060 3937 1136 3988 Utor.
1156 3939 1257 4003 2515.
1276 3938 1377 4004 21511.
1396 3938 1439 4005 39,

160 4009 200 4061 lo.
215 4009 257 4067 41,
278 4009 319 4060 14.
333 4025 391 4059 ecc.
413 4009 488 4063 Odor.
508 4010 567 4073 541,
588 4012 611 4061 1.
630 4012 690 4072 542,
708 4007 752 4061 20.
768 4010 828 4072 544,
846 4009 887 4062 12.
905 4009 966 4070 545,
982 4005 1000 4058 9

244 4198 413 4254 151500ος
480 4197 583 4249 615505
600 4199 690 4247 iecoris
710 4198 755 4247 sed
773 4197 892 4246 iecinoris
908 4195 998 4244 lectum
1015 4202 1054 4244 est
1071 4195 1097 4244 F
1163 4203 1188 4243 et
1202 4210 1249 4246 om.
1264 4196 1290 4244 P
1357 4196 1442 4262 supel-

159 4268 249 4318 lectilis
271 4282 304 4317 ne
320 4284 439 4318 oocsrmo
460 4283 520 4319 csso
541 4282 637 4319 sussen
651 4282 797 4318 svsuousrns
815 4266 930 4331 (suusne
949 4279 1080 4315 srneutsnr
1099 4263 1134 4326 F)
1153 4263 1270 4315 Omnium
1289 4267 1342 4315 PF
1409 4266 1441 4317 15

157 4340 183 4388 10
202 4335 252 4404 ius]
277 4340 301 4386 io
319 4354 350 4388 us
369 4340 394 4388 P
462 4340 493 4389 17
511 4334 653 4402 Vergilius]
672 4337 737 4387 Aen.
755 4336 861 4386 1111177
930 4334 962 4384 21
984 4348 1081 4399 spanus
1101 4337 1222 4398 spaneP
1288 4338 1323 4386 22
1340 4336 1377 4385 510
1393 4334 1441 4383 Lu·

157 4423 237 4458 mnus
255 4408 397 4473 degenero
415 4408 523 4474 populus
542 4422 588 4457 om.
606 4407 631 4456 F
635 4424 645 4457 .·
661 4408 757 4456 Lucan
778 4404 898 4457 Pllcrsol.
917 4405 939 4454 11
959 4403 1009 4455 116
1057 4403 1090 4453 24
1108 4404 1178 4454 vocis
1194 4420 1240 4454 osu.
1260 4405 1284 4454 Ρ
1350 4404 1385 4453 25
1403 4419 1442 4452 re-

158 4478 291 4545 perinntur
309 4478 334 4525 P
401 4478 435 4528 26
452 4487 477 4525 et
490 4486 515 4526 te
533 4491 563 4533 ςτ
584 4477 663 4541 Verp.
682 4476 762 4529 bucol.
781 4476 808 4535 2,
823 4475 856 4525 54
927 4480 1009 4537 myrte
1027 4487 1059 4522 nr
1079 4483 1201 4525 sosarmo
1217 4488 1348 4526 srnounsnr
1367 4487 1441 4522 nosr-

157 4562 211 4599 551
225 4561 333 4596 rcnrrnc
354 4561 545 4598 oecurssrronrs
564 4546 665 4596 Tertiae
679 4546 732 4595 PF
798 4544 833 4595 28
851 4552 894 4593 sut
911 4544 937 4592 in
956 4543 974 4591 i.
994 4541 1040 4590 sed
1058 4542 1102 4592 ille
1117 4559 1182 4607 quse
1200 4543 1248 4591 ini
1267 4550 1359 4592 exeunt
1373 4556 1441 4591 com-

156 4618 241 4666 munis
260 4626 320 4664 suut
338 4630 354 4672 ς
371 4626 414 4666 aut
430 4619 455 4665 in
474 4618 481 4665 i
495 4625 589 4665 exeunt
604 4614 745 4665 eommunis
761 4624 820 4664 suut
836 4614 862 4664 F
929 4611 961 4663 31
980 4613 1039 4661 item
1055 4621 1144 4690 nentrp
1159 4626 1224 4677 qnae
1242 4612 1267 4660 in
1283 4612 1440 4661 nominatius

157 4703 171 4736 e
186 4685 227 4734 uel
247 4699 275 4734 nr
293 4687 333 4734 uel
355 4687 378 4735 nl
397 4687 501 4751 syllabis
519 4685 684 4735 terminantur
701 4684 748 4734 boc
761 4683 840 4734 sedile
856 4682 888 4732 55
901 4683 948 4733 500
960 4681 1034 4732 sedili
1049 4681 1098 4733 hoc
1109 4683 1212 4746 laquear
1225 4682 1257 4731 eb
1269 4680 1318 4730 hoc
1329 4679 1441 4743 laqueari

157 4755 205 4804 boc
224 4755 319 4803 animal
339 4757 371 4805 ab
389 4756 436 4806 500
450 4754 562 4804 animali.
583 4763 690 4822 excepto
708 4769 765 4803 cum
784 4770 799 4803 e
816 4752 896 4803 autel
914 4751 1028 4801 babetur.
1044 4753 1089 4802 sed
1108 4768 1165 4803 cnm
1183 4766 1198 4800 s
1216 4751 1295 4800 nntel
1314 4751 1441 4800 inuenitur

157 4835 184 4873 nt
203 4823 252 4873 boc
269 4825 379 4874 tribunal
398 4827 429 4874 ob
447 4825 495 4876 1ιο0
513 4826 631 4875 tribunali
647 4824 758 4890 lupercal
776 4824 807 4874 ab
824 4821 872 4872 500
886 4821 1007 4888 lupercali
1019 4829 1044 4871 et
1058 4831 1157 4873 caetera
1173 4837 1231 4871 cum
1246 4837 1259 4870 e
1277 4823 1440 4873 antecesserit
