<?xml version="1.0" encoding="UTF-8"?>
<!DOCTYPE html PUBLIC "-//W3C//DTD XHTML 1.0 Transitional//EN"
    "http://www.w3.org/TR/xhtml1/DTD/xhtml1-transitional.dtd">
<html xmlns="http://www.w3.org/1999/xhtml" xml:lang="en" lang="en">
 <head>
  <title>
</title>
<meta http-equiv="Content-Type" content="text/html;charset=utf-8" />
  <meta name='ocr-system' content='tesseract 3.04.00' />
  <meta name='ocr-capabilities' content='ocr_page ocr_carea ocr_par ocr_line ocrx_word'/>
</head>
<body>
  <div class='ocr_page' id='page_1' title='image "./grammaticilatin03keilgoog_0352.png"; bbox 0 0 3346 5498; ppageno 0'>
   <div class='ocr_carea' id='block_1_1' title="bbox 744 363 1427 455">
    <p class='ocr_par' dir='ltr' id='par_1_1' title="bbox 744 363 1427 455">
     <span class='ocr_line' id='line_1_1' title="bbox 744 363 1427 455; baseline 0.01 -33"><span class='ocrx_word' id='word_1_1' title='bbox 744 363 815 455; x_wconf 82' lang='lat' dir='ltr'>sus</span> <span class='ocrx_word' id='word_1_2' title='bbox 1364 365 1427 429; x_wconf 90' lang='grc'>333</span> 
     </span>
    </p>
   </div>
   <div class='ocr_carea' id='block_1_2' title="bbox 120 543 1473 4876">
    <p class='ocr_par' dir='ltr' id='par_1_2' title="bbox 120 543 1473 4876">
     <span class='ocr_line' id='line_1_2' title="bbox 133 543 1426 637; baseline 0.007 -31"><span class='ocrx_word' id='word_1_3' title='bbox 133 544 317 607; x_wconf 87' lang='lat' dir='ltr'>universam</span> <span class='ocrx_word' id='word_1_4' title='bbox 342 553 444 607; x_wconf 88' lang='lat' dir='ltr'>artem</span> <span class='ocrx_word' id='word_1_5' title='bbox 468 543 644 630; x_wconf 84' lang='lat' dir='ltr'>conplexus</span> <span class='ocrx_word' id='word_1_6' title='bbox 668 556 753 624; x_wconf 89' lang='lat' dir='ltr'>erat,</span> <span class='ocrx_word' id='word_1_7' title='bbox 778 546 908 610; x_wconf 89' lang='lat' dir='ltr'>relictos</span> <span class='ocrx_word' id='word_1_8' title='bbox 932 569 1014 611; x_wconf 88' lang='lat' dir='ltr'>esse.</span> <span class='ocrx_word' id='word_1_9' title='bbox 1045 570 1120 611; x_wconf 86' lang='lat' dir='ltr'>nam</span> <span class='ocrx_word' id='word_1_10' title='bbox 1135 570 1174 612; x_wconf 97' lang='grc'>33</span> <span class='ocrx_word' id='word_1_11' title='bbox 1190 548 1320 634; x_wconf 90' lang='lat' dir='ltr'>quidem</span> <span class='ocrx_word' id='word_1_12' title='bbox 1344 574 1426 637; x_wconf 90' lang='lat' dir='ltr'>quae</span> 
     </span>
     <span class='ocr_line' id='line_1_3' title="bbox 132 644 1426 732; baseline 0.005 -23"><span class='ocrx_word' id='word_1_13' title='bbox 132 648 166 710; x_wconf 90' lang='lat' dir='ltr'>in</span> <span class='ocrx_word' id='word_1_14' title='bbox 195 667 259 708; x_wconf 92' lang='lat' dir='ltr'>uno</span> <span class='ocrx_word' id='word_1_15' title='bbox 288 645 440 709; x_wconf 90' lang='lat' dir='ltr'>Leidensi</span> <span class='ocrx_word' id='word_1_16' title='bbox 469 645 581 709; x_wconf 91' lang='lat' dir='ltr'>codice</span> <span class='ocrx_word' id='word_1_17' title='bbox 609 644 649 708; x_wconf 90' lang='lat' dir='ltr'>dc</span> <span class='ocrx_word' id='word_1_18' title='bbox 677 646 811 731; x_wconf 91' lang='lat' dir='ltr'>reliquis</span> <span class='ocrx_word' id='word_1_19' title='bbox 840 648 989 732; x_wconf 89' lang='lat' dir='ltr'>partibus</span> <span class='ocrx_word' id='word_1_20' title='bbox 1020 649 1180 712; x_wconf 88' lang='lat' dir='ltr'>orationis</span> <span class='ocrx_word' id='word_1_21' title='bbox 1208 650 1324 715; x_wconf 90' lang='lat' dir='ltr'>addita</span> <span class='ocrx_word' id='word_1_22' title='bbox 1351 663 1426 717; x_wconf 85' lang='lat' dir='ltr'>sunt</span> 
     </span>
     <span class='ocr_line' id='line_1_4' title="bbox 132 744 1426 831; baseline 0.005 -21"><span class='ocrx_word' id='word_1_23' title='bbox 132 755 199 810; x_wconf 89' lang='lat' dir='ltr'>tam</span> <span class='ocrx_word' id='word_1_24' title='bbox 229 744 329 809; x_wconf 83' lang='lat' dir='ltr'>exilia</span> <span class='ocrx_word' id='word_1_25' title='bbox 356 757 388 809; x_wconf 91' lang='lat' dir='ltr'>ct</span> <span class='ocrx_word' id='word_1_26' title='bbox 418 757 484 809; x_wconf 80' lang='lat' dir='ltr'>tans</span> <span class='ocrx_word' id='word_1_27' title='bbox 514 747 620 810; x_wconf 89' lang='lat' dir='ltr'>aliena</span> <span class='ocrx_word' id='word_1_28' title='bbox 645 747 687 809; x_wconf 89' lang='lat' dir='ltr'>ab</span> <span class='ocrx_word' id='word_1_29' title='bbox 717 746 813 811; x_wconf 78' lang='lat' dir='ltr'>liuius</span> <span class='ocrx_word' id='word_1_30' title='bbox 835 750 1040 830; x_wconf 79' lang='lat' dir='ltr'><strong>grammatici</strong></span> <span class='ocrx_word' id='word_1_31' title='bbox 1065 750 1191 813; x_wconf 90' lang='lat' dir='ltr'>ratione</span> <span class='ocrx_word' id='word_1_32' title='bbox 1213 763 1303 831; x_wconf 86' lang='lat' dir='ltr'>sunt,</span> <span class='ocrx_word' id='word_1_33' title='bbox 1326 762 1426 816; x_wconf 88' lang='lat' dir='ltr'>utne</span> 
     </span>
     <span class='ocr_line' id='line_1_5' title="bbox 132 846 1423 936; baseline 0.005 -26"><span class='ocrx_word' id='word_1_34' title='bbox 132 867 192 933; x_wconf 89' lang='lat' dir='ltr'>pro</span> <span class='ocrx_word' id='word_1_35' title='bbox 220 848 383 932; x_wconf 85' lang='lat' dir='ltr'>excerptis</span> <span class='ocrx_word' id='word_1_36' title='bbox 412 846 543 932; x_wconf 88' lang='lat' dir='ltr'>quidem</span> <span class='ocrx_word' id='word_1_37' title='bbox 572 846 658 910; x_wconf 91' lang='lat' dir='ltr'>illius</span> <span class='ocrx_word' id='word_1_38' title='bbox 687 846 839 912; x_wconf 86' lang='lat' dir='ltr'>habenda</span> <span class='ocrx_word' id='word_1_39' title='bbox 867 849 948 930; x_wconf 87' lang='lat' dir='ltr'>sint,</span> <span class='ocrx_word' id='word_1_40' title='bbox 978 851 1036 913; x_wconf 89' lang='lat' dir='ltr'>sod</span> <span class='ocrx_word' id='word_1_41' title='bbox 1063 851 1172 936; x_wconf 90' lang='lat' dir='ltr'>potius</span> <span class='ocrx_word' id='word_1_42' title='bbox 1196 853 1238 916; x_wconf 87' lang='lat' dir='ltr'>ad</span> <span class='ocrx_word' id='word_1_43' title='bbox 1261 852 1423 917; x_wconf 84' lang='lat' dir='ltr'>defectum</span> 
     </span>
     <span class='ocr_line' id='line_1_6' title="bbox 132 946 1423 1039; baseline 0.005 -28"><span class='ocrx_word' id='word_1_44' title='bbox 132 946 349 1034; x_wconf 89' lang='lat' dir='ltr'>supplendum</span> <span class='ocrx_word' id='word_1_45' title='bbox 372 947 502 1011; x_wconf 83' lang='lat' dir='ltr'>aliunde</span> <span class='ocrx_word' id='word_1_46' title='bbox 524 949 698 1012; x_wconf 87' lang='lat' dir='ltr'>videantur</span> <span class='ocrx_word' id='word_1_47' title='bbox 720 948 859 1014; x_wconf 72' lang='lat' dir='ltr'>collecta</span> <span class='ocrx_word' id='word_1_48' title='bbox 880 973 962 1013; x_wconf 88' lang='lat' dir='ltr'>esse.</span> <span class='ocrx_word' id='word_1_49' title='bbox 999 952 1090 1036; x_wconf 89' lang='lat' dir='ltr'>atqui</span> <span class='ocrx_word' id='word_1_50' title='bbox 1112 951 1144 1014; x_wconf 91' lang='grc'>13</span> <span class='ocrx_word' id='word_1_51' title='bbox 1168 955 1332 1039; x_wconf 88' lang='lat' dir='ltr'>scriptura</span> <span class='ocrx_word' id='word_1_52' title='bbox 1354 978 1423 1018; x_wconf 90' lang='lat' dir='ltr'>ver·</span> 
     </span>
     <span class='ocr_line' id='line_1_7' title="bbox 132 1050 1422 1141; baseline 0.003 -26"><span class='ocrx_word' id='word_1_53' title='bbox 132 1053 247 1115; x_wconf 90' lang='lat' dir='ltr'>borum</span> <span class='ocrx_word' id='word_1_54' title='bbox 268 1072 396 1135; x_wconf 87' lang='lat' dir='ltr'>quoque</span> <span class='ocrx_word' id='word_1_55' title='bbox 419 1050 546 1113; x_wconf 87' lang='lat' dir='ltr'>codices</span> <span class='ocrx_word' id='word_1_56' title='bbox 570 1072 650 1135; x_wconf 89' lang='lat' dir='ltr'>quos</span> <span class='ocrx_word' id='word_1_57' title='bbox 674 1072 772 1135; x_wconf 88' lang='lat' dir='ltr'>supra</span> <span class='ocrx_word' id='word_1_58' title='bbox 795 1050 864 1114; x_wconf 86' lang='lat' dir='ltr'>dixi</span> <span class='ocrx_word' id='word_1_59' title='bbox 893 1059 925 1115; x_wconf 86' lang='grc'>31</span> <span class='ocrx_word' id='word_1_60' title='bbox 947 1051 1030 1115; x_wconf 87' lang='lat' dir='ltr'>inter</span> <span class='ocrx_word' id='word_1_61' title='bbox 1052 1074 1087 1115; x_wconf 90' lang='lat' dir='ltr'>se</span> <span class='ocrx_word' id='word_1_62' title='bbox 1108 1063 1142 1116; x_wconf 89' lang='lat' dir='ltr'>ct</span> <span class='ocrx_word' id='word_1_63' title='bbox 1163 1075 1236 1117; x_wconf 87' lang='lat' dir='ltr'>curn</span> <span class='ocrx_word' id='word_1_64' title='bbox 1259 1057 1422 1141; x_wconf 81' lang='lat' dir='ltr'>excerptis</span> 
     </span>
     <span class='ocr_line' id='line_1_8' title="bbox 131 1151 1423 1235; baseline 0.005 -21"><span class='ocrx_word' id='word_1_65' title='bbox 131 1151 420 1235; x_wconf 87' lang='lat' dir='ltr'>grammaticorum</span> <span class='ocrx_word' id='word_1_66' title='bbox 453 1151 500 1214; x_wconf 87' lang='lat' dir='ltr'>ita</span> <span class='ocrx_word' id='word_1_67' title='bbox 533 1152 757 1231; x_wconf 88' lang='lat' dir='ltr'>consentiunt,</span> <span class='ocrx_word' id='word_1_68' title='bbox 788 1162 825 1215; x_wconf 89' lang='grc'>31</span> <span class='ocrx_word' id='word_1_69' title='bbox 855 1175 955 1215; x_wconf 90' lang='lat' dir='ltr'>unum</span> <span class='ocrx_word' id='word_1_70' title='bbox 989 1163 1021 1216; x_wconf 90' lang='grc'>31</span> <span class='ocrx_word' id='word_1_71' title='bbox 1048 1175 1251 1217; x_wconf 88' lang='lat' dir='ltr'>communem</span> <span class='ocrx_word' id='word_1_72' title='bbox 1280 1156 1423 1220; x_wconf 87' lang='lat' dir='ltr'>omniurn</span> 
     </span>
     <span class='ocr_line' id='line_1_9' title="bbox 131 1252 1421 1343; baseline 0.004 -28"><span class='ocrx_word' id='word_1_73' title='bbox 131 1253 255 1316; x_wconf 86' lang='lat' dir='ltr'>fontem</span> <span class='ocrx_word' id='word_1_74' title='bbox 278 1275 349 1316; x_wconf 89' lang='lat' dir='ltr'>esso</span> <span class='ocrx_word' id='word_1_75' title='bbox 371 1253 537 1337; x_wconf 82' lang='lat' dir='ltr'>adpareat.</span> <span class='ocrx_word' id='word_1_76' title='bbox 570 1252 793 1337; x_wconf 81' lang='lat' dir='ltr'>discrepantes</span> <span class='ocrx_word' id='word_1_77' title='bbox 817 1252 903 1316; x_wconf 91' lang='lat' dir='ltr'>enirn</span> <span class='ocrx_word' id='word_1_78' title='bbox 925 1254 1073 1318; x_wconf 92' lang='lat' dir='ltr'>codicum</span> <span class='ocrx_word' id='word_1_79' title='bbox 1096 1256 1289 1340; x_wconf 86' lang='lat' dir='ltr'>scripturae,</span> <span class='ocrx_word' id='word_1_80' title='bbox 1312 1280 1421 1343; x_wconf 91' lang='lat' dir='ltr'>quam-</span> 
     </span>
     <span class='ocr_line' id='line_1_10' title="bbox 131 1353 1421 1443; baseline 0.005 -27"><span class='ocrx_word' id='word_1_81' title='bbox 131 1353 182 1417; x_wconf 86' lang='lat' dir='ltr'>vis</span> <span class='ocrx_word' id='word_1_82' title='bbox 206 1375 341 1417; x_wconf 90' lang='lat' dir='ltr'>numero</span> <span class='ocrx_word' id='word_1_83' title='bbox 364 1353 549 1439; x_wconf 86' lang='lat' dir='ltr'>frequentes</span> <span class='ocrx_word' id='word_1_84' title='bbox 573 1354 655 1434; x_wconf 89' lang='lat' dir='ltr'>sint,</span> <span class='ocrx_word' id='word_1_85' title='bbox 684 1363 792 1416; x_wconf 87' lang='lat' dir='ltr'>tamen</span> <span class='ocrx_word' id='word_1_86' title='bbox 821 1374 932 1419; x_wconf 90' lang='lat' dir='ltr'>omnes</span> <span class='ocrx_word' id='word_1_87' title='bbox 959 1356 1028 1419; x_wconf 87' lang='lat' dir='ltr'>fere</span> <span class='ocrx_word' id='word_1_88' title='bbox 1057 1356 1090 1419; x_wconf 92' lang='grc'>13</span> <span class='ocrx_word' id='word_1_89' title='bbox 1113 1377 1150 1419; x_wconf 92' lang='grc'>33</span> <span class='ocrx_word' id='word_1_90' title='bbox 1173 1369 1347 1422; x_wconf 87' lang='lat' dir='ltr'>versantur</span> <span class='ocrx_word' id='word_1_91' title='bbox 1368 1382 1421 1443; x_wconf 89' lang='lat' dir='ltr'>ge·</span> 
     </span>
     <span class='ocr_line' id='line_1_11' title="bbox 130 1453 1421 1546; baseline 0.005 -29"><span class='ocrx_word' id='word_1_92' title='bbox 130 1477 222 1535; x_wconf 84' lang='lat' dir='ltr'>nere,</span> <span class='ocrx_word' id='word_1_93' title='bbox 247 1454 334 1540; x_wconf 91' lang='lat' dir='ltr'>quod</span> <span class='ocrx_word' id='word_1_94' title='bbox 357 1477 423 1520; x_wconf 92' lang='lat' dir='ltr'>non</span> <span class='ocrx_word' id='word_1_95' title='bbox 445 1464 511 1518; x_wconf 87' lang='lat' dir='ltr'>tam</span> <span class='ocrx_word' id='word_1_96' title='bbox 534 1477 576 1518; x_wconf 85' lang='lat' dir='ltr'>ex</span> <span class='ocrx_word' id='word_1_97' title='bbox 591 1453 784 1518; x_wconf 87' lang='lat' dir='ltr'>diversitate</span> <span class='ocrx_word' id='word_1_98' title='bbox 805 1455 939 1538; x_wconf 90' lang='lat' dir='ltr'>originis</span> <span class='ocrx_word' id='word_1_99' title='bbox 963 1453 1092 1541; x_wconf 87' lang='lat' dir='ltr'>longius</span> <span class='ocrx_word' id='word_1_100' title='bbox 1114 1468 1238 1521; x_wconf 90' lang='lat' dir='ltr'>remota</span> <span class='ocrx_word' id='word_1_101' title='bbox 1260 1482 1356 1543; x_wconf 91' lang='lat' dir='ltr'>quam</span> <span class='ocrx_word' id='word_1_102' title='bbox 1380 1484 1421 1546; x_wconf 72' lang='grc'>33</span> 
     </span>
     <span class='ocr_line' id='line_1_12' title="bbox 130 1554 1420 1641; baseline 0.005 -23"><span class='ocrx_word' id='word_1_103' title='bbox 130 1555 338 1619; x_wconf 84' lang='lat' dir='ltr'>librariorum</span> <span class='ocrx_word' id='word_1_104' title='bbox 372 1554 424 1619; x_wconf 90' lang='lat' dir='ltr'>vel</span> <span class='ocrx_word' id='word_1_105' title='bbox 457 1555 665 1640; x_wconf 84' lang='lat' dir='ltr'>neglegentia</span> <span class='ocrx_word' id='word_1_106' title='bbox 696 1555 749 1620; x_wconf 83' lang='lat' dir='ltr'>vel</span> <span class='ocrx_word' id='word_1_107' title='bbox 783 1554 916 1619; x_wconf 89' lang='lat' dir='ltr'>licentia</span> <span class='ocrx_word' id='word_1_108' title='bbox 948 1558 1160 1641; x_wconf 88' lang='lat' dir='ltr'>repetendum</span> <span class='ocrx_word' id='word_1_109' title='bbox 1187 1559 1239 1622; x_wconf 90' lang='lat' dir='ltr'>sit.</span> <span class='ocrx_word' id='word_1_110' title='bbox 1284 1582 1359 1625; x_wconf 90' lang='lat' dir='ltr'>nam</span> <span class='ocrx_word' id='word_1_111' title='bbox 1388 1562 1420 1625; x_wconf 92' lang='lat' dir='ltr'>in</span> 
     </span>
     <span class='ocr_line' id='line_1_13' title="bbox 129 1655 1419 1740; baseline 0.003 -19"><span class='ocrx_word' id='word_1_112' title='bbox 129 1657 240 1721; x_wconf 84' lang='lat' dir='ltr'>verbis</span> <span class='ocrx_word' id='word_1_113' title='bbox 265 1656 394 1720; x_wconf 91' lang='lat' dir='ltr'>diverso</span> <span class='ocrx_word' id='word_1_114' title='bbox 424 1656 518 1721; x_wconf 89' lang='lat' dir='ltr'>modo</span> <span class='ocrx_word' id='word_1_115' title='bbox 541 1655 707 1721; x_wconf 88' lang='lat' dir='ltr'>collocatis</span> <span class='ocrx_word' id='word_1_116' title='bbox 730 1656 783 1721; x_wconf 88' lang='lat' dir='ltr'>vel</span> <span class='ocrx_word' id='word_1_117' title='bbox 812 1657 880 1720; x_wconf 90' lang='lat' dir='ltr'>sinc</span> <span class='ocrx_word' id='word_1_118' title='bbox 902 1659 1054 1740; x_wconf 85' lang='lat' dir='ltr'>graviore</span> <span class='ocrx_word' id='word_1_119' title='bbox 1077 1657 1280 1724; x_wconf 88' lang='lat' dir='ltr'>detrimento</span> <span class='ocrx_word' id='word_1_120' title='bbox 1295 1671 1419 1725; x_wconf 86' lang='lat' dir='ltr'>senten·</span> 
     </span>
     <span class='ocr_line' id='line_1_14' title="bbox 130 1756 1420 1847; baseline 0.005 -27"><span class='ocrx_word' id='word_1_121' title='bbox 130 1758 195 1821; x_wconf 88' lang='lat' dir='ltr'>tiae</span> <span class='ocrx_word' id='word_1_122' title='bbox 218 1758 351 1821; x_wconf 89' lang='lat' dir='ltr'>mutatis</span> <span class='ocrx_word' id='word_1_123' title='bbox 375 1759 462 1820; x_wconf 86' lang='lat' dir='ltr'>etin</span> <span class='ocrx_word' id='word_1_124' title='bbox 486 1756 643 1842; x_wconf 87' lang='lat' dir='ltr'>exemplis</span> <span class='ocrx_word' id='word_1_125' title='bbox 666 1757 853 1841; x_wconf 89' lang='lat' dir='ltr'>regularum</span> <span class='ocrx_word' id='word_1_126' title='bbox 868 1758 989 1823; x_wconf 86' lang='lat' dir='ltr'>additis</span> <span class='ocrx_word' id='word_1_127' title='bbox 1005 1758 1056 1823; x_wconf 89' lang='lat' dir='ltr'>vel</span> <span class='ocrx_word' id='word_1_128' title='bbox 1079 1758 1223 1840; x_wconf 89' lang='lat' dir='ltr'>omissis,</span> <span class='ocrx_word' id='word_1_129' title='bbox 1246 1760 1279 1823; x_wconf 92' lang='lat' dir='ltr'>in</span> <span class='ocrx_word' id='word_1_130' title='bbox 1302 1761 1420 1847; x_wconf 91' lang='lat' dir='ltr'>quibus</span> 
     </span>
     <span class='ocr_line' id='line_1_15' title="bbox 128 1857 1473 1946; baseline 0.002 -23"><span class='ocrx_word' id='word_1_131' title='bbox 128 1860 225 1923; x_wconf 93' lang='lat' dir='ltr'>rebus</span> <span class='ocrx_word' id='word_1_132' title='bbox 258 1858 395 1923; x_wconf 87' lang='lat' dir='ltr'>multum</span> <span class='ocrx_word' id='word_1_133' title='bbox 428 1859 461 1920; x_wconf 95' lang='lat' dir='ltr'>in</span> <span class='ocrx_word' id='word_1_134' title='bbox 495 1857 555 1922; x_wconf 93' lang='lat' dir='ltr'>hoc</span> <span class='ocrx_word' id='word_1_135' title='bbox 587 1881 705 1942; x_wconf 85' lang='lat' dir='ltr'>genere</span> <span class='ocrx_word' id='word_1_136' title='bbox 738 1857 920 1922; x_wconf 89' lang='lat' dir='ltr'>litterarum</span> <span class='ocrx_word' id='word_1_137' title='bbox 951 1860 1013 1924; x_wconf 92' lang='lat' dir='ltr'>sibi</span> <span class='ocrx_word' id='word_1_138' title='bbox 1047 1870 1254 1946; x_wconf 90' lang='lat' dir='ltr'>sumpserunt</span> <span class='ocrx_word' id='word_1_139' title='bbox 1280 1861 1418 1945; x_wconf 90' lang='lat' dir='ltr'>librarii,</span> <span class='ocrx_word' id='word_1_140' title='bbox 1462 1868 1473 1884; x_wconf 85' lang='lat'><strong><em>‘</em></strong></span> 
     </span>
     <span class='ocr_line' id='line_1_16' title="bbox 128 1958 1418 2045; baseline 0.003 -21"><span class='ocrx_word' id='word_1_141' title='bbox 128 1982 246 2044; x_wconf 90' lang='lat' dir='ltr'>magna</span> <span class='ocrx_word' id='word_1_142' title='bbox 274 1958 430 2023; x_wconf 89' lang='lat' dir='ltr'>libromm</span> <span class='ocrx_word' id='word_1_143' title='bbox 459 1960 601 2025; x_wconf 83' lang='lat' dir='ltr'>varietas</span> <span class='ocrx_word' id='word_1_144' title='bbox 630 1959 899 2044; x_wconf 82' lang='lat' dir='ltr'>deprehenditur3</span> <span class='ocrx_word' id='word_1_145' title='bbox 928 1961 960 2023; x_wconf 92' lang='lat' dir='ltr'>in</span> <span class='ocrx_word' id='word_1_146' title='bbox 989 1961 1196 2045; x_wconf 86' lang='lat' dir='ltr'>gravioribus</span> <span class='ocrx_word' id='word_1_147' title='bbox 1218 1961 1316 2026; x_wconf 88' lang='lat' dir='ltr'>rebus</span> <span class='ocrx_word' id='word_1_148' title='bbox 1345 1986 1418 2028; x_wconf 89' lang='lat' dir='ltr'>raro</span> 
     </span>
     <span class='ocr_line' id='line_1_17' title="bbox 127 2060 1418 2148; baseline 0.004 -24"><span class='ocrx_word' id='word_1_149' title='bbox 127 2061 335 2126; x_wconf 90' lang='lat' dir='ltr'>dissentiunt.</span> <span class='ocrx_word' id='word_1_150' title='bbox 365 2084 448 2146; x_wconf 89' lang='lat' dir='ltr'>quae</span> <span class='ocrx_word' id='word_1_151' title='bbox 470 2084 545 2124; x_wconf 87' lang='lat' dir='ltr'>curn</span> <span class='ocrx_word' id='word_1_152' title='bbox 567 2062 614 2125; x_wconf 90' lang='lat' dir='ltr'>ita</span> <span class='ocrx_word' id='word_1_153' title='bbox 637 2062 717 2140; x_wconf 88' lang='lat' dir='ltr'>sint,</span> <span class='ocrx_word' id='word_1_154' title='bbox 741 2084 805 2125; x_wconf 91' lang='lat' dir='ltr'>uno</span> <span class='ocrx_word' id='word_1_155' title='bbox 829 2060 955 2141; x_wconf 91' lang='lat' dir='ltr'>codice,</span> <span class='ocrx_word' id='word_1_156' title='bbox 978 2061 1011 2123; x_wconf 93' lang='lat' dir='ltr'>in</span> <span class='ocrx_word' id='word_1_157' title='bbox 1027 2085 1090 2146; x_wconf 93' lang='lat' dir='ltr'>quo</span> <span class='ocrx_word' id='word_1_158' title='bbox 1114 2061 1175 2125; x_wconf 89' lang='lat' dir='ltr'>hae</span> <span class='ocrx_word' id='word_1_159' title='bbox 1198 2062 1286 2127; x_wconf 89' lang='lat' dir='ltr'>solae</span> <span class='ocrx_word' id='word_1_160' title='bbox 1309 2073 1418 2148; x_wconf 88' lang='lat' dir='ltr'>partes</span> 
     </span>
     <span class='ocr_line' id='line_1_18' title="bbox 127 2160 1418 2249; baseline 0.003 -23"><span class='ocrx_word' id='word_1_161' title='bbox 127 2165 196 2227; x_wconf 84' lang='lat' dir='ltr'>sive</span> <span class='ocrx_word' id='word_1_162' title='bbox 225 2184 302 2226; x_wconf 87' lang='lat' dir='ltr'>casu</span> <span class='ocrx_word' id='word_1_163' title='bbox 332 2162 463 2226; x_wconf 91' lang='lat' dir='ltr'>relictae</span> <span class='ocrx_word' id='word_1_164' title='bbox 493 2163 563 2226; x_wconf 92' lang='lat' dir='ltr'>sive</span> <span class='ocrx_word' id='word_1_165' title='bbox 592 2162 727 2226; x_wconf 89' lang='lat' dir='ltr'>consilio</span> <span class='ocrx_word' id='word_1_166' title='bbox 755 2160 878 2226; x_wconf 84' lang='lat' dir='ltr'>electae</span> <span class='ocrx_word' id='word_1_167' title='bbox 905 2173 1013 2234; x_wconf 87' lang='lat' dir='ltr'>erant,</span> <span class='ocrx_word' id='word_1_168' title='bbox 1042 2186 1084 2226; x_wconf 83' lang='lat' dir='ltr'>cx</span> <span class='ocrx_word' id='word_1_169' title='bbox 1106 2164 1287 2249; x_wconf 87' lang='lat' dir='ltr'>antiquiore</span> <span class='ocrx_word' id='word_1_170' title='bbox 1310 2175 1418 2230; x_wconf 88' lang='lat' dir='ltr'>aetate</span> 
     </span>
     <span class='ocr_line' id='line_1_19' title="bbox 126 2263 1417 2349; baseline 0.003 -22"><span class='ocrx_word' id='word_1_171' title='bbox 126 2264 168 2327; x_wconf 90' lang='lat' dir='ltr'>ad</span> <span class='ocrx_word' id='word_1_172' title='bbox 191 2265 386 2349; x_wconf 87' lang='lat' dir='ltr'>posteriores</span> <span class='ocrx_word' id='word_1_173' title='bbox 410 2264 640 2348; x_wconf 90' lang='lat' dir='ltr'>grammaticos</span> <span class='ocrx_word' id='word_1_174' title='bbox 663 2263 771 2328; x_wconf 89' lang='lat' dir='ltr'>delato</span> <span class='ocrx_word' id='word_1_175' title='bbox 792 2285 920 2326; x_wconf 89' lang='lat' dir='ltr'>omnem</span> <span class='ocrx_word' id='word_1_176' title='bbox 941 2263 1109 2328; x_wconf 87' lang='lat' dir='ltr'>Consentii</span> <span class='ocrx_word' id='word_1_177' title='bbox 1131 2267 1320 2330; x_wconf 89' lang='lat' dir='ltr'>memoriam</span> <span class='ocrx_word' id='word_1_178' title='bbox 1342 2288 1417 2331; x_wconf 90' lang='lat' dir='ltr'>con·</span> 
     </span>
     <span class='ocr_line' id='line_1_20' title="bbox 126 2361 1417 2450; baseline 0.002 -21"><span class='ocrx_word' id='word_1_179' title='bbox 126 2366 222 2429; x_wconf 90' lang='lat' dir='ltr'>tineri</span> <span class='ocrx_word' id='word_1_180' title='bbox 246 2365 400 2429; x_wconf 88' lang='lat' dir='ltr'>dicemus.</span> <span class='ocrx_word' id='word_1_181' title='bbox 432 2375 464 2428; x_wconf 92' lang='grc'>31</span> <span class='ocrx_word' id='word_1_182' title='bbox 486 2361 639 2450; x_wconf 84' lang='lat' dir='ltr'>quo&#39;niam</span> <span class='ocrx_word' id='word_1_183' title='bbox 662 2365 801 2449; x_wconf 88' lang='lat' dir='ltr'>prirnmn</span> <span class='ocrx_word' id='word_1_184' title='bbox 824 2387 843 2428; x_wconf 90' lang='lat' dir='ltr'>a</span> <span class='ocrx_word' id='word_1_185' title='bbox 866 2364 972 2429; x_wconf 81' lang='lat' dir='ltr'>scotis</span> <span class='ocrx_word' id='word_1_186' title='bbox 995 2367 1215 2448; x_wconf 86' lang='lat' dir='ltr'>grammaticis</span> <span class='ocrx_word' id='word_1_187' title='bbox 1238 2367 1308 2430; x_wconf 87' lang='lat' dir='ltr'>cius</span> <span class='ocrx_word' id='word_1_188' title='bbox 1330 2390 1417 2432; x_wconf 91' lang='lat' dir='ltr'>men·</span> 
     </span>
     <span class='ocr_line' id='line_1_21' title="bbox 125 2466 1416 2543; baseline 0.001 -12"><span class='ocrx_word' id='word_1_189' title='bbox 125 2467 245 2531; x_wconf 86' lang='lat' dir='ltr'>tionem</span> <span class='ocrx_word' id='word_1_190' title='bbox 269 2466 389 2530; x_wconf 84' lang='lat' dir='ltr'>factam</span> <span class='ocrx_word' id='word_1_191' title='bbox 413 2481 445 2531; x_wconf 92' lang='lat' dir='ltr'>ct</span> <span class='ocrx_word' id='word_1_192' title='bbox 467 2466 613 2530; x_wconf 88' lang='lat' dir='ltr'>codicem</span> <span class='ocrx_word' id='word_1_193' title='bbox 628 2466 670 2530; x_wconf 89' lang='lat' dir='ltr'>ad</span> <span class='ocrx_word' id='word_1_194' title='bbox 685 2466 863 2530; x_wconf 91' lang='lat' dir='ltr'>Bobienses</span> <span class='ocrx_word' id='word_1_195' title='bbox 886 2477 1107 2531; x_wconf 84' lang='lat' dir='ltr'>transvectum</span> <span class='ocrx_word' id='word_1_196' title='bbox 1129 2489 1199 2530; x_wconf 87' lang='lat' dir='ltr'>esse</span> <span class='ocrx_word' id='word_1_197' title='bbox 1222 2468 1416 2543; x_wconf 83' lang='lat' dir='ltr'>invenimus,</span> 
     </span>
     <span class='ocr_line' id='line_1_22' title="bbox 124 2566 1417 2655; baseline 0.002 -25"><span class='ocrx_word' id='word_1_198' title='bbox 124 2566 254 2631; x_wconf 91' lang='lat' dir='ltr'>illorum</span> <span class='ocrx_word' id='word_1_199' title='bbox 278 2568 394 2631; x_wconf 90' lang='lat' dir='ltr'>studiis</span> <span class='ocrx_word' id='word_1_200' title='bbox 418 2567 629 2631; x_wconf 88' lang='lat' dir='ltr'>tribuendum</span> <span class='ocrx_word' id='word_1_201' title='bbox 651 2568 854 2653; x_wconf 84' lang='lat' dir='ltr'>putabimus,</span> <span class='ocrx_word' id='word_1_202' title='bbox 878 2568 964 2654; x_wconf 90' lang='lat' dir='ltr'>quod</span> <span class='ocrx_word' id='word_1_203' title='bbox 988 2567 1219 2653; x_wconf 79' lang='lat' dir='ltr'>archetypum,</span> <span class='ocrx_word' id='word_1_204' title='bbox 1243 2591 1285 2633; x_wconf 85' lang='lat' dir='ltr'>ex</span> <span class='ocrx_word' id='word_1_205' title='bbox 1307 2592 1370 2655; x_wconf 92' lang='lat' dir='ltr'>quo</span> <span class='ocrx_word' id='word_1_206' title='bbox 1392 2571 1417 2634; x_wconf 93' lang='lat' dir='ltr'>ii</span> 
     </span>
     <span class='ocr_line' id='line_1_23' title="bbox 125 2669 1371 2754; baseline 0.002 -22"><span class='ocrx_word' id='word_1_207' title='bbox 125 2669 256 2732; x_wconf 90' lang='lat' dir='ltr'>codices</span> <span class='ocrx_word' id='word_1_208' title='bbox 279 2669 397 2754; x_wconf 89' lang='lat' dir='ltr'>quibus</span> <span class='ocrx_word' id='word_1_209' title='bbox 421 2670 581 2754; x_wconf 86' lang='lat' dir='ltr'>posterior</span> <span class='ocrx_word' id='word_1_210' title='bbox 603 2679 693 2733; x_wconf 88' lang='lat' dir='ltr'>aetas</span> <span class='ocrx_word' id='word_1_211' title='bbox 717 2669 870 2733; x_wconf 86' lang='lat' dir='ltr'>utebatur</span> <span class='ocrx_word' id='word_1_212' title='bbox 892 2669 981 2733; x_wconf 89' lang='lat' dir='ltr'>ducti</span> <span class='ocrx_word' id='word_1_213' title='bbox 1003 2678 1094 2748; x_wconf 92' lang='lat' dir='ltr'>sunt,</span> <span class='ocrx_word' id='word_1_214' title='bbox 1124 2679 1289 2733; x_wconf 90' lang='lat' dir='ltr'>servatum</span> <span class='ocrx_word' id='word_1_215' title='bbox 1311 2681 1371 2734; x_wconf 91' lang='lat' dir='ltr'>est.</span> 
     </span>
     <span class='ocr_line' id='line_1_24' title="bbox 210 2769 1416 2855; baseline 0.002 -21"><span class='ocrx_word' id='word_1_216' title='bbox 210 2770 458 2834; x_wconf 88' lang='lat' dir='ltr'>Consentiorum</span> <span class='ocrx_word' id='word_1_217' title='bbox 481 2770 639 2834; x_wconf 86' lang='lat' dir='ltr'>familiam</span> <span class='ocrx_word' id='word_1_218' title='bbox 662 2771 774 2855; x_wconf 91' lang='lat' dir='ltr'>quinto</span> <span class='ocrx_word' id='word_1_219' title='bbox 798 2769 927 2835; x_wconf 87' lang='lat' dir='ltr'>saeculo</span> <span class='ocrx_word' id='word_1_220' title='bbox 950 2769 1039 2855; x_wconf 90' lang='lat' dir='ltr'>apud</span> <span class='ocrx_word' id='word_1_221' title='bbox 1062 2769 1291 2833; x_wconf 88' lang='lat' dir='ltr'>Narbonenses</span> <span class='ocrx_word' id='word_1_222' title='bbox 1318 2769 1416 2836; x_wconf 90' lang='lat' dir='ltr'>laude</span> 
     </span>
     <span class='ocr_line' id='line_1_25' title="bbox 124 2869 1416 2956; baseline 0.001 -22"><span class='ocrx_word' id='word_1_223' title='bbox 124 2869 302 2934; x_wconf 89' lang='lat' dir='ltr'>litterarum</span> <span class='ocrx_word' id='word_1_224' title='bbox 329 2870 476 2935; x_wconf 89' lang='lat' dir='ltr'>floruisse</span> <span class='ocrx_word' id='word_1_225' title='bbox 511 2872 654 2936; x_wconf 90' lang='lat' dir='ltr'>carmine</span> <span class='ocrx_word' id='word_1_226' title='bbox 682 2870 808 2935; x_wconf 87' lang='lat' dir='ltr'>Sidonii</span> <span class='ocrx_word' id='word_1_227' title='bbox 842 2869 1043 2956; x_wconf 89' lang='lat' dir='ltr'>Apollinaris</span> <span class='ocrx_word' id='word_1_228' title='bbox 1070 2871 1224 2935; x_wconf 89' lang='lat' dir='ltr'>vicesimo</span> <span class='ocrx_word' id='word_1_229' title='bbox 1252 2870 1349 2934; x_wconf 88' lang='lat' dir='ltr'>tertio</span> <span class='ocrx_word' id='word_1_230' title='bbox 1383 2882 1416 2935; x_wconf 92' lang='grc'>31</span> 
     </span>
     <span class='ocr_line' id='line_1_26' title="bbox 124 2969 1416 3056; baseline 0.002 -22"><span class='ocrx_word' id='word_1_231' title='bbox 124 2971 263 3056; x_wconf 87' lang='lat' dir='ltr'>epistula</span> <span class='ocrx_word' id='word_1_232' title='bbox 292 2972 421 3035; x_wconf 81' lang='lat' dir='ltr'>V1114</span> <span class='ocrx_word' id='word_1_233' title='bbox 448 2972 491 3036; x_wconf 89' lang='lat' dir='ltr'>ad</span> <span class='ocrx_word' id='word_1_234' title='bbox 520 2973 729 3036; x_wconf 89' lang='lat' dir='ltr'>Consentium</span> <span class='ocrx_word' id='word_1_235' title='bbox 756 2971 1019 3049; x_wconf 87' lang='lat' dir='ltr'>Narbonensem,</span> <span class='ocrx_word' id='word_1_236' title='bbox 1053 2972 1193 3034; x_wconf 87' lang='lat' dir='ltr'>amicum</span> <span class='ocrx_word' id='word_1_237' title='bbox 1224 2969 1349 3034; x_wconf 83' lang='lat' dir='ltr'>Sidonii</span> <span class='ocrx_word' id='word_1_238' title='bbox 1383 2982 1416 3036; x_wconf 90' lang='lat' dir='ltr'>ct</span> 
     </span>
     <span class='ocr_line' id='line_1_27' title="bbox 123 3069 1413 3159; baseline -0.002 -23"><span class='ocrx_word' id='word_1_239' title='bbox 123 3084 253 3159; x_wconf 85' lang='lat' dir='ltr'>poetam</span> <span class='ocrx_word' id='word_1_240' title='bbox 277 3073 432 3154; x_wconf 88' lang='lat' dir='ltr'>nobilem,</span> <span class='ocrx_word' id='word_1_241' title='bbox 462 3074 592 3158; x_wconf 89' lang='lat' dir='ltr'>scriptis</span> <span class='ocrx_word' id='word_1_242' title='bbox 621 3083 760 3137; x_wconf 87' lang='lat' dir='ltr'>constat.</span> <span class='ocrx_word' id='word_1_243' title='bbox 806 3095 847 3135; x_wconf 82' lang='lat' dir='ltr'>ex</span> <span class='ocrx_word' id='word_1_244' title='bbox 874 3071 935 3135; x_wconf 90' lang='lat' dir='ltr'>hac</span> <span class='ocrx_word' id='word_1_245' title='bbox 958 3069 1083 3133; x_wconf 88' lang='lat' dir='ltr'>familia</span> <span class='ocrx_word' id='word_1_246' title='bbox 1106 3070 1206 3134; x_wconf 88' lang='lat' dir='ltr'>fuisse</span> <span class='ocrx_word' id='word_1_247' title='bbox 1229 3071 1413 3155; x_wconf 86' lang='lat' dir='ltr'>grammati-</span> 
     </span>
     <span class='ocr_line' id='line_1_28' title="bbox 123 3172 1413 3258; baseline -0.002 -22"><span class='ocrx_word' id='word_1_248' title='bbox 123 3196 196 3237; x_wconf 88' lang='lat' dir='ltr'>curn</span> <span class='ocrx_word' id='word_1_249' title='bbox 224 3176 317 3238; x_wconf 89' lang='lat' dir='ltr'>cuius</span> <span class='ocrx_word' id='word_1_250' title='bbox 346 3175 445 3238; x_wconf 93' lang='lat' dir='ltr'>libros</span> <span class='ocrx_word' id='word_1_251' title='bbox 474 3172 610 3257; x_wconf 84' lang='lat' dir='ltr'>legimus</span> <span class='ocrx_word' id='word_1_252' title='bbox 619 3222 628 3254; x_wconf 96' lang='lat'>,</span> <span class='ocrx_word' id='word_1_253' title='bbox 658 3173 838 3258; x_wconf 89' lang='lat' dir='ltr'>probabilis</span> <span class='ocrx_word' id='word_1_254' title='bbox 867 3182 918 3235; x_wconf 87' lang='grc'>331</span> <span class='ocrx_word' id='word_1_255' title='bbox 945 3172 1131 3234; x_wconf 89' lang='lat' dir='ltr'>coniectura</span> <span class='ocrx_word' id='word_1_256' title='bbox 1158 3172 1357 3235; x_wconf 88' lang='lat' dir='ltr'>Lachmanni</span> <span class='ocrx_word' id='word_1_257' title='bbox 1381 3173 1413 3234; x_wconf 91' lang='lat' dir='ltr'>in</span> 
     </span>
     <span class='ocr_line' id='line_1_29' title="bbox 122 3270 1413 3359; baseline -0.002 -20"><span class='ocrx_word' id='word_1_258' title='bbox 122 3276 308 3340; x_wconf 87' lang='lat' dir='ltr'>Terentian.</span> <span class='ocrx_word' id='word_1_259' title='bbox 338 3276 444 3338; x_wconf 87' lang='lat' dir='ltr'>Maur.</span> <span class='ocrx_word' id='word_1_260' title='bbox 473 3276 576 3359; x_wconf 89' lang='lat' dir='ltr'>praef.</span> <span class='ocrx_word' id='word_1_261' title='bbox 608 3297 638 3358; x_wconf 87' lang='lat' dir='ltr'>p.</span> <span class='ocrx_word' id='word_1_262' title='bbox 664 3272 762 3336; x_wconf 86' lang='lat' dir='ltr'>XIII.</span> <span class='ocrx_word' id='word_1_263' title='bbox 809 3296 883 3336; x_wconf 88' lang='lat' dir='ltr'>nam</span> <span class='ocrx_word' id='word_1_264' title='bbox 911 3271 998 3357; x_wconf 89' lang='lat' dir='ltr'>quod</span> <span class='ocrx_word' id='word_1_265' title='bbox 1027 3282 1060 3335; x_wconf 89' lang='grc'>31</span> <span class='ocrx_word' id='word_1_266' title='bbox 1088 3270 1164 3337; x_wconf 88' lang='lat' dir='ltr'>olim</span> <span class='ocrx_word' id='word_1_267' title='bbox 1186 3272 1349 3335; x_wconf 89' lang='lat' dir='ltr'>Funccius</span> <span class='ocrx_word' id='word_1_268' title='bbox 1372 3272 1413 3336; x_wconf 91' lang='lat' dir='ltr'>dc</span> 
     </span>
     <span class='ocr_line' id='line_1_30' title="bbox 122 3373 1413 3461; baseline -0.003 -22"><span class='ocrx_word' id='word_1_269' title='bbox 122 3378 216 3441; x_wconf 90' lang='lat' dir='ltr'>incrt.</span> <span class='ocrx_word' id='word_1_270' title='bbox 246 3400 284 3440; x_wconf 90' lang='lat' dir='ltr'>ac</span> <span class='ocrx_word' id='word_1_271' title='bbox 312 3378 440 3461; x_wconf 88' lang='lat' dir='ltr'>decrep.</span> <span class='ocrx_word' id='word_1_272' title='bbox 470 3373 527 3438; x_wconf 86' lang='lat' dir='ltr'>lat.</span> <span class='ocrx_word' id='word_1_273' title='bbox 556 3374 634 3458; x_wconf 88' lang='lat' dir='ltr'>ling.</span> <span class='ocrx_word' id='word_1_274' title='bbox 657 3397 725 3438; x_wconf 90' lang='lat' dir='ltr'>seu.</span> <span class='ocrx_word' id='word_1_275' title='bbox 749 3397 781 3459; x_wconf 89' lang='lat' dir='ltr'>p.</span> <span class='ocrx_word' id='word_1_276' title='bbox 804 3374 867 3437; x_wconf 77' lang='lat'>322</span> <span class='ocrx_word' id='word_1_277' title='bbox 890 3374 1072 3459; x_wconf 83' lang='lat' dir='ltr'>suspicatus</span> <span class='ocrx_word' id='word_1_278' title='bbox 1095 3383 1181 3453; x_wconf 88' lang='lat' dir='ltr'>erat,</span> <span class='ocrx_word' id='word_1_279' title='bbox 1206 3384 1238 3438; x_wconf 92' lang='lat' dir='ltr'>ct</span> <span class='ocrx_word' id='word_1_280' title='bbox 1261 3374 1413 3438; x_wconf 91' lang='lat' dir='ltr'>Osannus</span> 
     </span>
     <span class='ocr_line' id='line_1_31' title="bbox 123 3472 1412 3563; baseline -0.002 -23"><span class='ocrx_word' id='word_1_281' title='bbox 123 3480 228 3563; x_wconf 82' lang='lat' dir='ltr'>symb.</span> <span class='ocrx_word' id='word_1_282' title='bbox 253 3479 294 3541; x_wconf 91' lang='lat' dir='ltr'>ad</span> <span class='ocrx_word' id='word_1_283' title='bbox 317 3478 392 3539; x_wconf 88' lang='lat' dir='ltr'>hist.</span> <span class='ocrx_word' id='word_1_284' title='bbox 417 3476 479 3538; x_wconf 91' lang='lat' dir='ltr'>litt.</span> <span class='ocrx_word' id='word_1_285' title='bbox 505 3500 534 3539; x_wconf 81' lang='lat' dir='ltr'>v.</span> <span class='ocrx_word' id='word_1_286' title='bbox 560 3475 594 3538; x_wconf 94' lang='lat' dir='ltr'>II</span> <span class='ocrx_word' id='word_1_287' title='bbox 618 3499 649 3561; x_wconf 91' lang='lat' dir='ltr'>p.</span> <span class='ocrx_word' id='word_1_288' title='bbox 673 3475 735 3538; x_wconf 75' lang='lat'>344</span> <span class='ocrx_word' id='word_1_289' title='bbox 758 3497 828 3560; x_wconf 91' lang='lat' dir='ltr'>sqq.</span> <span class='ocrx_word' id='word_1_290' title='bbox 852 3472 1074 3537; x_wconf 88' lang='lat' dir='ltr'>demonstrare</span> <span class='ocrx_word' id='word_1_291' title='bbox 1096 3483 1231 3537; x_wconf 88' lang='lat' dir='ltr'>conatus</span> <span class='ocrx_word' id='word_1_292' title='bbox 1254 3484 1314 3554; x_wconf 90' lang='lat' dir='ltr'>est,</span> <span class='ocrx_word' id='word_1_293' title='bbox 1338 3497 1412 3537; x_wconf 92' lang='lat' dir='ltr'>eum</span> 
     </span>
     <span class='ocr_line' id='line_1_32' title="bbox 122 3573 1411 3664; baseline -0.005 -21"><span class='ocrx_word' id='word_1_294' title='bbox 122 3581 227 3664; x_wconf 85' lang='lat' dir='ltr'>ipsurn</span> <span class='ocrx_word' id='word_1_295' title='bbox 257 3601 328 3641; x_wconf 89' lang='lat' dir='ltr'>esse</span> <span class='ocrx_word' id='word_1_296' title='bbox 357 3578 398 3639; x_wconf 89' lang='lat' dir='ltr'>ad</span> <span class='ocrx_word' id='word_1_297' title='bbox 426 3598 521 3660; x_wconf 88' lang='lat' dir='ltr'>quern</span> <span class='ocrx_word' id='word_1_298' title='bbox 551 3577 703 3640; x_wconf 85' lang='lat' dir='ltr'>Sidonius</span> <span class='ocrx_word' id='word_1_299' title='bbox 728 3574 926 3660; x_wconf 84' lang='lat' dir='ltr'>scripsisset,</span> <span class='ocrx_word' id='word_1_300' title='bbox 956 3573 1077 3638; x_wconf 91' lang='lat' dir='ltr'>nullam</span> <span class='ocrx_word' id='word_1_301' title='bbox 1100 3574 1411 3639; x_wconf 88' lang='lat' dir='ltr'>commendationem</span> 
     </span>
     <span class='ocr_line' id='line_1_33' title="bbox 121 3674 1411 3762; baseline -0.002 -18"><span class='ocrx_word' id='word_1_302' title='bbox 121 3681 219 3744; x_wconf 88' lang='lat' dir='ltr'>babet</span> <span class='ocrx_word' id='word_1_303' title='bbox 242 3679 283 3740; x_wconf 91' lang='lat' dir='ltr'>ab</span> <span class='ocrx_word' id='word_1_304' title='bbox 306 3678 345 3739; x_wconf 89' lang='lat' dir='ltr'>iis</span> <span class='ocrx_word' id='word_1_305' title='bbox 370 3699 452 3761; x_wconf 89' lang='lat' dir='ltr'>quae</span> <span class='ocrx_word' id='word_1_306' title='bbox 475 3676 561 3761; x_wconf 87' lang='lat' dir='ltr'>apud</span> <span class='ocrx_word' id='word_1_307' title='bbox 583 3676 674 3740; x_wconf 89' lang='lat' dir='ltr'>illum</span> <span class='ocrx_word' id='word_1_308' title='bbox 703 3678 826 3761; x_wconf 90' lang='lat' dir='ltr'>scripta</span> <span class='ocrx_word' id='word_1_309' title='bbox 847 3685 938 3758; x_wconf 87' lang='lat' dir='ltr'>sunt,</span> <span class='ocrx_word' id='word_1_310' title='bbox 967 3675 1128 3760; x_wconf 88' lang='lat' dir='ltr'>siquidem</span> <span class='ocrx_word' id='word_1_311' title='bbox 1150 3676 1184 3738; x_wconf 92' lang='lat' dir='ltr'>in</span> <span class='ocrx_word' id='word_1_312' title='bbox 1207 3675 1340 3762; x_wconf 90' lang='lat' dir='ltr'>reliquis</span> <span class='ocrx_word' id='word_1_313' title='bbox 1362 3674 1411 3742; x_wconf 87' lang='lat' dir='ltr'>lit-</span> 
     </span>
     <span class='ocr_line' id='line_1_34' title="bbox 121 3777 1412 3863; baseline -0.004 -16"><span class='ocrx_word' id='word_1_314' title='bbox 121 3794 263 3847; x_wconf 88' lang='lat' dir='ltr'>terarum</span> <span class='ocrx_word' id='word_1_315' title='bbox 291 3777 442 3842; x_wconf 89' lang='lat' dir='ltr'>laudibus</span> <span class='ocrx_word' id='word_1_316' title='bbox 471 3801 551 3863; x_wconf 89' lang='lat' dir='ltr'>quas</span> <span class='ocrx_word' id='word_1_317' title='bbox 580 3778 783 3863; x_wconf 87' lang='lat' dir='ltr'>praedicavit</span> <span class='ocrx_word' id='word_1_318' title='bbox 811 3778 890 3842; x_wconf 88' lang='lat' dir='ltr'>artis</span> <span class='ocrx_word' id='word_1_319' title='bbox 918 3777 1153 3861; x_wconf 88' lang='lat' dir='ltr'>grammaticae</span> <span class='ocrx_word' id='word_1_320' title='bbox 1185 3777 1321 3842; x_wconf 89' lang='lat' dir='ltr'>scientia</span> <span class='ocrx_word' id='word_1_321' title='bbox 1347 3801 1412 3844; x_wconf 90' lang='lat' dir='ltr'>non</span> 
     </span>
     <span class='ocr_line' id='line_1_35' title="bbox 120 3876 1411 3966; baseline -0.003 -20"><span class='ocrx_word' id='word_1_322' title='bbox 120 3895 170 3946; x_wconf 88' lang='lat' dir='ltr'>est</span> <span class='ocrx_word' id='word_1_323' title='bbox 193 3880 337 3944; x_wconf 88' lang='lat' dir='ltr'>laudata.</span> <span class='ocrx_word' id='word_1_324' title='bbox 382 3880 439 3942; x_wconf 89' lang='lat' dir='ltr'>scd</span> <span class='ocrx_word' id='word_1_325' title='bbox 461 3879 543 3942; x_wconf 92' lang='lat' dir='ltr'>illud</span> <span class='ocrx_word' id='word_1_326' title='bbox 565 3889 652 3943; x_wconf 88' lang='lat' dir='ltr'>recte</span> <span class='ocrx_word' id='word_1_327' title='bbox 675 3881 799 3944; x_wconf 87' lang='lat' dir='ltr'>monuit</span> <span class='ocrx_word' id='word_1_328' title='bbox 821 3881 990 3958; x_wconf 87' lang='lat' dir='ltr'>Osannus,</span> <span class='ocrx_word' id='word_1_329' title='bbox 1013 3876 1157 3942; x_wconf 86' lang='lat' dir='ltr'>Galliam</span> <span class='ocrx_word' id='word_1_330' title='bbox 1176 3900 1250 3943; x_wconf 85' lang='lat' dir='ltr'>esse</span> <span class='ocrx_word' id='word_1_331' title='bbox 1273 3880 1411 3966; x_wconf 84' lang='lat' dir='ltr'>patriam</span> 
     </span>
     <span class='ocr_line' id='line_1_36' title="bbox 120 3979 1409 4068; baseline -0.002 -22"><span class='ocrx_word' id='word_1_332' title='bbox 120 3983 326 4068; x_wconf 86' lang='lat' dir='ltr'>grammatici</span> <span class='ocrx_word' id='word_1_333' title='bbox 349 3981 487 4044; x_wconf 91' lang='lat' dir='ltr'>indicari</span> <span class='ocrx_word' id='word_1_334' title='bbox 511 3982 550 4044; x_wconf 87' lang='lat' dir='ltr'>iis</span> <span class='ocrx_word' id='word_1_335' title='bbox 574 4003 657 4067; x_wconf 89' lang='lat' dir='ltr'>quae</span> <span class='ocrx_word' id='word_1_336' title='bbox 673 3980 714 4044; x_wconf 92' lang='lat' dir='ltr'>dc</span> <span class='ocrx_word' id='word_1_337' title='bbox 730 3981 914 4046; x_wconf 88' lang='lat' dir='ltr'>nominibus</span> <span class='ocrx_word' id='word_1_338' title='bbox 935 3979 1065 4044; x_wconf 89' lang='lat' dir='ltr'>urbium</span> <span class='ocrx_word' id='word_1_339' title='bbox 1087 3982 1253 4066; x_wconf 89' lang='lat' dir='ltr'>praecepit</span> <span class='ocrx_word' id='word_1_340' title='bbox 1280 4002 1311 4066; x_wconf 94' lang='lat' dir='ltr'>p.</span> <span class='ocrx_word' id='word_1_341' title='bbox 1327 3980 1409 4045; x_wconf 77' lang='lat'>2027</span> 
     </span>
     <span class='ocr_line' id='line_1_37' title="bbox 121 4078 1409 4168; baseline -0.003 -19"><span class='ocrx_word' id='word_1_342' title='bbox 121 4095 154 4149; x_wconf 88' lang='grc'>31</span> <span class='ocrx_word' id='word_1_343' title='bbox 176 4086 269 4147; x_wconf 79' lang='grc'><strong>21130.</strong></span> <span class='ocrx_word' id='word_1_344' title='bbox 293 4106 397 4167; x_wconf 88' lang='grc'><strong>33333</strong></span> <span class='ocrx_word' id='word_1_345' title='bbox 413 4083 498 4146; x_wconf 91' lang='lat' dir='ltr'>enim</span> <span class='ocrx_word' id='word_1_346' title='bbox 514 4105 591 4146; x_wconf 91' lang='lat' dir='ltr'>casu</span> <span class='ocrx_word' id='word_1_347' title='bbox 614 4083 736 4146; x_wconf 90' lang='lat' dir='ltr'>factum</span> <span class='ocrx_word' id='word_1_348' title='bbox 751 4081 869 4162; x_wconf 90' lang='lat' dir='ltr'>videri,</span> <span class='ocrx_word' id='word_1_349' title='bbox 886 4080 974 4168; x_wconf 91' lang='lat' dir='ltr'>quod</span> <span class='ocrx_word' id='word_1_350' title='bbox 990 4078 1182 4165; x_wconf 88' lang='lat' dir='ltr'>gallicarum</span> <span class='ocrx_word' id='word_1_351' title='bbox 1204 4081 1409 4166; x_wconf 89' lang='lat' dir='ltr'>potissimum</span> 
     </span>
     <span class='ocr_line' id='line_1_38' title="bbox 120 4180 1409 4269; baseline -0.004 -19"><span class='ocrx_word' id='word_1_352' title='bbox 120 4187 249 4250; x_wconf 86' lang='lat' dir='ltr'>urbium</span> <span class='ocrx_word' id='word_1_353' title='bbox 275 4186 415 4265; x_wconf 92' lang='lat' dir='ltr'>nomina,</span> <span class='ocrx_word' id='word_1_354' title='bbox 439 4185 536 4269; x_wconf 92' lang='lat' dir='ltr'>inque</span> <span class='ocrx_word' id='word_1_355' title='bbox 558 4185 598 4246; x_wconf 92' lang='lat' dir='ltr'>iis</span> <span class='ocrx_word' id='word_1_356' title='bbox 620 4183 808 4247; x_wconf 88' lang='lat' dir='ltr'>Narbonem</span> <span class='ocrx_word' id='word_1_357' title='bbox 831 4191 864 4246; x_wconf 90' lang='lat' dir='ltr'>et</span> <span class='ocrx_word' id='word_1_358' title='bbox 877 4181 1066 4261; x_wconf 81' lang='lat' dir='ltr'>Baeterrae,</span> <span class='ocrx_word' id='word_1_359' title='bbox 1089 4181 1147 4246; x_wconf 92' lang='lat' dir='ltr'>ubi</span> <span class='ocrx_word' id='word_1_360' title='bbox 1163 4180 1332 4247; x_wconf 84' lang='lat' dir='ltr'>Consentii</span> <span class='ocrx_word' id='word_1_361' title='bbox 1354 4184 1409 4246; x_wconf 91' lang='lat' dir='ltr'>ha-</span> 
     </span>
     <span class='ocr_line' id='line_1_39' title="bbox 122 4283 1410 4370; baseline -0.004 -19"><span class='ocrx_word' id='word_1_362' title='bbox 122 4288 286 4365; x_wconf 88' lang='lat' dir='ltr'>bitabant,</span> <span class='ocrx_word' id='word_1_363' title='bbox 314 4287 559 4350; x_wconf 88' lang='lat' dir='ltr'>nominavisset.</span> <span class='ocrx_word' id='word_1_364' title='bbox 605 4285 683 4370; x_wconf 92' lang='lat' dir='ltr'>quin</span> <span class='ocrx_word' id='word_1_365' title='bbox 716 4286 815 4348; x_wconf 89' lang='lat' dir='ltr'>etiam</span> <span class='ocrx_word' id='word_1_366' title='bbox 847 4283 976 4348; x_wconf 86' lang='lat' dir='ltr'>dicendi</span> <span class='ocrx_word' id='word_1_367' title='bbox 1009 4304 1111 4366; x_wconf 91' lang='lat' dir='ltr'>genus</span> <span class='ocrx_word' id='word_1_368' title='bbox 1144 4283 1343 4368; x_wconf 85' lang='lat' dir='ltr'>exquisitum</span> <span class='ocrx_word' id='word_1_369' title='bbox 1377 4292 1410 4346; x_wconf 92' lang='lat' dir='ltr'>et</span> 
     </span>
     <span class='ocr_line' id='line_1_40' title="bbox 120 4383 1409 4470; baseline -0.006 -18"><span class='ocrx_word' id='word_1_370' title='bbox 120 4387 330 4452; x_wconf 83' lang='lat' dir='ltr'>artificiosum</span> <span class='ocrx_word' id='word_1_371' title='bbox 368 4397 400 4448; x_wconf 89' lang='lat' dir='ltr'>et</span> <span class='ocrx_word' id='word_1_372' title='bbox 436 4409 456 4448; x_wconf 95' lang='lat' dir='ltr'>a</span> <span class='ocrx_word' id='word_1_373' title='bbox 491 4385 621 4470; x_wconf 86' lang='lat' dir='ltr'>vulgari</span> <span class='ocrx_word' id='word_1_374' title='bbox 657 4384 944 4469; x_wconf 83' lang='lat' dir='ltr'>grammaticorum</span> <span class='ocrx_word' id='word_1_375' title='bbox 977 4383 1211 4447; x_wconf 90' lang='lat' dir='ltr'>consuetudine</span> <span class='ocrx_word' id='word_1_376' title='bbox 1241 4384 1409 4447; x_wconf 86' lang='lat' dir='ltr'>diversum</span> 
     </span>
     <span class='ocr_line' id='line_1_41' title="bbox 120 4480 1408 4572; baseline -0.005 -21"><span class='ocrx_word' id='word_1_377' title='bbox 120 4489 238 4572; x_wconf 87' lang='lat' dir='ltr'>gallico</span> <span class='ocrx_word' id='word_1_378' title='bbox 262 4489 391 4552; x_wconf 88' lang='lat' dir='ltr'>bomine</span> <span class='ocrx_word' id='word_1_379' title='bbox 408 4486 516 4550; x_wconf 90' lang='lat' dir='ltr'>studio</span> <span class='ocrx_word' id='word_1_380' title='bbox 538 4486 721 4550; x_wconf 86' lang='lat' dir='ltr'>rhetoricae</span> <span class='ocrx_word' id='word_1_381' title='bbox 743 4485 839 4567; x_wconf 90' lang='lat' dir='ltr'>artis,</span> <span class='ocrx_word' id='word_1_382' title='bbox 862 4484 949 4571; x_wconf 90' lang='lat' dir='ltr'>quod</span> <span class='ocrx_word' id='word_1_383' title='bbox 972 4493 1041 4547; x_wconf 92' lang='lat' dir='ltr'>tum</span> <span class='ocrx_word' id='word_1_384' title='bbox 1063 4484 1204 4548; x_wconf 82' lang='lat' dir='ltr'>maxime</span> <span class='ocrx_word' id='word_1_385' title='bbox 1227 4480 1408 4568; x_wconf 73' lang='grc'><strong>33311131-</strong></span> 
     </span>
     <span class='ocr_line' id='line_1_42' title="bbox 121 4583 1408 4672; baseline -0.004 -21"><span class='ocrx_word' id='word_1_386' title='bbox 121 4589 168 4655; x_wconf 92' lang='lat' dir='ltr'>los</span> <span class='ocrx_word' id='word_1_387' title='bbox 198 4589 350 4668; x_wconf 86' lang='lat' dir='ltr'>florebat,</span> <span class='ocrx_word' id='word_1_388' title='bbox 381 4587 510 4652; x_wconf 82' lang='lat' dir='ltr'>exculto</span> <span class='ocrx_word' id='word_1_389' title='bbox 540 4611 604 4654; x_wconf 90' lang='lat' dir='ltr'>non</span> <span class='ocrx_word' id='word_1_390' title='bbox 631 4586 802 4672; x_wconf 91' lang='lat' dir='ltr'>indignum</span> <span class='ocrx_word' id='word_1_391' title='bbox 831 4608 902 4650; x_wconf 89' lang='grc'><strong>3333</strong></span> <span class='ocrx_word' id='word_1_392' title='bbox 929 4584 1070 4650; x_wconf 87' lang='lat' dir='ltr'>videtur.</span> <span class='ocrx_word' id='word_1_393' title='bbox 1120 4608 1185 4672; x_wconf 88' lang='lat' dir='ltr'>qua</span> <span class='ocrx_word' id='word_1_394' title='bbox 1212 4583 1408 4649; x_wconf 86' lang='lat' dir='ltr'>auctoritate</span> 
     </span>
     <span class='ocr_line' id='line_1_43' title="bbox 120 4684 1407 4768; baseline -0.005 -15"><span class='ocrx_word' id='word_1_395' title='bbox 120 4701 226 4753; x_wconf 89' lang='lat' dir='ltr'>autem</span> <span class='ocrx_word' id='word_1_396' title='bbox 261 4690 436 4753; x_wconf 84' lang='lat' dir='ltr'>Sichardus</span> <span class='ocrx_word' id='word_1_397' title='bbox 470 4691 505 4752; x_wconf 91' lang='lat' dir='ltr'>P.</span> <span class='ocrx_word' id='word_1_398' title='bbox 531 4688 743 4754; x_wconf 84' lang='lat' dir='ltr'>Consentium</span> <span class='ocrx_word' id='word_1_399' title='bbox 775 4687 957 4752; x_wconf 88' lang='lat' dir='ltr'>Romanum</span> <span class='ocrx_word' id='word_1_400' title='bbox 990 4686 1112 4751; x_wconf 82' lang='lat' dir='ltr'>dixerit</span> <span class='ocrx_word' id='word_1_401' title='bbox 1146 4684 1407 4768; x_wconf 89' lang='lat' dir='ltr'>grammaticum,</span> 
     </span>
     <span class='ocr_line' id='line_1_44' title="bbox 120 4784 1407 4876; baseline -0.005 -22"><span class='ocrx_word' id='word_1_402' title='bbox 120 4791 197 4854; x_wconf 89' lang='lat' dir='ltr'>mihi</span> <span class='ocrx_word' id='word_1_403' title='bbox 221 4814 283 4854; x_wconf 93' lang='lat' dir='ltr'>non</span> <span class='ocrx_word' id='word_1_404' title='bbox 308 4801 445 4856; x_wconf 83' lang='lat' dir='ltr'>constat.</span> <span class='ocrx_word' id='word_1_405' title='bbox 491 4812 595 4876; x_wconf 90' lang='lat' dir='ltr'>neque</span> <span class='ocrx_word' id='word_1_406' title='bbox 618 4789 691 4874; x_wconf 92' lang='lat' dir='ltr'>plus</span> <span class='ocrx_word' id='word_1_407' title='bbox 713 4788 923 4854; x_wconf 88' lang='lat' dir='ltr'>tribuendum</span> <span class='ocrx_word' id='word_1_408' title='bbox 946 4797 996 4853; x_wconf 91' lang='lat' dir='ltr'>est</span> <span class='ocrx_word' id='word_1_409' title='bbox 1023 4787 1063 4852; x_wconf 93' lang='lat' dir='ltr'>iis</span> <span class='ocrx_word' id='word_1_410' title='bbox 1086 4807 1170 4873; x_wconf 89' lang='lat' dir='ltr'>quae</span> <span class='ocrx_word' id='word_1_411' title='bbox 1192 4784 1225 4848; x_wconf 90' lang='lat' dir='ltr'>in</span> <span class='ocrx_word' id='word_1_412' title='bbox 1246 4784 1407 4850; x_wconf 89' lang='lat' dir='ltr'>Bernensi</span> 
     </span>
    </p>
   </div>
   <div class='ocr_carea' id='block_1_3' title="bbox 0 0 1678 5498">
    <p class='ocr_par' dir='ltr' id='par_1_3' title="bbox 0 0 1678 5498">
     <span class='ocr_line' id='line_1_45' title="bbox 0 0 1678 5498; baseline 0 5"><span class='ocrx_word' id='word_1_413' title='bbox 0 0 1678 5498; x_wconf 95' lang='lat' dir='ltr'> </span> 
     </span>
    </p>
   </div>
  </div>
 </body>
</html>
