3382 5498
736 368 973 432 COldllllN'l'Vll
1109 358 1112 365 ⁴
1440 368 1503 433 249

1317 477 1478 532 pata-tot„

215 556 270 619 beo
291 556 392 619 dicere
413 556 450 618 de
473 559 562 627 intus,
586 555 622 619 de
644 557 727 628 ioris,
752 564 784 618 ut
805 559 911 636 iungas
934 559 1177 639 praepositiones.
1209 575 1280 636 ergo
1303 575 1413 639 usurpa
1430 557 1502 620 illud

216 666 246 720 ct
263 657 359 741 aliqua
381 660 425 721 sio
447 658 509 731 dic,
535 657 541 740 Ι
565 659 601 720 ad
629 660 708 721 intro
737 668 767 719 et
795 658 829 720 ad
852 658 941 720 iores.
988 678 1062 739 cogo
1090 670 1120 721 to
1143 678 1214 738 ergo
1238 660 1332 722 etsie
1354 658 1449 738 loqui,
1478 663 1504 721 si

214 761 337 840 iungere
360 759 489 823 volueris
510 764 761 842 praepositiones:
793 768 825 822 ut
846 763 995 841 possimus
1017 765 1147 842 apertius
1172 761 1362 841 intellegere,
1386 762 1503 842 mendo

213 872 281 925 suut
301 864 357 924 ista
380 864 410 925 iu
434 862 510 934 loco,
534 863 652 944 quando
674 863 710 924 de
739 862 820 932 loco,
849 862 993 925 debemus
1015 863 1124 925 addere
1152 865 1401 944 praepositiones,
1430 881 1502 942 quo·

184 967 289 1028 autam
312 964 351 1027 de
372 965 517 1045 significet
538 965 575 1027 de
597 965 663 1027 loco
685 985 759 1035 esse,
784 963 820 1025 de
842 967 923 1026 intus
945 972 974 1026 et
996 963 1033 1025 de
1055 966 1138 1028 ioris.
1173 985 1244 1045 ergo
1266 969 1292 1027 si
1314 967 1370 1027 boc
1393 974 1446 1035 est,
1471 975 1504 1027 ut

212 1067 278 1129 ideo
306 1068 406 1128 dicant
433 1067 598 1129 addendam
628 1086 694 1128 esse
729 1068 992 1147 praepositionem,
1028 1070 1166 1144 quoniam
1194 1068 1339 1147 siguificat
1367 1067 1404 1128 de
1437 1067 1503 1128 loco

213 1177 322 1251 aperte,
347 1187 403 1249 ego
426 1187 499 1248 cogo
521 1179 551 1231 te
573 1169 673 1231 dicere
694 1169 730 1229 ad
753 1170 842 1239 intro,
867 1168 903 1230 ad
926 1170 1014 1240 iuras,
1039 1178 1071 1231 ut
1086 1172 1215 1250 apertius
1237 1170 1273 1232 ad
1295 1169 1394 1231 locum
1412 1170 1502 1247 signi·

214 1271 289 1333 dces.
335 1272 469 1333 novimus
493 1274 572 1333 euim
595 1273 663 1352 quia
685 1272 721 1333 ad
744 1269 780 1333 ad
803 1271 901 1332 locum
924 1271 1078 1350 significat.
1124 1290 1195 1351 ergo
1225 1272 1316 1333 debes
1344 1271 1445 1332 dicere
1467 1270 1503 1331 ad

215 1374 305 1444 iutro,
343 1380 376 1435 ut
403 1375 536 1454 apertius
564 1375 712 1452 significes
741 1372 776 1434 ad
806 1372 913 1436 locunt.
965 1373 1018 1434 sed
1047 1374 1103 1434 boc
1134 1391 1319 1453 nequaquem
1346 1392 1505 1455 possumus

181 1486 204 1527 ¹⁰
217 1474 320 1545 lacere,
345 1483 375 1536 et
396 1477 507 1537 utimur
529 1477 593 1536 sine
615 1477 845 1556 praepositione.
882 1483 911 1536 et
934 1475 1051 1552 quando
1075 1478 1113 1537 sit
1135 1478 1309 1555 significatio
1331 1475 1376 1536 vel
1391 1477 1422 1536 in
1437 1475 1504 1537 loco

216 1568 255 1638 rel
277 1578 316 1639 de
339 1577 414 1648 loco,
438 1578 475 1639 de
498 1577 597 1640 verbis
618 1578 776 1657 intellegis.

294 1679 410 1743 Accidit
422 1681 510 1742 etiam
521 1682 692 1760 conparatio
704 1679 860 1741 adverbiis.
885 1681 1111 1760 cooperationes
1125 1679 1332 1742 adverbiorum
1343 1688 1406 1743 tres
1419 1688 1503 1743 sunt:
1517 1685 1576 1772 4.¹⁵’
1589 1686 1621 1733 24

216 1792 261 1843 aut
273 1784 353 1844 enim
365 1784 523 1863 positivum
534 1782 658 1861 gradum
673 1784 822 1862 recipiunt
837 1789 887 1843 aut
902 1784 1122 1862 cooperativum
1136 1789 1186 1843 aut
1201 1782 1420 1862 superlativum.
1445 1786 1505 1863 pri·
1517 1754 1577 1883 ἓξὲξ
1591 1755 1623 1869 J}

215 1903 292 1947 mum
313 1886 391 1946 seire
414 1883 505 1945 debes
527 1903 587 1945 non
610 1886 707 1946 omnia
731 1883 871 1945 adverbia
893 1886 1029 1964 recipere
1045 1886 1281 1963 cooperationes,
1304 1885 1356 1946 sed
1380 1904 1505 1965 eaquae

184 1986 325 2052 liducunt
340 1988 485 2066 originem
502 1986 701 2048 auominibus
717 1985 931 2066 recipientibus
947 1974 1201 2066 conparationem.
1223 2005 1282 2048 nou
1299 2005 1386 2048 omne
1401 1986 1505 2048 adver·

216 2089 294 2152 bium
309 2089 417 2168 recipit
431 2090 683 2168 conparationem,
709 2089 760 2149 sed
781 2087 811 2148 id
827 2087 1009 2158 adverbium,
1031 2088 1110 2168 quod
1126 2090 1233 2168 recipit
1254 2092 1504 2170 conparationem,

217 2193 291 2253 venit
306 2209 324 2251 a
341 2190 510 2252 nominibus
530 2190 743 2272 recipientibus
758 2192 1010 2270 cooperationem.
1035 2199 1105 2271 puta
1122 2191 1225 2252 doctus
1241 2192 1348 2271 recipit
1361 2209 1505 2271 conpara·

215 2294 332 2363 tionem,
350 2292 438 2354 docte
459 2281 584 2361 doctius.
621 2312 654 2353 ea
671 2311 742 2371 ergo
760 2291 898 2353 adverbia
916 2293 1064 2371 recipiunt
1080 2294 1331 2372 conparationem,
1350 2310 1425 2372 quae
1442 2293 1505 2372 du}

199 2402 283 2456 ‘cunt
298 2395 444 2472 originem
461 2413 476 2454 a
493 2393 662 2455 nominibus
677 2392 889 2474 recipientibus
904 2397 1157 2474 conparationem.
1180 2395 1250 2473 quid
1266 2413 1337 2474 ergo
1354 2397 1506 2474 sequitur?

184 2495 261 2557 uitta
283 2494 432 2566 adverbia,
457 2513 533 2574 quac
556 2496 667 2558 ducunt
689 2498 834 2574 originem
849 2515 864 2556 a
881 2495 982 2566 verbo,
1007 2516 1066 2558 nou
1088 2499 1238 2577 recipiunt
1254 2500 1504 2577 conparationem,

216 2600 352 2676 quoniam
384 2597 504 2659 verbum
539 2617 600 2658 non
628 2600 735 2678 recipit
767 2601 1019 2678 conparationem.
1071 2608 1103 2659 ut
1135 2607 1206 2679 puta
1239 2601 1350 2661 cursim
1381 2601 1505 2662 strictim

216 2718 272 2763 ooo
301 2702 453 2780 recipiunt
480 2703 740 2780 conparationem,
773 2702 912 2780 quoniam
941 2701 1052 2762 ducunt
1078 2703 1221 2779 originem
1251 2720 1265 2760 a
1293 2700 1398 2770 verbo,
1428 2699 1505 2778 quod

216 2800 336 2863 rerbum
360 2820 417 2863 uon
440 2804 547 2881 recipit
569 2804 821 2881 conparationem.
856 2804 925 2880 quid
949 2802 997 2864 illa
1020 2802 1169 2872 adverbia,
1194 2821 1269 2880 quae
1292 2804 1436 2881 originem
1453 2801 1505 2861 du-

217 2909 283 2964 cunt
310 2921 325 2963 a
354 2907 545 2982 pronomine,
576 2903 695 2964 meatim
724 2906 844 2965 tuatim?
878 2924 938 2965 uon
966 2906 1116 2983 recipiunt
1145 2907 1401 2983 conparationem,
1433 2920 1506 2981 quo·

183 3006 292 3068 auiam
320 3024 375 3066 nec
406 3025 570 3086 pronomen
601 3007 708 3085 recipit
735 3009 986 3086 conparationem.
1031 3006 1101 3085 quid
1131 3009 1155 3067 si
1182 3015 1252 3086 ponta
1286 3005 1336 3066 illa
1368 3004 1505 3066 adverbia

215 3108 358 3186 originem
381 3109 492 3169 ducant
515 3127 530 3168 a
555 3109 782 3169 coniunctione?
819 3127 878 3168 nou
906 3110 1057 3187 recipiunt
1080 3110 1332 3188 conparationem.
1378 3125 1449 3185 ergo
1471 3127 1506 3167 ca

215 3209 350 3273 adverbia
372 3212 520 3291 recipiunt
542 3210 799 3290 conparationem,
825 3228 899 3288 quae
923 3210 1035 3270 ducunt
1057 3212 1202 3289 originem
1230 3229 1245 3270 a
1268 3209 1437 3270 nominibus
1459 3227 1505 3268 ro·

215 3312 389 3393 cipientibus
411 3315 661 3392 conparationem.
707 3320 736 3371 et
761 3300 817 3373 ista
845 3314 908 3391 ipsa
931 3310 1082 3381 adverbia,
1119 3329 1195 3389 quae
1222 3313 1370 3391 recipiunt
1397 3329 1505 3390 conpa-

216 3416 368 3483 rationem,
392 3416 422 3474 in
446 3417 570 3494 positivo
593 3435 612 3470 o
635 3433 722 3475 uuam
746 3414 877 3492 regulam
901 3413 1019 3474 habent.
1049 3415 1079 3473 iu
1103 3415 1292 3493 conparativo
1314 3412 1394 3474 illam
1418 3431 1505 3494 quam

183 3515 343 3577 ³0diximus
364 3516 495 3595 regulam
520 3516 588 3577 inde
611 3515 771 3595 probamus
794 3516 830 3575 de
850 3515 906 3575 boc
928 3517 993 3594 ipso
1017 3517 1136 3575 nornine
1158 3514 1234 3575 bene
1258 3515 1361 3576 melius
1384 3517 1504 3594 optime.

217 3637 272 3679 riou
302 3626 347 3679 est
376 3618 479 3687 breve,
516 3627 547 3679 ut
569 3621 644 3678 scias
667 3617 800 3695 regulam
823 3617 1008 3696 superlativi,
1042 3616 1120 3678 uude
1142 3618 1273 3686 venerit,
1308 3619 1369 3678 sive
1397 3636 1413 3677 a
1440 3636 1505 3678 cor-

216 3729 298 3801 repto
320 3722 461 3800 positivo,
490 3722 551 3780 sive
575 3742 590 3781 a
613 3719 772 3798 producto:
804 3719 895 3780 nihilo
925 3721 1020 3780 minus
1050 3719 1099 3780 illa
1122 3717 1224 3797 regula
1248 3725 1390 3780 remanet.
1436 3738 1506 3797 ergo

216 3823 252 3882 ita
281 3841 313 3883 se
342 3821 452 3883 habeut
481 3821 611 3900 regulae.
662 3824 690 3881 in
721 3823 845 3900 positivo
873 3822 948 3884 duae
980 3829 1050 3882 sunt
1082 3820 1217 3900 regulae,
1252 3823 1282 3882 iu
1317 3823 1507 3901 conparatiro

217 3943 272 3985 una
296 3933 350 3986 est.

183 4036 205 4078 ῦὸ
299 4027 374 4088 Sunt
396 4023 492 4102 aliqua
516 4026 652 4087 adverbia
675 4045 751 4105 quae
775 4046 834 4087 rron
857 4028 1005 4105 recipiunt
1024 4024 1029 4111 Ι
1048 4029 1300 4108 conparationem,
1325 4034 1354 4087 et
1370 4027 1577 4093 iolumustan
1595 4038 1624 4084 tr

218 4128 248 4188 in
270 4130 344 4208 ipsis
367 4127 466 4188 lacero
490 4131 740 4205 conparationem.
787 4147 887 4198 mooe,
911 4148 971 4190 nou
994 4148 1151 4209 possumus
1173 4114 1272 4190 dicere
1301 4129 1379 4208 quod
1407 4106 1624 4190 dicunt⁵¹²‘²⁰

284 4385 300 4435 o
319 4386 438 4448 quouitun
451 4386 631 4451 signiticuutb'
685 4387 699 4435 7
718 4395 805 4450 operte
824 4395 847 4433 et
867 4401 915 4450 ego
930 4387 992 4435 Bon
1011 4396 1096 4450 opmte
1114 4395 1137 4433 et
1156 4400 1218 4451 crgo
1232 4386 1255 4433 A
1307 4383 1324 4433 8
1343 4383 1422 4432 debeo
1437 4382 1509 4432 ABG

287 4456 317 4504 12
336 4452 643 4513 etiumom.A,orid.o*
699 4454 730 4506 13
747 4456 815 4505 enim
834 4471 879 4507 our.
896 4455 931 4515 A,
945 4454 1034 4507 oddo
1089 4454 1295 4505 lilsecunturA
1347 4452 1458 4518 idergo
1477 4468 1507 4500 eo

216 4525 336 4575 adverbia
349 4527 473 4591 rccipiunt
487 4528 693 4590 conparationem
708 4540 753 4575 om.
769 4527 802 4586 Α,
817 4525 878 4574 odd.
891 4542 907 4573 a
960 4524 994 4575 ‘29
1007 4525 1031 4573 iu
1049 4525 1158 4589 positiuu
1172 4539 1248 4575 uuam
1261 4523 1345 4573 ABG
1357 4523 1382 4570 iu
1394 4522 1505 4588 positiuo

217 4609 264 4644 noo
285 4610 359 4644 unam
373 4612 398 4647 o.
412 4599 559 4646 sententiam
575 4599 731 4661 protomartiri
745 4597 880 4647 ostendunt
890 4610 921 4644 eo
934 4609 999 4659 quoe
1011 4595 1043 4645 de
1054 4597 1147 4660 regulis
1159 4597 1260 4658 positivi
1272 4601 1296 4643 et
1308 4594 1466 4656 conparauit
1480 4599 1506 4640 et

216 4667 364 4729 superlativi
379 4668 483 4728 scripsit
501 4668 604 4716 Seruius
620 4669 645 4716 iu
660 4669 724 4715 Doro.
739 4683 765 4730 p.
780 4667 841 4722 415,
856 4664 899 4716 28.
920 4667 1004 4729 itaque
1021 4667 1134 4714 lacunam
1152 4667 1272 4724 indicavi,
1290 4665 1314 4711 in
1331 4663 1435 4727 reliquis
1449 4677 1505 4709 cor-

217 4741 315 4798 ruptum
330 4736 440 4785 codicum
456 4739 607 4798 scripturam
624 4736 717 4785 retinui
804 4735 838 4786 30
860 4734 975 4799 regulum
994 4734 1053 4783 inde
1072 4735 1153 4784 ABG
1176 4736 1290 4799 regulam
1310 4733 1335 4780 iu
1353 4733 1392 4780 ius
1411 4732 1470 4780 iude
1488 4748 1505 4779 o

286 4805 316 4855 31
335 4821 385 4855 nou
403 4818 442 4856 est
458 4808 541 4857 ABG
557 4807 624 4869 quod
640 4816 678 4856 est
694 4822 711 4856 o
790 4808 887 4855 venerit
905 4821 949 4856 om.
967 4805 1000 4866 A,
1022 4805 1082 4854 add.
1103 4802 1136 4854 o*
1215 4810 1330 4866 correpto
1349 4802 1459 4865 positiuo
1475 4804 1505 4850 α*

218 4876 360 4941 correptiuo
379 4877 461 4941 posito
481 4878 504 4926 A
521 4878 663 4942 correptiuo
683 4877 793 4943 positiuo
813 4877 865 4927 BC
932 4873 965 4925 32
984 4875 1027 4943 illa
1046 4875 1135 4942 rogulo
1152 4874 1230 4924 uilrilo
1249 4872 1333 4921 minus
1351 4872 1376 4920 B
