3346 5498
273 382 337 448 are
414 351 417 357 ’
841 385 994 448 eonem

299 505 321 545 p.
333 494 423 534 aet-99
436 492 459 532 L.

223 624 224 629 ,
275 575 353 632 enim
382 571 467 632 talam
498 570 645 650 regulam,
675 573 772 632 omnis
798 590 867 650 pars
895 574 1037 634 orationis
1064 591 1130 632 cum
1159 575 1280 634 desierit
1308 589 1373 632 esse
1401 570 1480 650 qnod
1508 579 1564 641 est,

275 673 346 734 nihil
369 683 416 734 est
437 673 515 734 allud
544 674 600 734 nisi
623 673 805 735 adverbium.
850 690 921 751 ergo
944 692 1010 734 cum
1040 673 1161 736 desierit
1184 694 1248 736 esse
1271 675 1468 754 praepositio,
1492 673 1563 753 quid

273 775 364 837 babet
385 794 449 836 esse
471 777 529 836 nisi
551 775 739 836 adverbium?
763 776 807 835 lac
830 793 901 853 ergo
924 782 955 835 ut
977 777 1016 836 sit
1037 775 1217 837 adverbium.
1264 779 1288 837 si
1311 785 1356 837 est
1377 774 1564 842 adverbium.

273 875 366 938 multo
389 878 486 938 minus
507 879 605 954 iungis
627 877 886 956 praepositionem.
917 895 985 938 nam
1001 876 1126 955 legimus
1149 880 1398 958 praepositionem
1421 875 1564 936 adverbio

274 997 333 1040 non
361 980 452 1056 iungi.
498 978 640 1056 numquid
668 996 788 1057 possum
816 977 916 1038 dicere
944 977 999 1039 ‘de
1027 982 1132 1039 mane'
1161 987 1190 1039 et
1217 978 1343 1040 similia?
1380 996 1452 1057 ergo
1475 980 1596 1039 istams

273 1082 525 1160 praepositionem
549 1080 689 1140 adverbio
712 1099 772 1140 non
794 1098 953 1160 possumus
975 1081 1108 1158 iungere.
1146 1099 1216 1160 ergo
1240 1099 1298 1141 non
1322 1079 1417 1140 debeo
1439 1082 1568 1158 iungere

273 1183 524 1262 praepositionem
547 1183 759 1261 praepositioni
782 1191 906 1262 propter
928 1180 1006 1242 illam
1031 1181 1162 1260 regulam
1185 1199 1272 1260 quam
1295 1183 1412 1250 dieunt,
1435 1200 1568 1261 praepo-

274 1287 397 1345 sitiones
425 1283 429 1364 γ
460 1286 538 1344 inter
566 1303 598 1344 se
628 1302 686 1343 non
717 1282 887 1344 cohaerere.
933 1286 990 1343 iam
1021 1294 1052 1344 ut
1079 1287 1115 1344 sit
1142 1284 1329 1354 adverbium,
1354 1282 1568 1345 multominus

274 1385 369 1447 debeo
391 1387 531 1463 iungere,
554 1385 691 1463 quoniam
715 1385 862 1446 adverbio·
876 1387 1056 1465 praepositio
1079 1404 1138 1446 non
1160 1388 1302 1464 iungitur.
1332 1384 1371 1446 ob
1394 1385 1470 1445 banc
1493 1403 1568 1446 cau·

274 1506 351 1557 sam,
377 1489 514 1564 quoniam
538 1504 594 1546 neo
615 1485 688 1547 illud
712 1505 767 1547 nec
789 1486 860 1556 illud
883 1504 985 1548 vorum
1009 1496 1068 1554 est,
1089 1495 1248 1568 utrumque
1271 1488 1424 1567 accipitur.
1470 1485 1566 1547 babe·
1582 1504 1609 1544 ro

274 1608 341 1650 mus
369 1590 448 1649 enim
476 1588 533 1647 boc
561 1591 591 1647 in
621 1589 698 1648 iure:
728 1589 758 1648 in
787 1587 937 1668 plerisque
967 1589 1092 1668 regulis,
1121 1590 1171 1651 nbi
1200 1608 1295 1669 neque
1322 1588 1371 1649 illa
1393 1589 1567 1650 lirmissima

275 1701 335 1760 est,
365 1708 461 1769 neque
491 1689 539 1748 illa
567 1691 733 1749 lirmissima
763 1697 822 1759 est,
852 1691 969 1770 utrique
997 1693 1211 1760 consentimus;
1241 1692 1377 1771 quoniam
1406 1707 1462 1751 nec
1489 1688 1566 1750 illud

275 1793 477 1854 firmissimum
501 1800 561 1860 est,
587 1810 641 1852 neve
664 1790 735 1851 illud
759 1793 959 1852 firmissimum
984 1800 1040 1864 est,
1070 1795 1110 1852 ita
1132 1794 1164 1852 lit
1186 1799 1218 1852 nt
1240 1791 1415 1853 defendatur
1438 1801 1568 1872 utraque

276 1913 353 1973 pars
399 1912 465 1954 nam
495 1893 617 1955 ostendo
646 1892 698 1953 tibi
727 1900 756 1952 et
783 1896 1033 1973 praepositionem
1063 1895 1276 1973 praepositioni
1303 1912 1390 1973 posse
1412 1896 1566 1974 coniungi,

277 2005 308 2055 et
329 1995 501 2057 adverbium
524 1997 737 2075 praepositioni
759 2015 846 2074 posse
869 1998 1023 2073 coniungi,
1053 2015 1111 2056 non
1135 1997 1273 2073 quoniam
1297 2013 1397 2056 verum
1421 2004 1481 2066 est,
1511 1996 1567 2057 sed
1584 2013 1609 2052 15

276 2100 414 2177 qnoniam
437 2103 597 2176 utrumque
619 2099 735 2158 sumum
753 2116 811 2157 non
835 2106 891 2167 est,
915 2117 971 2158 nec
992 2098 1063 2158 illud
1086 2115 1141 2158 arec
1162 2099 1247 2168 illud,
1270 2099 1361 2157 utsii
1382 2096 1474 2159 altera
1496 2116 1570 2177 pars

275 2201 398 2260 firmior.
444 2218 510 2260 nam
540 2201 789 2278 praepositionem
818 2202 1030 2279 praepositioni
1057 2219 1145 2284 posse
1179 2200 1320 2276 coniungi
1351 2198 1400 2260 illa
1435 2198 1568 2259 elocutio

277 2302 378 2370 docet,
409 2302 617 2362 circumcirca:
645 2290 734 2381 paulo
763 2308 831 2380 post
856 2301 927 2361 dicit
954 2301 1039 2367 illud.
1068 2301 1118 2360 ubi
1141 2300 1212 2361 dicit
1233 2302 1379 2378 ‘iungitur
1401 2300 1510 2370 verbo,
1534 2309 1570 2362 ut

276 2405 400 2484 incipio,
425 2403 554 2481 iungitur
576 2404 747 2481 participio,
771 2403 871 2470 itidem
895 2404 1025 2480 iungitur
1046 2402 1102 2463 sibi
1125 2404 1204 2481 ipsa,
1226 2410 1257 2463 ut
1280 2409 1323 2463 est
1344 2404 1570 2464 circumcirca'.

276 2523 347 2584 ergo
375 2507 398 2565 si
427 2494 559 2582 iungitur
587 2504 643 2564 sibi
672 2505 749 2582 ipsa,
779 2506 984 2574 circumcirca,
1012 2507 1087 2565 iuste
1109 2505 1234 2565 dicimus
1254 2506 1348 2583 ipsam
1370 2506 1609 2584 praepositio-ao

276 2627 358 2682 nem,
383 2606 523 2683 adusque.
569 2605 620 2665 sed
645 2606 720 2666 lorte
744 2606 838 2676 dicas,
868 2607 936 2667 nolo
959 2606 1058 2667 dicere
1080 2607 1330 2685 praepositionem
1352 2608 1568 2686 praepositioni

275 2712 482 2778 coniunctam,
512 2707 563 2767 sed
594 2706 658 2766 vado
687 2708 786 2768 dicere
816 2727 880 2768 osse
909 2710 1157 2788 praepositionem
1181 2707 1320 2774 adverbio
1343 2710 1488 2776 iunctam;
1511 2707 1568 2769 sed

224 2800 230 2816 '
274 2811 323 2872 illa
354 2811 432 2890 lege,
462 2817 494 2870 ut
521 2828 576 2889 pro
603 2828 661 2870 una
690 2819 774 2888 parte
802 2812 854 2878 sit,
883 2828 971 2890 quem
1001 2810 1035 2869 ad
1059 2809 1179 2869 modum
1202 2809 1326 2870 dicimus
1348 2810 1465 2870 deinde.
1508 2811 1567 2873 ista

277 2913 414 2974 adverbia
438 2919 508 2974 sunt
529 2913 626 2971 iuncta
649 2913 878 2991 praepositioni,
902 2912 952 2972 sed
976 2913 1014 2972 ita
1038 2919 1106 2973 sunt
1128 2911 1267 2972 adverbia
1290 2913 1387 2972 iuncta
1409 2915 1568 2991 praeposi·

276 3018 364 3084 tioni,
388 3022 420 3074 ut
442 3033 501 3074 rron
524 3032 578 3093 pro
601 3013 716 3074 duabus
737 3014 870 3095 partibus
892 3016 965 3082 sint,
989 3011 1039 3073 sed
1056 3033 1110 3092 pro
1126 3033 1183 3074 una
1206 3023 1288 3093 parte
1312 3014 1462 3077 orationis.
1491 3032 1566 3093 ergo
1580 3033 1609 3072 aa

276 3135 464 3197 quacumque
487 3118 600 3176 ratione
623 3119 719 3195 possis
742 3116 817 3177 hanc
840 3114 1034 3176 elocutionem
1058 3115 1167 3176 dicere.
1214 3118 1238 3177 si
1263 3115 1266 3196 l
1292 3117 1333 3176 vis
1355 3115 1456 3176 dicere
1477 3135 1566 3195 prae·

275 3221 467 3299 positionem,
503 3217 595 3295 habes
624 3218 790 3298 exemplum
821 3219 1032 3279 circumcirca:
1069 3219 1112 3277 sic
1140 3217 1205 3277 dico
1233 3218 1366 3295 adusque
1396 3217 1469 3278 duas
1497 3236 1567 3279 esse

209 3377 212 3387 .
275 3323 524 3402 praepositiones,
549 3339 636 3398 quem
652 3320 688 3380 ad
704 3320 824 3381 modum
847 3321 1038 3381 circumcirca
1061 3318 1137 3379 duae
1159 3328 1228 3379 sunt
1248 3320 1484 3399 praepositiones
1507 3319 1565 3381 sibi

275 3425 459 3485 coniunctae.
505 3425 530 3481 si
559 3423 641 3483 dicas
669 3421 807 3484 adverbio
834 3424 963 3482 iunctam
992 3423 1257 3501 praepositionem,
1286 3423 1390 3499 iungas
1413 3420 1564 3492 adverbio,

276 3534 308 3610 ut
334 3527 376 3585 sic
404 3524 596 3594 cohaereant,
625 3534 658 3585 ut
685 3543 773 3584 unam
805 3532 918 3603 partem
946 3524 1063 3583 iaciant.
1109 3522 1165 3583 boc
1192 3525 1355 3602 quaesitum
1384 3529 1428 3584 est
1454 3525 1485 3583 in
1508 3525 1609 3585 istaec

276 3628 505 3707 praepositione.

157 3746 263 3806 trent)
362 3727 403 3788 De
425 3727 557 3788 ablativis
579 3730 633 3787 ista
657 3735 700 3787 est
722 3745 797 3804 quae
821 3730 850 3787 in
873 3729 1075 3807 quaestionem
1091 3729 1184 3797 venit,
1209 3745 1297 3805 quam
1319 3728 1453 3810 removit,
1478 3726 1569 3791 clam.

158 3815 262 3869 ΝΜΟ
276 3847 396 3907 semper
419 3829 547 3889 Donatus
569 3827 643 3889 clam
667 3836 809 3908 conputat
836 3830 913 3890 inter
941 3828 1080 3889 ablativas
1102 3831 1335 3908 praepositiones
1359 3827 1411 3908 [de
1433 3827 1570 3891 ablativis

276 3939 344 3990 sunt
368 3932 440 3990 istae
464 3930 552 4002 duae,
577 3949 651 4009 qnae
675 3932 704 3990 in
728 3932 932 4006 qrraestionem
955 3932 1090 4000 veniunt,
1121 3932 1197 3991 clam
1219 3939 1248 3992 et
1269 3925 1382 4013 tenur];
1405 3939 1434 3990 et
1455 3933 1486 3991 in
1510 3932 1567 3993 alia

276 4038 360 4110 parte
383 4033 454 4090 artis
476 4030 533 4090 lroc
555 4033 639 4100 lecit,
669 4040 697 4090 ot
720 4031 768 4091 bic
797 4032 866 4091 lecit
889 4030 954 4112 boc.
999 4031 1074 4091 elam
1098 4031 1157 4092 vult
1179 4042 1321 4093 remotam
1346 4051 1410 4093 esse
1433 4035 1566 4095 omnino.
1583 4051 1610 4092 as

346 4236 437 4286 lesse
455 4237 521 4298 quod
545 4236 682 4285 essetAB
768 4234 882 4286 ‹lmulto
903 4237 986 4285 minus
1007 4250 1056 4285 non
1075 4237 1161 4302 iungis
1180 4238 1264 4288 ABG
1348 4237 1567 4289 8multominus

276 4306 356 4356 debeo
374 4320 424 4354 non
440 4306 545 4370 iungere
563 4306 645 4355 ABG
716 4305 748 4356 lo
767 4313 900 4367 utrumqne
919 4305 1044 4355 infirmnm
1065 4321 1114 4356 non
1134 4315 1173 4356 est
1191 4322 1237 4356 uec
1256 4307 1318 4357 illud
1339 4319 1364 4357 ut
1379 4308 1412 4356 sit
1431 4307 1516 4358 ABG

278 4375 310 4427 19
330 4375 415 4425 itidem
430 4376 543 4440 iungitur
561 4377 609 4424 sibi
628 4377 699 4439 ipsae
715 4375 767 4424 BC
779 4375 863 4424 itidem
884 4377 1023 4440 iunguntur
1041 4377 1089 4424 sibi
1109 4378 1180 4440 ipsae
1196 4379 1221 4427 Α
1274 4381 1307 4427 ⁶24
1325 4379 1371 4428 sed
1387 4379 1437 4426 ista
1455 4379 1480 4427 B
1493 4392 1565 4432 cova.

275 4447 322 4496 sed
341 4447 376 4494 ita
394 4446 420 4495 b:
436 4447 481 4494 sed
500 4447 533 4494 ito
554 4445 783 4510 —praepositioni
802 4461 848 4494 om.
866 4445 901 4508 A,
920 4447 981 4498 add.
1003 4462 1019 4493 a
1104 4446 1139 4498 33
1158 4462 1259 4512 semper
1277 4448 1389 4498 Donatus
1403 4477 1436 4487 -
1456 4462 1568 4513 praepo·

276 4517 382 4567 sitiones
400 4525 425 4566 et
441 4515 474 4567 34
493 4526 517 4562 et
537 4517 562 4564 in
582 4516 631 4564 alia
650 4525 720 4581 parte
740 4542 774 4552 —-
795 4515 854 4566 lecit
871 4516 919 4564 boe
941 4531 970 4564 eo
989 4518 1130 4578 pertineat,
1149 4519 1217 4581 quod
1232 4519 1257 4566 in
1278 4526 1383 4583 atroque
1401 4526 1457 4567 orte
1473 4519 1569 4569 Donati

276 4586 340 4636 clam
363 4588 519 4650 praepositio
546 4588 611 4634 inter
631 4586 756 4636 ablatione
772 4587 982 4651 ¹praepositiones
1002 4594 1137 4648 conputatur
1160 4597 1206 4639 est.
1243 4587 1300 4636 bino
1323 4591 1434 4652 adparet
1451 4604 1483 4638 eu
1500 4603 1569 4652 qaae

275 4659 427 4720 interposita
444 4665 515 4706 sunt.
534 4657 565 4704 de
584 4656 702 4705 ablativis
720 4684 754 4692 —
772 4667 854 4717 tenus,
871 4663 960 4721 postea
978 4657 1110 4718 adscripta
1128 4672 1191 4707 esse.
1223 4659 1290 4721 qnod
1307 4667 1387 4708 nartem
1404 4657 1468 4706 elam
1483 4672 1569 4720 prae·

273 4729 419 4790 positionem
436 4734 556 4775 remotam
573 4740 629 4774 esse
645 4726 706 4776 dicit
720 4729 860 4788 Pompeius,
876 4741 926 4777 non
941 4727 976 4774 ad
990 4726 1120 4785 Donatum,
1138 4727 1186 4776 aad
1197 4728 1233 4775 ud
1246 4743 1329 4778 eoram
1346 4728 1508 4790 referendum
1526 4737 1569 4779 est

275 4799 433 4856 amentiam,
454 4799 497 4861 pai
513 4811 566 4846 eam
582 4811 631 4858 pro
646 4796 765 4846 adverbio
783 4796 922 4846 babendum
938 4812 994 4845 esse
1021 4799 1162 4847 coronant:
1184 4796 1219 4857 cs.
1240 4800 1313 4862 Serp.
1332 4801 1437 4861 erpino.
1457 4799 1483 4847 io
1497 4800 1566 4850 Dea.

273 4882 302 4930 p.
320 4865 380 4930 not,
399 4867 432 4914 ‘27
451 4867 578 4917 Priscian.
597 4869 615 4917 l.
632 4864 700 4914 Xllll
717 4884 743 4931 p.
763 4866 806 4927 bl,
823 4867 855 4917 15
902 4865 935 4917 34
956 4877 980 4916 et
994 4876 1067 4916 tenus
1085 4880 1130 4915 om.
1151 4867 1233 4918 ABG
