3346 5498
814 1179 897 1273 tut
926 1177 1099 1272 runem

596 1363 675 1437 nu
712 1363 953 1439 nomene
988 1363 1065 1438 ue
1099 1359 1307 1438 venno

333 1675 355 1714 p.
370 1662 415 1700 821.
428 1662 453 1700 22
463 1659 485 1699 L.
1401 1670 1428 1712 p-
1445 1661 1507 1701 1688„
1521 1662 1551 1702 89
1564 1661 1587 1704 Ρ.

460 1743 515 1800 Ars
537 1758 602 1800 mea
624 1739 784 1799 multorum
808 1759 853 1808 es,
877 1759 951 1818 qum
974 1739 1091 1800 soeculo
1114 1741 1213 1818 prisea
1232 1737 1386 1808 tulerunt;

530 1842 581 1901 sed
605 1861 678 1901 nova
702 1849 729 1900 te
754 1841 884 1901 brevitas
907 1845 1014 1901 usserit
1037 1860 1101 1901 esse
1123 1859 1228 1900 ineam.

460 1945 557 2003 omniu
580 1962 647 2003 eum
669 1951 801 2002 veterum
824 1945 884 2002 sint
906 1945 1057 2023 explorato
1081 1941 1206 2011 libellis,

530 2046 620 2105 nrrrltn
644 2046 725 2124 loqui
749 2045 881 2105 lueriter
904 2048 943 2105 sit
966 2047 1104 2105 novitatis
1126 2063 1210 2124 opus.

460 2155 488 2208 te
513 2147 625 2223 relegat
647 2149 776 2211 iuuenis.
801 2126 888 2226 quem
912 2149 1029 2224 garrulo
1052 2149 1159 2225 pagina
1183 2154 1289 2214 terret,

531 2256 581 2307 aut
602 2251 717 2326 siquem
739 2251 841 2328 paneis
863 2251 940 2309 seria
964 2268 1050 2309 nosse
1074 2252 1167 2317 invem
1224 2243 1227 2249 ’

460 2357 488 2409 te
512 2350 671 2428 longinquo
694 2358 798 2428 petens
822 2353 957 2411 corrritem
981 2351 1037 2410 silei
1061 2352 1140 2410 serre
1166 2352 1258 2410 viator

531 2471 567 2510 ne
591 2452 706 2511 dubitet
728 2470 817 2530 porro
840 2452 971 2530 pondere
993 2454 1083 2512 nnrltn
1107 2452 1232 2519 velrens;

460 2563 488 2612 te
511 2555 605 2632 siquis
627 2554 782 2631 scripsisse
807 2553 897 2622 volet,
922 2573 979 2613 riou
1002 2555 1061 2613 ulla
1083 2561 1225 2632 queretur

531 2656 636 2717 demna
659 2673 714 2714 nee
737 2656 844 2731 ingrati
868 2656 953 2714 triste
977 2654 1088 2714 laboris
1111 2675 1195 2715 onus

460 2776 491 2816 es
514 2758 591 2836 quod
615 2759 738 2837 quisque
762 2764 859 2835 petut;
882 2775 1041 2835 numquam
1064 2775 1187 2818 consum
1211 2757 1314 2817 diserti

532 2860 587 2919 hoe
610 2866 778 2918 contemnet
801 2878 889 2937 opus,
914 2861 939 2917 si
962 2860 1048 2918 modo
1071 2860 1146 2918 livor
1168 2859 1261 2919 obest.

393 3012 486 3074 Credo
515 3031 573 3071 nou
602 3013 699 3073 nullos
728 3012 783 3071 lion
811 3029 907 3071 meum
937 3014 1094 3072 miraturos
1122 3012 1310 3091 musculum,
1344 3013 1424 3090 quod
1453 3016 1488 3075 in
1517 3024 1597 3077 tento

309 3115 548 3175 doctissimorum
569 3114 721 3173 hominurn
744 3115 842 3192 ropiu,
867 3116 917 3192 qui
941 3117 1019 3173 mrie
1036 3114 1252 3194 diligenterque
1275 3113 1423 3174 emendati
1446 3119 1598 3178 sermonis
1609 3130 1629 3171 1⁶

308 3226 465 3297 praecepte
489 3216 689 3285 tradiderunt,
714 3232 768 3292 ego
792 3218 977 3293 potissimum
1001 3235 1089 3275 ansus
1111 3219 1166 3276 sim
1190 3218 1349 3276 temerario
1372 3235 1406 3276 ae·
1429 3236 1529 3296 paene
1552 3239 1598 3281 se·

309 3319 420 3396 erilego
448 3325 554 3378 eorrotu
583 3318 716 3378 liltellum
745 3317 780 3377 de
810 3326 872 3376 arte
901 3320 1096 3377 eornminisei.
1141 3319 1177 3377 de
1200 3337 1257 3397 quo
1285 3321 1368 3397 prius
1391 3321 1598 3383 excusandum

308 3429 394 3500 puto,
418 3440 504 3499 qnam
528 3419 563 3478 de
585 3420 672 3479 titulo
695 3422 795 3498 operis
818 3421 971 3479 disseram.
1000 3439 1065 3479 rum
1089 3423 1179 3481 seium
1201 3421 1344 3499 plurimos
1359 3420 1485 3499 quidem
1509 3441 1598 3503 regu·

309 3522 351 3582 las
380 3525 488 3581 artium
514 3540 568 3600 per
596 3517 747 3601 orlldinem
775 3525 961 3600 exposuisse,
991 3520 1099 3600 quihus
1133 3523 1168 3582 ud
1197 3524 1431 3601 praerogativam
1461 3525 1598 3587 sollertia

309 3624 354 3683 vel
377 3626 537 3704 mrtiquitas
559 3625 622 3701 ipsn
646 3623 803 3699 sullregatu
820 3620 823 3701 l
843 3632 902 3689 est.
926 3623 976 3682 sed
1001 3643 1102 3683 eorunr
1127 3625 1199 3684 alios
1222 3625 1279 3684 late
1300 3625 1483 3703 copioseque
1499 3630 1630 3708 scrip-n

308 3727 396 3794 sisse,
426 3734 457 3784 nt
484 3726 632 3803 snperllno
661 3724 810 3783 interdurn
839 3724 973 3784 ubertate
1002 3728 1181 3786 narrationis
1209 3728 1351 3786 memoria
1380 3726 1595 3799 contundatur,

391 3915 418 3968 P
438 3916 530 3970 eodem
551 3915 704 3969 Parisinus
726 3913 808 3970 7530

392 3999 420 4052 F
440 4001 532 4054 eodrx
554 3999 738 4054 Monacensis
761 3997 841 4054 6281
866 3999 1060 4073 Frisinpensis
1081 4002 1119 4058 81

388 4082 409 4154 s
427 4091 575 4139 corrector
598 4085 704 4139 codicis
725 4085 916 4156 Frisinprnsis
1063 4126 1067 4132 -

389 4186 407 4239 q
429 4171 521 4224 codex
550 4168 826 4240 Wolsenlnettelunns
848 4171 918 4241 deep.
943 4170 992 4239 38,
1016 4171 1054 4227 27

392 4270 409 4317 ς
429 4255 511 4308 editio
528 4258 671 4325 pn'neeps
701 4254 806 4310 Veneto
829 4255 944 4311 Nr'colnr'
963 4257 1080 4312 Iensoni

375 4471 387 4520 l
408 4486 498 4521 mcum
516 4486 562 4521 nus
581 4486 658 4520 roem
679 4473 702 4519 Ρ
715 4486 805 4521 ruerem
824 4487 870 4520 nus
885 4487 939 4520 foer
959 4487 1115 4522 ennnnsrrer
1136 4474 1160 4522 F
1173 4488 1344 4523 vervsrrssnn
1363 4489 1393 4523 ne
1413 4491 1595 4531 rsnsrrcncis·

304 4555 357 4590 snn
376 4557 472 4592 struens
490 4556 644 4591 ennrrnnrrer
665 4557 696 4590 os
717 4557 812 4593 nonius
832 4557 862 4590 nr
876 4557 957 4591 vsnrm
977 4558 1049 4592 nmen
1070 4558 1195 4600 mermes
1256 4544 1286 4593 10
1304 4543 1378 4592 uehis
1393 4546 1441 4602 Fe
1516 4548 1552 4600 13
1567 4565 1595 4599 es

305 4610 348 4674 Ps
361 4621 399 4660 est
419 4613 463 4667 Fe
484 4612 581 4661 codices
599 4612 744 4662 Cassiodori
760 4614 791 4661 de
807 4611 870 4662 ortd.
890 4627 916 4673 p,
937 4612 1005 4661 2280
1084 4613 1116 4661 ld
1140 4615 1269 4663 nominum
1287 4631 1333 4664 on·
1354 4614 1379 4663 F
1453 4617 1594 4685 inoperta

304 4695 348 4729 ont.
368 4682 393 4729 F
459 4679 493 4729 ’ΖΟ
511 4697 557 4746 per
574 4681 687 4729 ordinem
706 4684 856 4746 exposuisse
875 4681 898 4728 P
915 4681 1054 4746 digessisse
1071 4684 1095 4731 F
1111 4698 1156 4747 per
1175 4685 1287 4733 ordinem
1307 4684 1450 4748 digessisse
1469 4702 1488 4743 ς
1562 4690 1595 4739 nd

305 4753 508 4817 praeregotiuam
524 4750 659 4800 sollertiam
678 4752 717 4800 uel
737 4752 872 4814 antiquitus
893 4752 1031 4817 suffragata
1046 4760 1084 4800 est
1101 4753 1126 4800 F
1192 4756 1225 4803 22
1246 4762 1272 4801 ut
1294 4751 1434 4821 superflua]
1459 4760 1594 4823 superflua

304 4821 395 4880 quibus
411 4821 435 4868 F
