3346 5498
279 368 343 437 332
827 370 1028 432 consentu

280 557 353 621 lect.
382 579 415 642 p.
440 557 510 619 183.
533 554 605 618 204.
630 555 701 617 218.
724 553 797 616 219.
833 552 952 617 librum
981 552 1021 617 (19
1049 553 1265 618 barbarismis
1294 563 1328 618 ct
1349 552 1573 640 metaplasmis

279 681 297 721 9
319 656 431 722 codice
455 655 645 720 Monacensi
667 655 867 741 descriptum
889 677 909 718 a
929 653 1082 718 Cramero
1105 653 1211 718 edidit
1231 655 1450 719 Buttmannus
1472 655 1574 719 Bero-

277 758 335 822 lini
358 782 388 821 a.
413 758 504 821 1811.

259 839 266 852 ’
366 861 452 924 Ante
474 881 545 922 eam
569 868 726 938 aetatem,
750 881 814 945 qua
836 859 963 923 codices
979 880 1061 943 quos
1076 880 1162 921 nunc
1177 856 1334 921 habemus
1350 856 1462 942 scripti
1484 868 1573 937 sunt,

277 962 300 1024 ii
324 962 395 1047 qui,
422 970 460 1023 ut
481 959 658 1024 commodis
687 959 850 1023 inferioris
879 959 1036 1045 temporis
1058 970 1092 1023 91
1120 959 1239 1024 studiis
1266 957 1449 1024 scholarum
1472 959 1573 1023 servi·

278 1073 366 1144 rent,
397 1063 437 1125 de
465 1062 676 1144 grammatica
704 1071 773 1125 arte
801 1060 1004 1145 scripserunt
1025 1061 1193 1125 Consentii
1221 1059 1324 1125 libros
1347 1068 1573 1124 tractaverunt

279 1174 312 1226 et
334 1162 493 1249 quaedam
517 1186 558 1225 ex
574 1163 614 1225 iis
630 1160 796 1247 adscripto
812 1142 1015 1246 giammatiei
1038 1162 1168 1227 nomine
1190 1162 1224 1223 in
1247 1183 1322 1224 suos
1344 1159 1443 1225 libros
1467 1170 1573 1225 trans·

277 1262 433 1327 tulerunt.
479 1264 637 1349 equibus
661 1262 878 1346 scriptoribus
900 1285 994 1327 nemo
1021 1265 1150 1348 saepius
1173 1262 1236 1326 hoe
1257 1262 1469 1346 grammatico
1491 1284 1572 1325 usus

277 1374 343 1444 est,
368 1386 466 1449 quam
482 1363 632 1427 Clemens
648 1360 780 1443 Scelus,
804 1365 858 1450 qui
875 1365 988 1449 prImis
1011 1363 1133 1428 saeculi
1155 1364 1230 1427 noni
1253 1364 1346 1427 annis
1361 1364 1402 1427 (19
1415 1362 1573 1427 universa

276 1475 346 1529 arte
374 1463 587 1548 grammatica
614 1464 756 1549 scripsit.
802 1475 895 1529 extat
922 1474 1032 1529 autern
1060 1467 1130 1529 eius
1159 1463 1243 1530 liber
1264 1463 1392 1550 plenius
1415 1485 1512 1549 quam
1536 1465 1571 1527 in

276 1565 348 1630 aliis
377 1564 545 1628 codicibus
573 1565 714 1649 scriptus
748 1566 782 1628 in
808 1565 922 1629 codiee
952 1566 1187 1650 Bambergensi
1216 1566 1261 1630 M.
1291 1565 1334 1628 V.
1364 1565 1417 1648 183
1458 1575 1570 1651 partes

275 1666 436 1754 quaedam
452 1665 599 1730 eiusdem
622 1664 696 1729 libri
718 1665 858 1752 scriptae
881 1678 956 1731 sunt
980 1668 1011 1729 in
1035 1667 1148 1731 codice
1165 1665 1343 1730 Elnonensi
1366 1665 1417 1730 vel
1435 1667 1571 1730 Sancta-

276 1769 430 1832 mandino
452 1789 547 1853 quem
571 1765 648 1829 olim
672 1767 753 1848 dixi,
777 1769 935 1832 llcrncnsi
962 1770 1032 1850 123,
1054 1769 1209 1832 Leidensi
1224 1767 1321 1832 Voss.
1345 1768 1397 1832 33.
1419 1767 1451 1847 4,
1473 1767 1571 1851 Regi-

275 1870 367 1933 neusi
392 1870 488 1947 1442,
513 1867 694 1953 dequibus
718 1868 842 1933 dictum
866 1881 919 1934 est
942 1868 1005 1934 vol.
1030 1870 1044 1932 I
1067 1869 1172 1954 praef.
1195 1891 1226 1953 p.
1254 1868 1342 1932 XIX
1364 1891 1451 1954 sqq.‚
1480 1867 1570 1934 etin

274 1969 385 2036 codice
413 1968 567 2032 Leidensi
598 1968 675 2034 bibl.
707 1968 796 2054 publ.
829 1971 889 2035 135
918 1970 1043 2033 decimo
1073 1969 1204 2035 saeculo
1238 1971 1371 2055 scripto.
1416 1971 1449 2032 in
1483 1969 1570 2033 hunc

274 2072 376 2155 igitur
399 2069 577 2134 Clementis
600 2070 719 2135 librum
743 2094 817 2134 cum
841 2072 979 2135 aliorum
1002 2063 1288 2155 grammaticorum
1318 2081 1473 2156 excerpta
1499 2079 1569 2134 turn

273 2171 443 2238 Consentii
471 2181 503 2235 91
531 2194 572 2234 ex
600 2170 683 2236 libro
708 2173 748 2236 (19
771 2173 900 2238 nomine
923 2183 955 2237 91
978 2174 1078 2238 verbo
1102 2183 1198 2236 etex
1221 2194 1258 2235 eo
1281 2171 1337 2258 qui
1360 2182 1409 2236 est
1432 2173 1472 2235 de
1495 2172 1569 2235 bar-

274 2275 425 2339 barismis
450 2283 482 2336 ct
497 2272 721 2357 metaplasmis
736 2285 868 2360 recepta
883 2285 969 2339 sunt.
1000 2284 1171 2360 praetcrea
1193 2273 1226 2336 in
1249 2274 1387 2356 ‘eclogia
1411 2272 1452 2336 (19
1474 2272 1567 2338 111111

273 2375 561 2458 grammaticorum
571 2382 591 2453 ³,
622 2397 705 2460 quae
728 2375 761 2437 in
791 2374 904 2440 codice
922 2375 1201 2459 ,Sangerrnancnsi
1225 2374 1306 2438 1188
1328 2375 1471 2458 scriptae
1493 2385 1569 2438 sunt

273 2473 529 2556 1101101190110,
560 2474 592 2538 in
621 2485 763 2540 tracuttu
791 2476 831 2539 de
860 2477 978 2558 verbo,
1007 2477 1063 2560 qui
1092 2477 1125 2538 iu
1154 2475 1267 2539 codem
1289 2474 1402 2539 codice
1424 2475 1566 2560 scriptus

272 2589 323 2642 911
346 2576 462 2641 addita
488 2577 700 2661 inscriptione
729 2585 800 2639 ‘ars
823 2577 1051 2658 malsachani',
1081 2577 1114 2638 in
1137 2577 1200 2640 alio
1224 2586 1366 2640 tractatu
1390 2575 1431 2640 (19
1454 2576 1566 2656 19110,

272 2680 329 2766 qtri
352 2688 403 2742 cst
426 2677 458 2739 in
482 2677 594 2741 codice
609 2677 758 2742 Parisino
783 2678 862 2741 1491
888 2700 974 2741 saec.
991 2678 1034 2758 X,
1058 2678 1090 2739 in
1114 2692 1185 2742 arte
1207 2677 1421 2760 grammatica
1444 2677 1566 2742 codicis

276 2780 418 2844 Parisiui
443 2779 633 2843 11101199.
658 2778 727 2860 XI,
751 2780 783 2842 in
806 2780 1040 2844 commentario
1064 2779 1096 2842 in
1120 2780 1285 2843 Donatum
1309 2777 1564 2843 111001199Μο-

272 2883 405 2945 naecnsi
436 2881 508 2943 Em.
532 2880 572 2943 G.
599 2880 656 2942 121
687 2901 772 2943 sace.
797 2880 830 2943 X
859 2880 1027 2944 Consentii
1056 2882 1244 2943 memoriam
1267 2880 1390 2945 factam
1413 2889 1446 2944 01
1468 2902 1565 2966 quae

271 2984 345 3048 dam
370 3005 411 3045 ex
434 2983 503 3044 eius
526 2979 618 3044 libris
642 2980 809 3065 descripta
831 2981 951 3044 iuveni.
983 2980 1062 3043 hacc
1085 2980 1184 3062 igitur
1206 2982 1315 3046 omnia
1335 3003 1419 3065 quae
1440 2981 1496 3044 isti
1519 2982 1564 3043 in·

270 3084 400 3148 ferioris
423 3083 540 3146 aetatis
564 3081 741 3166 scriptores
764 3104 806 3144 cx
829 3081 922 3145 libris
946 3081 1112 3145 Consentii
1135 3090 1329 3165 receperunt
1351 3083 1393 3145 ab
1415 3081 1457 3146 111
1481 3103 1564 3167 qnae
1650 3164 1653 3170 .

270 3208 356 3250 nune
380 3185 412 3246 in
436 3182 602 3246 codicibus
626 3181 727 3266 ipsius
751 3183 955 3266 grammatici
978 3181 1114 3266 legimus
1132 3181 1263 3246 diversa
1279 3205 1342 3247 non
1359 3193 1445 3247 111111.
1470 3183 1565 3269 plura

270 3297 379 3350 tamen
407 3287 449 3348 ab
477 3307 515 3348 eo
545 3283 585 3346 dc
614 3286 827 3365 grammatica
854 3294 924 3347 arte
953 3285 1075 3368 scripta
1103 3306 1175 3346 esse
1203 3285 1283 3348 satis
1311 3294 1398 3348 certa
1425 3286 1458 3347 in
1481 3284 1563 3371 ipsis

269 3387 363 3451 libris
391 3385 533 3470 produnt
561 3384 700 3466 indicia,
729 3410 760 3470 p.
783 3387 867 3449 2035
896 3407 977 3448 nune
1005 3391 1043 3448 (19
1076 3391 1221 3462 arralooia
1247 3397 1276 3448 et
1304 3391 1342 3448 (19
1368 3392 1498 3468 requiis,
1526 3393 1564 3450 (19

269 3494 374 3567 quibus
398 3493 502 3565 prima
520 3498 612 3564 parte
638 3492 712 3550 libri
731 3493 820 3551 liuius
841 3495 911 3550 iura
933 3491 1082 3563 quaedam
1104 3490 1276 3556 libavimus,
1300 3508 1378 3565 quae
1398 3498 1469 3551 sant
1489 3498 1562 3567 apta

269 3596 415 3664 dicemus,
444 3610 476 3672 p.
499 3587 584 3650 2064
606 3611 653 3672 sq.
684 3592 806 3665 quietam
835 3600 934 3651 tamen
964 3592 1170 3651 adnumerant
1189 3595 1351 3666 praeteriti
1370 3596 1513 3675 temporis
1533 3600 1562 3652 et

265 3692 369 3765 falari
389 3692 480 3750 verba
495 3694 642 3750 ulteriora
657 3695 687 3751 ia
706 3695 851 3766 passicis,
877 3695 1001 3766 quaein
1017 3693 1218 3751 declinatione
1234 3709 1388 3768 ponemus,
1411 3688 1452 3753 de
1468 3691 1559 3755 barb.

270 3811 301 3873 p.
324 3789 365 3850 28
388 3787 439 3850 cd.
463 3789 587 3851 Buttm.
613 3795 761 3863 artificali
787 3796 907 3851 ratione
933 3800 1005 3866 quot
1025 3794 1121 3852 modis
1150 3798 1306 3855 excusatio
1327 3798 1439 3868 euenit,
1459 3798 1558 3872 piene,

269 3911 336 3952 eam
359 3893 397 3950 (19
417 3894 540 3968 syllabis
562 3900 737 3964 tractarem,
763 3894 1019 3967 comprehendisse
1040 3911 1086 3952 me
1106 3896 1179 3953 seio.
1213 3890 1321 3976 itaque
1345 3901 1378 3956 et
1401 3891 1442 3956 de
1465 3892 1560 3979 sylla·

269 3989 321 4051 bis
344 3989 571 4052 communibus
602 3989 692 4071 (narn
714 3990 748 4051 in
770 3989 832 4052 hae
859 3999 951 4074 parte
974 4012 1118 4075 eaquae
1141 3991 1221 4055 dicit
1242 3995 1374 4058 tractari
1397 3993 1560 4078 solebant)

270 4089 462 4172 scripserat,
491 4098 523 4152 ct
551 4089 584 4151 in
614 4089 773 4174 principio
803 4090 872 4153 eius
901 4091 1132 4176 disputationis
1162 4115 1244 4177 quac
1272 4105 1322 4159 est
1350 4096 1390 4158 (19
1411 4095 1558 4182 partibus

268 4189 423 4253 orationis
439 4189 480 4251 de
495 4189 616 4274 regulis
640 4201 674 4254 et
695 4191 736 4254 de
752 4190 903 4273 analogia
926 4192 1072 4273 dixerat,
1095 4203 1128 4256 et
1149 4197 1381 4261 commentario
1403 4197 1558 4263 (1919110

269 4288 503 4353 declinationes
542 4291 717 4356 verborum
755 4292 949 4356 subiecerat.
993 4316 1131 4378 quorum
1167 4295 1248 4358 nihil
1286 4318 1373 4359 nunc
1410 4297 1557 4383 legimus.

268 4390 408 4476 denique
436 4391 479 4453 ad
507 4401 686 4457 extremam
715 4402 841 4477 partem
870 4394 950 4457 artis
973 4396 1138 4479 pertinent
1161 4419 1243 4482 quac
1266 4420 1300 4462 sc
1324 4397 1365 4462 de
1388 4401 1557 4464 structuris

268 4491 462 4577 scripturum
484 4513 556 4555 esse
585 4493 664 4557 dicit
687 4493 726 4556 de
750 4494 842 4558 barb.
868 4517 899 4579 p.
926 4495 981 4574 18,
1004 4500 1194 4560 1911191109
1215 4520 1328 4576 oencre
1350 4506 1475 4566 uitanda
1495 4508 1556 4565 lon·

265 4614 336 4669 oum
369 4605 414 4656 est
440 4615 520 4656 nane
553 4600 725 4673 disputare,
760 4616 825 4658 cum
855 4603 893 4658 sit
920 4601 995 4658 milri
1019 4604 1192 4674 propositus
1216 4607 1364 4678 proprias
1391 4607 1496 4665 titulus
1522 4606 1557 4664 de

265 4704 489 4758 structurarum
511 4702 632 4758 ratione
653 4705 713 4758 etc.
737 4718 777 4759 cx
800 4696 850 4758 his
873 4696 1020 4760 conicere
1044 4695 1118 4760 lieet
1139 4698 1220 4762 duos
1244 4701 1346 4766 libros
1370 4723 1451 4787 quos
1474 4721 1557 4767 nune

267 4790 423 4857 habemus
446 4817 510 4860 non
534 4794 621 4859 10101
645 4819 664 4857 a
687 4798 844 4880 scriptore
867 4796 985 4878 editos,
1002 4797 1061 4860 scd
1077 4820 1117 4861 ex
1135 4802 1256 4867 maiore
1280 4822 1392 4889 opere,
1417 4824 1482 4890 quo
1503 4800 1556 4867 ille
