3346 5498
177 407 240 472 654
733 401 913 464 unstrout!

123 514 128 524 '
203 531 223 571 p.
238 516 282 558 175.
297 517 321 557 'ld
335 513 362 557 V.

177 618 252 680 quae
280 615 338 657 non
369 597 428 655 nisi
458 610 551 672 usque
582 590 618 651 ad
646 593 842 670 praeteritum
870 592 1070 670 inperfectum
1098 590 1176 671 apud
1199 591 1267 652 illos
1290 592 1484 663 flectuntur;

87 726 90 733 ·
178 701 229 762 illa
252 702 356 766 etiam,
385 715 460 776 quae
484 698 514 755 in
537 707 623 769 σκω,
648 700 681 753 ut
701 688 860 772 γηράσκω
882 690 1023 753 acteone
1045 691 1195 772 γαμίσκω
1217 689 1420 774 τιτρώσκει),
1451 704 1483 757 et

178 821 253 883 quae
277 802 306 860 in
330 817 379 859 νω
402 805 511 858 exeunt
537 797 649 856 maiora
677 793 844 883 disyllabis,
868 787 983 874 ὀμνύω
1005 789 1164 874 cpperiar,
1191 804 1221 857 et
1243 816 1320 877 quae
1345 800 1378 858 in
1404 817 1479 874 ειω,

178 912 211 965 ιιι
233 899 346 983 §tyrio
369 893 488 960 ὀκνείω
511 895 663 976 βρωσείω
685 894 866 975 reppertos,
890 905 920 956 et
941 916 1016 977 quae
1039 915 1075 957 er
1095 898 1309 979 monosyllabis
1332 919 1391 980 per
1415 904 1481 964 iota

178 1009 383 1086 geminantur,
407 1008 440 1061 ut
466 998 535 1078 spei
557 994 675 1076 τιτροῖ,
704 997 773 1078 χρῶ
801 997 923 1078 κιχρῶ,
951 997 1000 1077 dei
1028 997 1125 1079 βιβῶ.
1169 1000 1241 1061 baec
1264 1003 1348 1062 enirn
1371 1006 1504 1069 omnias

179 1127 273 1188 usque
304 1107 339 1167 ad
370 1104 464 1165 solum
493 1094 721 1179 παρατατικόν
749 1101 867 1162 illorum
894 1119 950 1161 neo
977 1101 1056 1163 ultra
1082 1112 1208 1181 possunt
1230 1105 1363 1165 extendi.
1391 1103 1396 1184 Ι
1423 1107 1478 1167 sed

180 1210 258 1290 apud
273 1209 395 1270 Latinos
417 1207 517 1266 omnia
538 1222 595 1265 usu
617 1210 732 1279 tanturn
754 1202 933 1264 destituente
950 1204 1100 1265 deficiunt.
1131 1223 1199 1266 nam
1214 1196 1477 1286 ὀνοματοποιίαι

181 1294 298 1381 eosdm,
329 1317 362 1370 ιιι
383 1308 492 1370 stridet
513 1314 544 1367 et
566 1305 690 1373 similia,
714 1305 750 1364 ad
773 1303 982 1365 declinationis
1003 1306 1146 1367 ulteriora
1169 1307 1352 1386 procedunt;
1376 1328 1476 1389 pauca

179 1433 250 1474 vero
272 1419 323 1473 aut
344 1410 423 1471 nulla
446 1418 515 1470 sunt
538 1411 568 1468 in
597 1407 706 1488 quibus
734 1404 852 1466 litterae
873 1407 949 1467 male
972 1407 1032 1468 sibi
1055 1407 1216 1468 cohaerere
1240 1409 1401 1483 dicuntum
1426 1432 1474 1474 re·

180 1516 259 1596 liqua
287 1515 400 1582 omnia,
428 1512 474 1572 vel
502 1513 572 1591 quia
601 1528 659 1570 non
690 1510 764 1570 lecta
792 1517 873 1578 sont,
897 1508 941 1568 vel
966 1526 1021 1569 usu
1044 1518 1204 1594 respuente
1226 1519 1377 1574 vetantur.
1425 1518 1513 1581 in·1o

179 1637 267 1698 quarn
290 1623 319 1676 et
341 1634 406 1675 sum
429 1614 614 1675 deiecerunt.
660 1630 726 1672 nam
750 1617 908 1690 sequentes
935 1630 1081 1690 personae
1110 1615 1232 1673 minime
1255 1619 1475 1680 convenientes

180 1722 293 1799 prime
317 1716 497 1796 syllabarum
520 1717 602 1774 exitu
632 1716 843 1776 terminantur:
880 1712 1005 1773 alterum
1028 1717 1109 1774 enim
1131 1716 1202 1774 lacit
1224 1718 1345 1795 inquam
1369 1722 1475 1800 inquis

180 1823 291 1900 inquit,
321 1818 446 1878 alterurn
474 1836 539 1877 snm
569 1837 601 1877 es
633 1824 693 1885 est,
727 1818 755 1874 in
779 1814 887 1895 qrribus
909 1807 1074 1893 ἀναλογία
1096 1816 1197 1877 verbis
1218 1820 1312 1879 amica
1335 1839 1399 1881 non
1423 1842 1475 1883 ex·

180 1929 247 1984 stat.
285 1929 315 1980 et
342 1920 414 1980 illud
442 1919 562 1999 quidem
592 1918 715 1997 reliquis
743 1915 880 1977 omnibus
902 1916 1089 1996 temporibus
1110 1917 1225 1988 deiecit3
1256 1938 1321 1980 sum
1344 1940 1419 1983 vere
1443 1927 1473 1985 in

180 2024 259 2086 aliud
288 2023 408 2090 transit,
438 2028 471 2081 ut
498 2039 552 2100 per
582 2028 714 2100 tempora
745 2019 924 2087 declinetur,
956 2038 1035 2079 eram
1065 2021 1108 2079 lui
1137 2021 1250 2081 luerarn
1283 2041 1345 2098 ero.
1366 2043 1369 2047 ·
1393 2027 1511 2088 feriore

180 2133 313 2204 tempore
336 2124 469 2203 perlecto
492 2122 592 2182 delicit
614 2129 644 2182 et
665 2140 766 2181 rocem
796 2120 854 2182 sibi
883 2120 1001 2180 aliunde
1025 2128 1190 2182 mutuatur:
1225 2128 1360 2202 percussi
1391 2131 1473 2190 enim

181 2228 322 2295 dicimuS,
346 2243 406 2285 non
430 2225 526 2283 seriei.
563 2224 627 2284 volo
650 2243 708 2283 nnn
732 2226 773 2284 ita
796 2223 977 2292 declinatur,
1008 2231 1039 2282 ut
1062 2223 1153 2283 molo:
1183 2223 1259 2285 molo
1282 2230 1362 2287 enim
1386 2231 1477 2292 molis

181 2329 279 2398 molit,
304 2326 368 2386 volo
391 2329 435 2386 vis
457 2326 533 2396 vult,
558 2334 588 2385 et
609 2344 683 2404 quae
707 2345 743 2385 ex
766 2345 801 2385 eo
824 2332 1030 2404 conponuntur
1056 2325 1124 2386 nelo
1145 2327 1231 2396 malo,
1255 2328 1322 2388 nolo
1345 2349 1407 2391 non
1432 2336 1476 2394 vis

180 2449 239 2491 non
264 2428 336 2498 vult,
360 2427 437 2488 male
458 2429 550 2488 mavis
573 2427 692 2488 mavult.
736 2429 800 2487 sero
822 2426 930 2487 mdlius
954 2429 1172 2505 coniugationis
1194 2431 1226 2488 in
1249 2433 1379 2493 secunda
1403 2454 1474 2513 per·

181 2551 252 2593 suna
276 2530 408 2608 regulam
430 2538 543 2598 servat,
569 2531 632 2588 iero
655 2529 724 2589 lers.
755 2528 804 2588 odi
827 2531 895 2589 novi
917 2512 1040 2589 memini
1063 2530 1093 2589 in
1117 2533 1197 2590 omni
1221 2549 1313 2610 paene
1338 2534 1474 2598 declina·
1488 2562 1513 2599 a»

182 2635 261 2695 tione
294 2632 445 2692 deliciunt.
491 2630 547 2691 alia
581 2637 650 2690 sunt
682 2649 772 2710 quae,
802 2649 869 2690 cum
897 2650 1054 2710 personam
1083 2634 1209 2710 primant
1237 2653 1295 2694 non
1328 2635 1473 2710 habeant,

181 2734 292 2796 babent
314 2741 443 2803 ceteras,
467 2742 499 2793 ut
522 2752 590 2794 ovas
613 2743 692 2794 ovat:
717 2751 770 2792 ovo
793 2734 872 2792 enim
895 2730 1004 2793 lectum
1028 2752 1085 2793 non
1109 2741 1162 2793 est.
1194 2735 1265 2794 itern
1287 2737 1364 2799 luris
1388 2742 1473 2811 furit,

181 2856 249 2897 cum
271 2838 349 2925 surio
374 2854 444 2896 usus
468 2839 592 2913 ignoret.
639 2837 712 2894 laris
735 2835 827 2902 satur,
852 2852 935 2893 roras
957 2843 1054 2904 rorat,
1084 2836 1165 2896 daris
1188 2837 1289 2907 datum
1323 2858 1379 2899 nec
1403 2861 1476 2904 roro

182 2946 280 2999 tamen
303 2956 358 2996 nec
381 2937 434 2996 dor
457 2955 512 2996 nee
535 2937 581 2995 ior
604 2936 733 2996 admittit
756 2937 927 2996 auctoritas
957 2935 1047 2996 hebet
1069 2946 1185 3015 aegret,
1209 2958 1276 2999 cum
1297 2959 1352 3000 nee
1376 2943 1476 3005 lrebco

182 3059 236 3100 nec
259 3056 367 3117 aegreo
390 3041 429 3098 sit
452 3038 585 3097 relatum.
631 3035 711 3097 soleo
740 3039 835 3097 nescit
863 3038 1005 3097 futurum.
1052 3057 1137 3099 verro
1159 3041 1325 3119 perlectum
1349 3050 1474 3122 negarit
1488 3067 1513 3107 cs

183 3143 319 3202 activum.
364 3141 466 3217 gentili
495 3158 529 3198 en
560 3158 618 3218 qrro
653 3139 782 3199 themate
811 3141 923 3208 veniat,
957 3139 1054 3200 nullus
1083 3144 1242 3219 expressit,
1278 3141 1349 3202 licet
1379 3146 1475 3209 Varro

182 3242 292 3322 aliique
305 3250 449 3301 ‘veterum
472 3241 602 3301 dixerint
625 3248 745 3317 genunt.
791 3258 845 3299 nee
868 3243 995 3300 mirum:
1019 3260 1086 3301 nam
1109 3249 1140 3302 et
1162 3243 1239 3321 apud
1256 3243 1388 3307 Graecos
1413 3258 1474 3310 tarn

183 3343 342 3423 praeterita
367 3345 498 3403 invenies
522 3351 652 3421 tempora
675 3361 763 3421 quam
786 3343 883 3401 lutura
906 3360 981 3421 (puae
1004 3343 1212 3421 praesentibus
1235 3356 1364 3417 careant,
1395 3343 1474 3431 ἤνε-

182 3465 249 3524 γκα
271 3440 418 3523 ἔδραμον
440 3443 532 3503 οἴσω.

371 3580 483 3587 -.—.-—.-

251 3655 594 3728 dynpdoumlocporouorB
646 3661 961 3727 γαμίσκωῙραμισκωΒ
1013 3656 1147 3729 ddeysltc]
1161 3661 1298 3729 nryerorB
1349 3663 1478 3733 ὃτιτρώ]

183 3747 268 3796 rippas
285 3730 310 3778 B
367 3728 463 3795 κιχρὼ]
482 3731 605 3796 χιχρωΒ
665 3732 695 3779 10
711 3741 770 3779 sunt
787 3748 833 3780 om,
847 3730 872 3778 B
929 3733 961 3779 26
978 3731 1058 3780 Varro
1075 3732 1168 3793 aliique
1181 3743 1294 3781 ueterum
1308 3729 1421 3781 dixerint
1434 3737 1478 3789 cd.

189 3799 265 3848 Vind.
285 3811 359 3847 uarro
377 3798 461 3860 alique
478 3810 591 3848 ueterum
609 3798 702 3847 dixerit
714 3797 739 3846 B
808 3798 965 3849 semitecta
983 3801 1064 3850 estin
1081 3801 1169 3851 codice
1187 3800 1323 3850 declinatio
1340 3800 1479 3853 verbenas

185 3866 364 3929 desectioorum
382 3881 438 3916 sum
451 3881 555 3932 prosum
568 3881 674 3931 possum
688 3865 741 3915 lero
755 3866 811 3915 volo
825 3867 882 3916 nolo
896 3867 938 3916 odi
951 3869 1010 3917 novi
1023 3868 1133 3928 memini,
1146 3884 1181 3917 erc
1194 3885 1243 3933 pua
1255 3869 1317 3917 baec
1335 3874 1479 3934 eoecerpsi:

185 3932 248 3983 Sum
264 3933 369 3983 verbum
388 3933 548 3990 defectivum,
567 3935 685 3998 qnoniam
705 3934 798 3983 deiecit
810 3935 1033 3999 coniugationibus
1047 3937 1202 4000 temporibus
1215 3935 1355 4002 participiis
1368 3950 1477 4000 genere.

185 4001 370 4064 coniugationis
388 4002 454 4050 enim
475 4002 568 4050 nullius
587 4013 633 4054 est.
658 4012 772 4068 temporo
790 4003 891 4051 aliunde
904 4005 1007 4069 accipit.
1032 4003 1092 4067 quid
1105 4005 1171 4052 enim
1185 4017 1238 4054 erat
1250 4004 1285 4053 ini
1297 4002 1331 4053 sd
1343 4017 1404 4053 sum
1417 4009 1480 4056 atti·

187 4069 263 4118 nent?
280 4069 439 4133 perticipium
459 4070 600 4134 praesentis
614 4073 735 4135 temporis
750 4086 797 4119 non
811 4070 894 4121 habet.
919 4073 1022 4134 generis
1036 4072 1122 4121 itidem
1136 4072 1229 4122 nullius
1242 4082 1287 4122 est
1310 4073 1440 4135 gerundia
1453 4085 1480 4125 et

186 4136 358 4201 inpersonelia
372 4151 422 4184 non
435 4137 518 4190 lrabet,
544 4139 679 4187 indicativo
697 4139 772 4188 modo
790 4139 912 4203 temporis
929 4140 1069 4202 praesentis
1088 4142 1184 4189 numeri
1201 4139 1338 4205 singularis
1351 4155 1413 4190 sum
1425 4151 1478 4197 etc,

185 4207 278 4257 omissa
296 4205 464 4254 declinatione
480 4207 563 4267 saturi
580 4207 709 4257 indicativi
726 4233 757 4241 -
776 4208 808 4256 ed
823 4207 1014 4256 similitudinem
1031 4208 1123 4271 prioris
1137 4220 1161 4256 et
1173 4224 1238 4272 quae
1250 4224 1283 4257 ex
1296 4221 1325 4256 ec
1338 4211 1479 4274 conposito

186 4282 245 4324 sunt
258 4272 464 4331 declinabantur,
478 4284 506 4322 ut
518 4283 557 4322 est
569 4288 672 4339 prosum
684 4301 716 4310 -
729 4274 815 4323 futuro
829 4275 936 4339 prodero
955 4275 1068 4338 proderis
1081 4276 1194 4341 proderit
1205 4275 1366 4343 proderimus
1380 4279 1478 4343 prode-

185 4341 241 4392 ritis
254 4341 384 4404 proderint
399 4368 433 4376 -
448 4355 553 4405 possum
572 4356 673 4405 queque
690 4344 795 4392 verbum
813 4352 838 4391 et
849 4342 915 4391 idem
934 4342 1086 4392 defectivum
1100 4345 1181 4393 simile
1194 4343 1328 4410 superiori,
1341 4344 1393 4394 nisi
1406 4349 1479 4410 quod

187 4409 319 4474 participio
341 4408 435 4468 deficit,
457 4423 507 4458 non
529 4411 670 4473 praesentis
687 4411 816 4476 temporis,
834 4411 880 4460 sed
896 4410 976 4459 futuri
987 4435 1022 4445 -
1039 4423 1144 4474 potuero
1162 4413 1243 4476 (corr,
1258 4410 1358 4477 potero)
1377 4417 1478 4479 poteris

188 4478 278 4542 poterit
291 4477 429 4542 poterimus
440 4478 555 4542 poteritis
568 4479 686 4542 poterint.
711 4479 860 4544 imperativo
879 4477 953 4528 modo
971 4479 1003 4527 ad
1021 4480 1159 4535 secundem
1178 4494 1202 4530 et
1213 4481 1250 4543 (et
1261 4495 1307 4530 om.
1320 4478 1360 4543 B)
1373 4484 1477 4532 tertium

189 4559 324 4609 personam
342 4554 455 4610 tempore
473 4547 599 4609 praesenti
613 4555 685 4610 potes
699 4549 780 4611 possit
791 4547 921 4611 possimus
933 4548 1036 4611 possitis
1049 4548 1158 4611 possint,
1175 4549 1260 4598 loturo
1273 4558 1374 4614 potesto
1389 4559 1417 4599 tu
1430 4566 1478 4616 po·

189 4623 253 4662 testo
266 4614 308 4662 ille
319 4614 358 4661 vel
372 4615 454 4679 possit
464 4622 590 4678 potestate
599 4616 699 4679 possint
709 4615 748 4664 vel
758 4625 890 4680 possunto.
902 4614 999 4664 -fero
1013 4615 1097 4664 itidem
1111 4619 1216 4667 verbum
1228 4615 1393 4677 defectivum,
1406 4622 1479 4681 qnod

190 4690 215 4730 et
226 4681 292 4730 idem
306 4681 398 4730 deiecit
415 4696 495 4743 aeque
511 4684 645 4746 generibus
662 4695 686 4732 et
698 4684 837 4748 participiis
854 4693 878 4731 et
889 4683 1092 4747 inpersonalibus
1107 4709 1134 4719 -
1150 4685 1299 4749 imperativo
1312 4683 1389 4735 modo
1409 4685 1479 4736 serre

190 4747 284 4798 leretur
301 4747 411 4798 feremur
433 4750 549 4799 feramini
567 4750 680 4800 ferantur
696 4754 774 4801 l'ertor
794 4763 819 4800 ιιι
837 4750 915 4800 sertor
932 4749 973 4798 ille
989 4750 1065 4812 (ferto
1083 4761 1110 4801 tu
1128 4752 1191 4802 ierto
1209 4752 1253 4801 ille
1264 4750 1303 4816 B)
1321 4752 1360 4800 vel
1380 4754 1478 4804 feratur

189 4814 320 4865 leriminor
336 4816 449 4866 ferentur
466 4818 505 4867 vel
523 4817 635 4867 lerunter
646 4846 679 4854 -
691 4834 747 4868 cum
769 4819 835 4868 latus
848 4833 890 4868 ero
904 4817 974 4867 luero
988 4820 1037 4868 eris
1051 4819 1130 4869 literis
1143 4822 1190 4870 erit
1202 4821 1276 4870 luerit
1288 4819 1382 4869 erimus
1396 4820 1478 4872 sueri·

189 4898 245 4934 mus
258 4884 327 4933 eritis
338 4883 436 4934 fueritis
450 4886 513 4934 erint
525 4886 628 4938 luerint.
640 4914 669 4923 -
683 4887 740 4936 volo
755 4888 857 4935 verbum
871 4885 1022 4936 defectivum
1035 4889 1254 4953 coniugationibus
1265 4887 1403 4953 generibus
1415 4904 1479 4956 per·
