3346 5498
126 360 189 424 610
681 361 863 424 dicubuit

152 482 173 524 p.
186 472 244 513 2²42.
258 471 283 511 4³
298 469 320 511 Ρ.

125 557 244 631 praeter
271 551 319 611 illa
347 569 422 629 quae
451 552 481 611 in
508 568 545 629 μι
573 557 697 618 exeunt,
727 543 913 629 ἐποιούμην
941 544 1076 626 ἐποιοῦ,
1107 542 1285 628 έτιμοέμην
1310 544 1441 629 έτιμοῑ,

126 646 318 732 ἐδηλούμην
340 647 475 730 ἑδηλοῦ,
499 646 665 731 ἐλεγόμην
687 644 819 729 ἐλέγου.
1041 728 1044 733 ¹

209 754 251 815 De
279 754 412 833 perlecto
438 760 468 813 et
494 751 785 833 plusquamperfecto
812 753 946 833 passivis.
991 754 1156 833 perlectum
1189 755 1327 814 activum
1352 753 1440 834 quod

124 860 155 918 in
184 875 226 917 κα
246 857 370 925 desinit,
399 856 424 915 si
446 852 586 915 imbuerit
613 854 825 933 paenultimam
847 862 952 916 natura
976 854 1103 933 longam,
1132 855 1279 916 transfert
1304 855 1437 919 llualem

123 957 266 1039 syllabam
294 960 325 1018 in
352 976 418 1037 μαι,
441 965 471 1016 et
493 959 564 1017 lacit
586 957 622 1017 de
649 975 681 1018 se
703 959 862 1036 passivum,
885 951 1031 1038 νενόηκα
1053 940 1232 1036 νενόημαι,
1261 954 1462 1038 τετέμηκαε

122 1059 307 1141 τετίμημαι,
330 1053 529 1138 κεχρύσωκα
544 1053 767 1138 κεχρύσωμαι.
789 1061 903 1119 sivero
925 1059 1107 1139 paenultima
1129 1058 1231 1119 brevis
1245 1060 1298 1129 sit,
1321 1058 1437 1140 σίγμα

123 1161 298 1243 superaddit
319 1162 440 1222 ultimae
464 1158 592 1240 (oportet
612 1163 693 1221 enim
714 1159 925 1240 paenultimam
946 1163 979 1222 in
1011 1160 1068 1221 boe
1081 1169 1217 1240 tempore
1239 1167 1294 1222 aut
1318 1168 1435 1224 battua

123 1271 175 1325 aut
196 1265 343 1344 positione
365 1262 481 1341 longam
503 1262 590 1341 lieri),
613 1259 768 1324 τετέλεκα
788 1259 992 1344 τετέλεσμαι,
1018 1260 1182 1342 γεγέλακα
1202 1256 1434 1344 μεγέλασμσιι,

122 1357 228 1447 ἤροκα
252 1359 409 1446 ἥροσμαι.
455 1365 584 1445 denique
611 1371 641 1425 et
669 1366 702 1426 in
724 1371 806 1425 sexta
835 1365 919 1427 verbi
941 1364 1086 1445 barytoni‚
1109 1367 1180 1444 quia
1209 1364 1372 1427 interdum
1396 1368 1432 1427 in

122 1469 173 1533 illa
195 1469 402 1548 paraeimenos
423 1467 513 1529 babet
534 1464 746 1546 paenultimam
767 1466 894 1544 longam,
917 1468 1067 1529 interdum
1087 1467 1217 1537 brevem,
1248 1465 1303 1528 ubi
1332 1466 1428 1547 longa
1443 1492 1468 1531 ιο

124 1578 179 1640 est,
202 1577 316 1631 tantum
338 1576 433 1629 mutat
454 1587 496 1629 κα
513 1570 545 1629 in
566 1588 643 1648 μαι,
666 1568 718 1629 ubi
734 1586 804 1628 vero
820 1568 919 1630 brevis
942 1576 996 1639 est,
1020 1568 1102 1630 addit
1123 1574 1153 1629 et
1175 1566 1290 1648 σίγμα,
1312 1570 1431 1648 θερα-

123 1666 216 1733 πεύω
244 1665 477 1749 τεθεράπειικα
504 1665 769 1749 τεθεράπευμαι,
798 1666 953 1750 σβεννύω
983 1668 1105 1750 ἔσβεκα
1139 1668 1317 1750 ἔσβεσμαι,
1353 1666 1428 1745 ξύει

123 1771 224 1849 έξυκα
245 1770 394 1853 έξυσμαι.
429 1766 554 1833 λέλυκα
576 1780 675 1833 autem
698 1768 837 1852 λέλυμαι
860 1780 890 1832 et
911 1766 1039 1849 adduxe
1065 1769 1209 1852 τέθυμαι
1230 1790 1292 1833 non
1314 1782 1428 1835 carent

122 1878 210 1946 vitio,
241 1877 320 1955 qula,
343 1894 410 1936 cum
433 1875 534 1935 brevis
554 1877 593 1935 sit
615 1885 683 1942 υ,σ
706 1893 764 1935 non
786 1877 946 1955 recipiunt.
990 1893 1061 1936 sane
1093 1877 1124 1935 in
1153 1872 1307 1953 barytonis
1330 1878 1426 1938 tertia

50 1985 54 1992 ’
123 1979 309 2055 coniugatio,
339 1984 459 2038 etcum
486 1976 698 2056 paenultimam
726 1977 843 2055 longam
871 1975 993 2047 babeat,
1026 1983 1124 2037 tamen
1154 1975 1275 2036 adhibet
1304 1975 1426 2057 σι’γμα,
1440 2002 1465 2042 ιι

123 2075 264 2140 πέπεικα
278 2073 466 2159 πέπεισμαι.
498 2080 621 2158 quaein
637 2098 685 2158 φα
701 2078 840 2139 desinunt
854 2079 900 2139 vel
918 2076 920 2155 l
938 2097 1013 2158 quae
1030 2085 1097 2139 ante
1113 2097 1134 2137 α
1148 2077 1259 2139 babent
1273 2096 1330 2157 yae,
1348 2078 1427 2141 liaeo

124 2173 180 2241 διὰ
202 2175 265 2241 δύο
290 2179 337 2260 μῦ
366 2181 396 2240 in
425 2181 541 2260 passivo
563 2182 807 2259 pronuntiantur,
830 2176 957 2259 ιέτυφα
983 2176 1160 2259 τέτυμμαι;
1189 2198 1265 2260 quae
1294 2183 1425 2242 veroin

124 2302 182 2362 χα,
213 2288 366 2343 transeunt
393 2283 424 2341 in
453 2301 550 2361 γμαι,
579 2278 704 2361 νένυχα
725 2276 902 2362 νένυγμαι,
925 2277 1078 2361 πέπληχα
1104 2274 1304 2362 πέπληγμαι.
1353 2301 1425 2344 curn

124 2392 192 2445 ante
215 2383 348 2444 ultimam
370 2382 512 2462 syllabam
535 2390 586 2443 aut
608 2402 627 2464 ρ
650 2391 700 2445 aut
721 2383 740 2442 λ
764 2385 923 2463 reperitur,
947 2402 990 2443 κα
1013 2386 1264 2463 transiliebat,
1286 2381 1426 2458 ἔψαλκα

123 2484 284 2566 έψαλμαι,
307 2480 454 2563 κέκαρκα
476 2480 657 2565 κέκαρμαι.
686 2485 765 2547 idom
787 2493 905 2547 servant
928 2492 958 2545 et
981 2483 1071 2544 verba
1094 2503 1168 2565 quae
1190 2487 1222 2546 in
1244 2486 1345 2564 prima
1368 2505 1424 2566 po·
1437 2511 1463 2552 ao

123 2591 231 2650 sitione
254 2608 275 2648 ν
296 2586 407 2648 habent
429 2589 460 2648 in
483 2587 585 2648 ultima
608 2586 729 2666 syllaba,
753 2585 858 2666 κρίνω
881 2581 1020 2666 κέκρικα
1035 2582 1198 2667 κέκριμαι,
1222 2582 1344 2648 πλύνει
1361 2581 1425 2651 πέ-

123 2691 235 2750 πλυκα
262 2682 442 2769 πέπλιιμαι.
477 2680 761 2768 ὑπερσοντελικός
789 2690 898 2769 passivi
926 2691 1048 2767 genueris
1076 2689 1112 2750 de
1140 2691 1333 2769 paraeimeno
1367 2708 1425 2752 suo

124 2793 266 2852 nascitur.
309 2791 360 2852 ille
388 2793 468 2852 enim
495 2794 644 2872 incipiens
670 2812 686 2852 a
715 2792 808 2853 voeali
836 2794 868 2852 in
896 2811 939 2871 ην
968 2794 1127 2852 terminum
1154 2797 1247 2851 mutat
1274 2798 1306 2850 et
1340 2791 1426 2853 bone

124 2895 224 2961 ellieit,
247 2889 420 2972 ἔφθαρμαι
442 2888 636 2975 ε’φθέρμην,
658 2886 799 2975 ἥττημαι
820 2886 978 2974 ἡττήμηιι.
1011 2900 1040 2953 at
1062 2894 1088 2953 si
1115 2892 1164 2953 ille
1185 2894 1285 2972 coepit
1307 2912 1325 2953 a
1349 2913 1425 2956 eon·

124 2996 256 3064 sonanti,
286 2994 335 3055 hic
358 3001 477 3074 praeter
499 2996 567 3057 linis
589 2998 781 3057 mutationem
804 3015 892 3076 quiam
915 2995 1043 3055 diximus
1070 2995 1159 3055 etiam
1180 2993 1313 3055 vocalem
1334 2997 1425 3076 prin·
1438 3020 1464 3061 ιι

123 3098 203 3177 cipio
226 3114 280 3157 suo
302 3095 432 3164 adhibet,
456 3097 637 3177 πεποίημαι
660 3093 878 3178 έπεποιήμην,
905 3091 1059 3176 λέλεγμαι
1087 3092 1280 3176 ἑλελέγμην.

208 3197 250 3258 De
278 3198 378 3259 luturo
406 3201 533 3278 passivo.
584 3200 763 3278 paenultima
797 3199 907 3279 syllaba
935 3198 1012 3279 apud
1041 3198 1169 3260 Graecos
1201 3199 1294 3258 loturi
1330 3202 1427 3262 activi

124 3307 230 3380 quarta
251 3300 284 3359 lit
312 3318 328 3359 a
355 3301 414 3361 bne
436 3302 561 3379 passivi,
589 3297 701 3381 νοήσω
724 3296 951 3382 νοηθήσομαι,
973 3296 1175 3379 θεραπεύσω
1197 3298 1429 3384 deportaveri-

124 3414 241 3482 σομαι,
265 3394 375 3463 ε’λοέσω
404 3398 646 3483 έλασθήσομαι.
692 3403 821 3464 secunda
849 3421 977 3482 persona
1004 3404 1103 3463 minor
1124 3401 1233 3482 syllaba
1263 3403 1296 3462 lit
1330 3422 1428 3484 quam

125 3506 234 3584 prima,
270 3498 502 3584 λαληθήσομαι
536 3499 738 3585 λαληθήσει,
771 3501 997 3584 τιμηθήσομαι
1024 3500 1211 3584 τιμηθήσει.
1262 3502 1315 3566 illa
1349 3524 1466 3574 verosa

125 3606 240 3685 speeies
268 3607 390 3685 propria
418 3605 598 3666 Graecorum
627 3614 685 3675 est,
715 3605 793 3685 quod
826 3607 938 3667 babent
959 3608 990 3667 in
1012 3623 1123 3684 genere
1144 3607 1261 3685 passivo
1282 3607 1429 3672 luturum

124 3706 202 3787 quod
232 3725 296 3766 rem
323 3709 470 3784 signifieat
496 3726 555 3768 non
584 3709 678 3769 multo
700 3715 766 3787 post
789 3709 841 3768 sed
864 3728 930 3769 mox
953 3709 1099 3776 suturam,
1132 3715 1166 3768 ut
1193 3704 1430 3790 πεποιήσομαι

124 3804 345 3887 γεγράψομαι.
390 3807 446 3867 boe
475 3818 572 3869 alitent
607 3818 723 3888 tempus
746 3828 782 3869 er
804 3811 941 3888 perlecto
969 3809 1102 3870 eiusdem
1131 3810 1251 3886 generis
1273 3813 1429 3875 nascitur.

125 3912 248 3971 insertis
269 3912 347 3970 enim
371 3912 518 3971 secundae
534 3928 678 3990 personae
701 3912 827 3990 perlecti
843 3911 958 3972 duabus
976 3912 1096 3980 litteris,
1119 3906 1209 3970 oxul
1223 3930 1258 3989 μ,
1281 3911 1430 3978 loturum

124 4010 212 4092 paulo
234 4018 313 4091 post,
337 4011 414 4090 quod
438 4013 560 4072 atticum
583 4020 712 4081 vocatur,
736 4013 878 4082 efficitur,
902 4012 1080 4092 πεποίησαι
1102 4006 1342 4094 πεποιήσομαι,
1365 4013 1431 4095 γε’-
1444 4044 1470 4085 5

124 4120 251 4193 μραψαι
277 4107 497 4194 γεγράψομαι.
537 4133 592 4174 nee
620 4114 657 4175 ab
685 4133 717 4175 re
741 4123 805 4174 erat
827 4113 913 4194 paulo
936 4116 1157 4195 postfuturum
1180 4132 1216 4174 er
1238 4114 1329 4193 paulo
1352 4128 1432 4183 ante

124 4223 274 4277 transacto
296 4223 430 4295 tempore
452 4218 615 4295 procreari.
654 4217 845 4277 inveniuntur
868 4215 1059 4278 huiusmodi
1082 4224 1215 4295 tempora
1238 4216 1374 4294 figurata
1399 4231 1433 4285 et

124 4336 161 4380 en
183 4317 284 4378 verbis
313 4319 344 4376 in
373 4336 399 4378 ω
423 4318 608 4387 exeuntibus,
633 4326 665 4379 ut
687 4326 733 4378 est
755 4313 953 4399 ὃεδοικήσω,
976 4318 1055 4398 quod
1077 4319 1232 4397 proprium
1255 4318 1432 4398 Syracusa-

123 4438 229 4481 norum
252 4427 306 4488 est,
329 4426 359 4478 et
374 4411 523 4498 δεὸώσω,
548 4430 578 4482 ut
604 4420 681 4499 opud
697 4419 872 4482 Dracontem
895 4412 995 4499 ‘dato
1012 4415 1068 4481 καὶ
1083 4416 1176 4499 δῶρα
1191 4413 1433 4510 διδώσομεν,

124 4524 207 4601 qrrasi
230 4521 317 4601 paulo
339 4529 405 4599 post
427 4520 572 4583 dabimus
1446 4554 1472 4594 η,

193 4710 225 4758 10
241 4708 408 4773 pericimenos
424 4709 450 4757 P
517 4708 547 4757 12
567 4702 668 4772 έσβεκα
684 4725 703 4772 p
720 4706 825 4775 εσβηιια
839 4710 863 4758 P
930 4711 961 4758 13
974 4708 1110 4773 λελοσμαι
1123 4709 1147 4758 Ρ
1215 4709 1246 4758 14
1259 4724 1322 4762 eum
1336 4714 1435 4770 breuis

125 4791 144 4827 α
162 4791 177 4827 ο
195 4790 245 4825 ooo
262 4776 351 4840 recipit
363 4777 387 4825 P
456 4776 486 4824 18
498 4777 628 4841 πεπληιια
641 4777 666 4825 Ρ
732 4779 762 4826 ‘21
782 4776 927 4828 πεκλεοκα
940 4778 965 4827 Ρ
1031 4779 1120 4827 itaut
1132 4777 1192 4828 siP
1258 4779 1293 4829 31
1308 4779 1396 4837 babet
1410 4789 1437 4841 Ρ

193 4846 224 4897 37
238 4845 388 4911 temporeP
454 4845 487 4897 39
505 4844 645 4895 Draconem
664 4844 772 4896 Zeooioe
1468 4902 1490 4959 ι
