3346 5498
272 392 336 457 492
815 391 1013 453 AVCVS'l’lNl

272 578 346 642 fert.
391 598 495 662 neque
521 574 590 639 ulla
616 596 716 639 causa
742 583 793 638 est
819 594 877 638 cur
903 573 1042 640 alterum
1063 573 1260 658 genuinum,
1283 570 1420 635 alterum
1442 592 1565 657 suppo

272 679 371 744 situm
392 700 464 742 esse
486 677 643 759 dicamus,
659 675 712 742 vel
735 677 849 740 curin
870 675 1056 742 breviatam
1077 684 1181 739 artem
1201 671 1298 761 plura
1313 670 1474 737 translata
1488 694 1566 736 esse

273 802 315 846 ex
336 780 475 866 genuino
498 779 582 844 libro
610 788 759 864 putemus
788 799 886 864 quam
912 778 946 841 in
973 775 1114 863 regulas.
1159 799 1235 841 nam
1257 775 1365 863 siquid
1386 776 1420 840 in
1442 772 1565 840 alteru·

271 893 321 948 tro
343 882 428 947 libro
450 880 666 967 probabiliter
687 880 730 946 ad
745 879 965 966 Augustinum
986 878 1103 943 referri
1124 888 1243 966 potest,
1259 877 1452 943 Africanum
1474 885 1566 942 certe

272 985 461 1069 scriptorem
484 981 622 1070 prodere
637 982 792 1048 videntur
813 982 948 1048 nomina
969 967 1162 1068 oppidorum
1184 1004 1216 1068 p.
1234 980 1317 1045 1990
1337 979 1454 1067 posita,
1477 1000 1566 1066 quae

270 1087 317 1150 ita
338 1085 439 1150 scribi
460 1087 518 1150 vix
545 1094 698 1172 poterant
723 1085 788 1148 nisi
810 1082 853 1148 ab
875 1105 912 1148 eo
935 1081 991 1169 qui
1012 1082 1047 1145 in
1067 1082 1185 1146 Africa
1206 1080 1259 1147 vel
1287 1082 1408 1147 vixerit
1430 1080 1483 1147 vel
1505 1102 1564 1144 na·

271 1198 324 1252 tus
347 1186 457 1252 fucrit.
503 1185 561 1250 sed
589 1185 738 1252 omnibus
766 1185 832 1250 iam
859 1184 902 1249 ad
924 1206 1019 1250 usum
1042 1184 1224 1250 scholarum
1247 1194 1280 1250 ct
1301 1206 1373 1249 eam
1394 1184 1473 1248 artis
1496 1192 1565 1248 tra-

271 1289 410 1353 ctandae
432 1287 605 1369 rationem,
629 1309 728 1374 quam
748 1287 879 1352 infimae
894 1287 1012 1351 aetatis
1034 1285 1209 1373 scriptores
1232 1284 1464 1372 sequebantur,
1487 1306 1565 1350 con·

270 1391 385 1478 positis
407 1414 475 1457 non
496 1387 636 1476 amplius
658 1388 879 1476 quaerendum
901 1398 960 1469 est,
982 1387 1069 1453 unde
1091 1411 1237 1477 quaeque
1259 1388 1364 1476 petita
1385 1388 1460 1452 sint.

356 1492 488 1557 Omissa
509 1493 609 1577 igitur
632 1493 854 1558 controversia
875 1489 916 1555 de
930 1499 1062 1555 auctore
1083 1490 1244 1557 librorum
1265 1500 1369 1555 restat
1388 1499 1426 1554 ut
1447 1489 1488 1554 de
1510 1487 1564 1552 his

270 1594 351 1682 ipsis
383 1603 417 1658 et
449 1593 490 1657 de
516 1601 631 1659 nostra
658 1592 802 1659 editione
835 1614 940 1680 pauca
968 1591 1124 1658 dicamus.
1166 1601 1304 1679 uterque
1336 1601 1445 1656 autem
1477 1589 1566 1655 liber

270 1705 401 1782 praeter
415 1695 569 1780 vulgares
585 1696 665 1759 artis
681 1695 811 1780 regulas
833 1716 939 1783 pauca
953 1717 1036 1781 quae
1053 1694 1154 1780 digna
1169 1717 1241 1760 esse
1256 1695 1411 1759 memoria
1425 1692 1564 1757 videan-

271 1807 326 1861 tur
347 1797 502 1862 continet.
538 1796 669 1860 namin
692 1805 762 1861 arte
783 1796 933 1863 breviata
955 1818 1038 1884 quae
1061 1797 1180 1861 dicitur
1201 1798 1313 1884 paucis
1336 1797 1377 1861 de
1398 1793 1565 1861 latinitate

271 1910 304 1964 ct
325 1899 474 1985 partibus
497 1897 653 1962 orationis
676 1900 863 1984 praemissis
886 1909 958 1964 octo
988 1909 1096 1982 partes
1120 1900 1277 1965 orationis
1301 1920 1338 1963 eo
1361 1897 1429 1962 fere
1452 1897 1563 1978 modo,

272 2023 368 2087 quem
399 1998 530 2087 plurimi
563 2001 681 2065 artium
714 2001 888 2088 scriptores
921 2011 996 2087 post
1027 2001 1194 2067 Donatum
1231 2001 1332 2066 secuti
1365 2011 1455 2081 sunt,
1487 2021 1564 2064 cum

273 2101 430 2188 exemplis
454 2100 707 2167 declinationum
723 2112 958 2189 *exponuntum
989 2101 1109 2167 deinde
1136 2103 1282 2169 breviter
1305 2101 1345 2167 de
1369 2100 1563 2167 soloecismo

273 2214 306 2269 et
325 2203 531 2270 barbarismo
554 2214 730 2289 tractatur,
755 2215 918 2291 postremo
939 2227 1044 2291 pauca
1066 2205 1216 2294 exempla
1237 2195 1373 2270 casuum
1394 2227 1467 2269 cnm
1489 2226 1563 2271 ver-

272 2307 323 2372 bis
350 2305 404 2371 vel
431 2306 618 2372 nominibus
647 2309 846 2390 iunctorum,
876 2330 958 2394 quae
985 2307 1143 2373 idiomata
1165 2308 1319 2373 dixerunt
1345 2305 1563 2392 grammatici,

273 2408 420 2474 subiecta
447 2417 530 2473 sunt.
575 2416 722 2474 veterum
749 2418 858 2474 autem
891 2412 1086 2497 scriptorum
1113 2410 1270 2498 exemplis
1303 2432 1368 2475 non
1399 2431 1478 2473 usus
1513 2418 1566 2472 cst

272 2511 412 2597 scriptor
433 2520 564 2596 praeter
591 2520 745 2597 quattuor
772 2534 885 2577 versus
908 2511 1048 2597 Vergilii
1076 2522 1109 2577 et
1130 2512 1320 2578 Ciceronem
1345 2511 1398 2576 bis
1425 2532 1564 2575 comme-

272 2621 444 2678 moratum.
488 2610 586 2699 paulo
615 2615 746 2678 maioris
775 2613 942 2679 doctrinae
974 2613 1097 2678 indicia
1124 2614 1261 2701 praebet
1288 2613 1372 2679 alter
1398 2613 1499 2695 liber,
1528 2614 1563 2676 in

171 2785 178 2804 ,
273 2738 337 2802 quo
360 2725 392 2780 et
407 2724 493 2780 artes
510 2712 563 2778 vel
585 2714 705 2780 artium
727 2714 902 2802 scriptores
925 2716 1055 2802 saepius
1079 2725 1380 2795 commemorantur,
1405 2727 1438 2781 et
1459 2715 1565 2778 multa

273 2816 423 2903 exempla
444 2815 600 2903 Vergilii,
628 2816 790 2903 quaedam
818 2817 965 2883 Terentii
993 2826 1025 2881 et
1053 2817 1237 2902 Ciceronis,
1266 2816 1394 2904 singula
1415 2816 1563 2882 Sallustii

273 2930 305 2984 et
321 2919 446 2985 Lucani
467 2919 510 2983 ad
532 2917 662 3003 regulas
684 2920 922 2985 confirmandas
944 2920 1109 3006 adscripta
1131 2930 1222 3007 sunt,
1245 2918 1344 2985 semel
1367 2922 1463 2985 etiam
1478 2918 1562 2983 Var-

272 3023 360 3086 ronis
383 3021 545 3086 sententia
566 3021 694 3106 prolata
722 3031 772 3087 cst
792 3047 824 3109 p.
848 3022 942 3088 2008.
970 3044 1165 3110 quamquam
1191 3023 1243 3087 his
1272 3021 1417 3108 exceptis
1445 3043 1486 3085 ne
1508 3021 1563 3083 hic

272 3123 404 3210 quidem
437 3123 575 3209 scriptor
606 3122 692 3187 ultra
726 3123 895 3210 vulgarem
928 3124 1114 3211 regularum
1148 3124 1396 3191 scribendarum
1430 3123 1562 3188 modum

271 3226 449 3311 processit,
478 3223 537 3288 sed
565 3234 719 3293 consueto
748 3249 838 3292 more
866 3227 907 3291 de
936 3237 1009 3292 octo
1039 3228 1188 3313 partibus
1218 3228 1376 3293 orationis
1398 3227 1563 3291 tractavit.

272 3350 356 3415 quae
383 3350 458 3393 cum
485 3328 533 3392 ita
559 3329 639 3409 sint,
669 3350 787 3415 operae
814 3329 955 3418 pretium
982 3352 1048 3394 non
1076 3352 1147 3394 esse
1169 3328 1356 3394 existimavi
1378 3329 1563 3394 breviatam

272 3438 374 3519 artem
396 3430 502 3495 denuo
525 3429 639 3514 edere3
667 3453 771 3519 pauca
792 3442 918 3513 tamen,
947 3453 1030 3518 quae
1058 3429 1195 3496 alicuius
1217 3432 1373 3496 momenti
1395 3453 1466 3495 esse
1488 3430 1564 3495 visa

273 3541 364 3613 sunt,
387 3553 562 3619 excerpere
584 3530 730 3618 placuit,
752 3535 787 3598 in
809 3533 929 3620 quibus
951 3532 1088 3599 Weberi
1117 3534 1218 3620 copiis
1241 3557 1319 3599 usus
1343 3557 1424 3598 sum.
1468 3553 1563 3617 regu-

272 3633 377 3697 larum
400 3643 509 3699 autem
536 3632 671 3718 librum,
699 3657 895 3722 quamquam
920 3633 1007 3698 hunc
1033 3657 1160 3723 quoque
1187 3658 1208 3700 a
1229 3659 1315 3700 nova
1335 3635 1561 3721 grammatico-

272 3757 345 3800 rum
366 3735 557 3802 collectione
579 3735 657 3801 olim
679 3736 795 3802 abesse
809 3734 977 3801 volueram
998 3759 1103 3823 neque
1126 3736 1166 3802 de
1189 3737 1383 3803 emendandi
1404 3735 1563 3802 subsidiis

273 3837 514 3920 quaesiveram,
547 3848 672 3918 tamen,
706 3838 827 3925 nequid
860 3837 1114 3923 desideraretur,
1149 3861 1214 3904 non
1248 3839 1461 3909 omittendum
1489 3861 1562 3903 esse

273 3935 428 4003 iudicavi.
471 3963 547 4004 nam
574 3961 641 4003 non
669 3937 773 4003 solum
801 3940 961 4026 quaedam
988 3962 1070 4027 quae
1093 3941 1135 4007 ab
1159 3941 1232 4006 aliis
1254 3940 1377 4005 tradita
1399 3963 1462 4005 non
1485 3952 1563 4006 sunt

273 4039 430 4122 continet,
459 4042 517 4106 sed
545 4042 644 4106 etiam
672 4040 831 4128 exemplis
855 4040 1106 4108 declinationum
1129 4045 1353 4109 auctoritatem
1377 4042 1519 4129 aliquam
1543 4065 1563 4106 a

357 4278 382 4348 *)
406 4281 522 4332 Praeter
545 4296 579 4331 ea
602 4298 672 4348 quae
695 4282 769 4333 inira
794 4282 917 4333 exhibita
939 4289 1004 4334 sunt
1021 4284 1073 4335 duo
1092 4285 1217 4352 exempla
1235 4285 1353 4351 Vergilii
1372 4287 1562 4351 grammaticis

272 4369 379 4419 usitata
402 4366 544 4432 adscripta
567 4372 630 4417 sunt
653 4367 686 4420 de
710 4369 907 4433 conparatione
932 4370 1068 4420 nominum
1091 4387 1116 4436 p.
1137 4374 1152 4421 9
1172 4370 1214 4424 ed.
1233 4370 1323 4433 Web.,
1342 4372 1408 4420 unde
1426 4373 1500 4420 ettam
1518 4374 1561 4422 ille

272 4455 340 4505 dr'ar't
363 4448 457 4518 (Verg.
476 4451 636 4518 Asn.1ao)
662 4453 689 4505 ‘o
707 4454 823 4503 Danaum
843 4454 981 4513 fortissime
1002 4455 1085 4518 pentir
1107 4455 1226 4520 Tydide',
1250 4460 1278 4505 et
1296 4456 1329 4505 de
1348 4458 1562 4522 praepositioni·

272 4539 323 4589 bus
341 4555 368 4605 p.
381 4540 413 4588 29
431 4537 473 4590 ed.
487 4537 576 4600 Web,
594 4554 680 4602 super,
699 4541 800 4605 quando
818 4540 849 4589 de
867 4540 1000 4604 siqudem,
1019 4541 1094 4588 acue
1110 4549 1148 4590 est
1167 4542 1260 4607 (Verg.
1278 4540 1345 4591 Aen.
1364 4542 1377 4590 1
1396 4542 1456 4603 754)
1475 4545 1561 4592 ‘multa

272 4625 304 4674 ce
327 4623 429 4673 Priamo
455 4620 589 4688 roqitnns'.
627 4621 769 4675 Ciceronis
797 4628 890 4673 antem
915 4640 1012 4674 nomen
1038 4630 1101 4688 post
1127 4624 1341 4677 declinationem
1370 4628 1561 4692 pronominum

272 4711 342 4758 adas
367 4715 469 4759 nostras
494 4715 593 4758 vernas
619 4709 750 4772 scriptum
776 4713 820 4758 est
842 4725 868 4774 p.
890 4711 920 4759 17
941 4709 982 4759 ed.
1001 4709 1092 4772 Web,
1116 4713 1164 4760 sed
1184 4712 1256 4761 buius
1278 4718 1417 4772 erectorem,
1440 4714 1466 4761 in
1488 4715 1563 4764 cuius

272 4792 343 4842 libris
367 4793 521 4852 inveniatur,
549 4808 599 4843 non
624 4791 741 4843 babemus
767 4797 832 4844 tanti
854 4796 990 4859 ponderis,
1013 4802 1040 4843 ut
1062 4796 1228 4860 inperitorum
1245 4798 1421 4847 cometudini
1436 4798 1562 4850 renitere

271 4877 405 4930 valeanus.
441 4892 497 4927 narn
515 4878 619 4929 deenen
636 4881 793 4943 superium
810 4881 866 4944 ipse
888 4878 983 4931 lindius
999 4885 1089 4932 arctor
1106 4889 1153 4931 eat.
