3346 5498
687 378 690 383 ’
762 402 833 465 ans
1407 393 1449 457 aa

1257 502 1424 558 pmcn

165 597 304 657 amantior
326 593 555 655 amantissimus.
585 589 663 670 quod
686 590 712 649 si
733 588 921 669 participium
946 595 1057 647 tantum
1086 592 1178 655 esset,
1207 585 1449 664 conparationem

164 698 260 776 ntique
295 714 357 757 non
393 695 550 773 reciperet.
586 723 628 734 -
664 689 734 751 Sed
762 689 828 750 hos
860 687 1045 769 plurimae
1076 687 1257 750 lectionis
1289 685 1596 755 revincitoenec·

162 798 381 859 auctoritas:
416 795 603 856 verissimum
631 801 676 854 est
710 800 741 853 ut
769 791 848 852 nulla
876 791 1032 870 participia
1059 792 1089 850 in
1116 788 1254 849 adverbia
1288 795 1448 854 transeant,

162 901 213 960 nisi
234 897 283 959 illa
312 916 387 977 quae
416 904 445 956 et
473 895 700 975 comparationes
721 901 845 971 possunt
866 893 1015 971 accipere,
1039 898 1070 950 ut
1091 892 1149 951 iarn
1172 896 1333 970 potestates
1355 889 1449 950 nomi-

143 1018 227 1060 onum
251 1006 386 1070 teneant,
410 1006 442 1059 ut
463 995 625 1076 neglegens
647 994 848 1074 neglegenter,
872 995 940 1074 quia
963 994 1033 1054 lacit
1054 991 1268 1071 neglegentior.

616 1164 664 1226 nn
687 1162 963 1227 contvncttotvu
988 1160 992 1242 Ι

240 1286 464 1350 Coniunctio
500 1293 555 1346 est
587 1303 673 1365 pars
704 1284 885 1344 orationis
918 1281 1136 1342 adnectens:
1175 1281 1345 1342 coniunctio
1382 1278 1495 1341 ideone

160 1389 281 1458 dicitur,
311 1387 389 1469 equod
416 1385 548 1447 adnectit
574 1385 677 1454 verba;
706 1404 723 1445 a
752 1386 914 1445 conexione
941 1385 1000 1444 viru
1026 1400 1110 1445 suant
1144 1382 1234 1444 ltabet
1259 1382 1448 1443 declaratam.

160 1499 291 1570 potestas
314 1489 554 1551 coniunctionum
578 1498 637 1556 est,
669 1495 701 1546 ut
722 1486 864 1555 sciamus,
888 1504 963 1566 quae
986 1484 1166 1565 copulativae
1189 1492 1271 1554 sunt,
1294 1502 1368 1564 quae
1391 1483 1449 1544 dis-

132 1593 304 1653 uinuctivae
332 1598 362 1650 et
388 1589 536 1667 reliquae;
570 1588 659 1658 ordo,
687 1595 719 1648 ut
746 1588 886 1662 sciamus,
921 1586 1037 1667 (puerulo
1069 1586 1296 1665 subiungamus,
1331 1583 1450 1664 quando

159 1711 391 1774 praeponamus,
425 1691 542 1771 quando
576 1689 790 1769 subiungamus
823 1696 852 1750 et
884 1707 1117 1771 praeponamus;
1150 1691 1259 1768 ligura,
1289 1691 1356 1769 quia
1378 1705 1450 1748 con·

160 1796 341 1863 iunctiones,
366 1794 497 1873 quamvis
519 1800 587 1853 sunt
609 1790 773 1871 simplices,
797 1798 1022 1872 conponuntur,
1046 1792 1122 1852 sicut
1144 1798 1174 1850 et
1195 1791 1324 1852 nomina.
1369 1791 1450 1869 equi·

160 1896 223 1957 dem
252 1894 304 1956 alii
333 1894 436 1955 dicunt
466 1893 541 1954 harre
563 1893 674 1954 habere
696 1894 958 1972 significationem,
982 1894 1055 1970 ‘ego
1078 1892 1235 1972 quidem’;
1265 1891 1316 1952 sed
1345 1890 1451 1952 melius

160 1999 235 2058 iuxta
264 1995 437 2058 Sallustium
464 1994 696 2074 intellegendum
724 1994 857 2075 quidem,
887 2002 919 2054 ut
946 1995 1130 2074 conpositum
1159 1995 1198 2054 sit
1234 1993 1380 2073 equidem.
1412 2026 1447 2036 —
1546 2072 1549 2078 Ι

88 2106 92 2123 ’
130 2096 353 2159 nCausales:
376 2097 555 2176 intellegitur
578 2098 665 2157 etiam
688 2096 745 2157 hoc
768 2095 866 2164 modo,
889 2096 960 2175 quid
982 2097 1101 2157 intersit
1122 2097 1201 2156 inter
1223 2094 1398 2156 rationalem
1422 2101 1494 2161 et31

159 2199 303 2261 causalem
330 2218 386 2280 per
414 2198 493 2260 hune
521 2197 661 2258 colorem.
707 2196 789 2258 verbi
816 2199 909 2276 gratia
936 2199 961 2258 si
989 2196 1123 2260 dicantus
1146 2197 1268 2259 ‘occido
1290 2198 1450 2269 hominem,

159 2300 311 2362 attollam
334 2299 377 2361 illi
399 2302 556 2381 pecuniam
564 2305 585 2370 ⁹,
608 2306 771 2368 causaest,
794 2297 846 2359 sed
861 2300 937 2359 ratio
959 2318 1020 2360 nou
1040 2307 1085 2360 est
1110 2319 1166 2379 per
1193 2301 1451 2379 intemperantiam

160 2398 339 2484 lhomiuem
366 2401 519 2470 occidere;
552 2403 578 2461 si
605 2400 681 2462 addo
709 2405 720 2436 e
728 2419 783 2482 per
810 2407 944 2470 noctem,
974 2420 1012 2463 ue
1040 2400 1276 2480 deprehendar’,
1299 2402 1374 2462 ratio
1397 2409 1450 2463 cst.

159 2503 338 2584 copulativae
371 2503 468 2564 dictae
500 2505 738 2573 coniunctiones,
772 2521 847 2583 quae
884 2522 1003 2583 semper
1035 2478 1174 2582 copulant
1207 2512 1237 2564 et
1268 2487 1453 2581 coniungunt

128 2603 321 2667 elocutiones
351 2600 398 2689 [ut
424 2606 659 2684 ‘primusque
686 2603 861 2667 Machaon
890 2605 932 2666 Et
959 2603 1165 2666 lleuclaus’
1195 2603 1253 2665 tale
1281 2613 1339 2674 est,
1367 2622 1405 2665 oc
1426 2605 1452 2665 si

159 2705 239 2767 dicas
260 2710 310 2767 ‘et
330 2707 445 2786 primus
467 2704 651 2788 llachaon’].
683 2726 750 2768 nant
774 2708 799 2768 si
822 2705 888 2768 dico
911 2710 960 2767 ‘tu
980 2705 1057 2776 ille’,
1080 2714 1160 2767 stare
1182 2724 1242 2767 non
1264 2713 1371 2787 potest,
1395 2706 1451 2767 nisi

159 2808 246 2869 luerit
266 2806 366 2868 media
389 2807 571 2876 coniunctio,
594 2816 628 2870 ut
649 2813 697 2869 ‘tu
722 2817 752 2869 et
772 2807 850 2869 ille’.
885 2827 957 2887 ergo
979 2807 1047 2870 ideo
1062 2808 1170 2870 dicitur
1185 2807 1360 2888 copulativa,
1383 2810 1451 2889 quia

158 2907 227 2970 duas
248 2918 353 2990 partes
380 2910 412 2970 in
434 2908 600 2971 elocutione
623 2911 734 2989 optime
757 2911 918 2989 coniungit
946 2910 1121 2972 disiunctiva
1145 2912 1223 2971 enim
1247 2910 1337 2973 verba
1359 2930 1450 2990 copu-

157 3007 208 3079 lat,
224 3029 332 3072 sensus
346 3010 498 3088 disiungit.
522 3010 589 3072 ideo
612 3014 760 3073 contraria
783 3013 899 3091 species
919 3012 1038 3074 videtur
1060 3013 1261 3074 coniunctioni
1283 3012 1449 3074 disiunctio.

125 3110 319 3192 asexpletivae
338 3121 407 3173 sunt
428 3131 503 3191 quae
525 3112 641 3173 additae
657 3122 764 3176 ornant
785 3132 906 3175 sensum
934 3120 962 3174 et
989 3113 1106 3193 pondus
1133 3114 1278 3183 adiciunt,
1303 3113 1451 3176 detractae

156 3213 227 3274 uilril
255 3214 416 3293 derogant,
448 3222 480 3274 ut
509 3215 583 3275 ‘hoc
611 3215 698 3276 lecito
725 3214 858 3285 saltem’,
888 3235 1048 3295 possumus
1071 3225 1100 3274 et
1122 3214 1201 3276 ‘hoc
1222 3216 1327 3276 lacito’
1351 3217 1451 3276 dicere

155 3313 269 3377 stillata
292 3317 511 3377 coniunctione.
539 3351 569 3360 -
592 3316 724 3379 llilsrcilis
746 3318 884 3379 discretio
908 3326 953 3378 est
974 3320 1052 3378 iuter
1075 3316 1209 3379 causales
1232 3325 1261 3377 et
1282 3316 1450 3386 rationales,

154 3435 230 3496 quae
257 3436 307 3478 res
332 3412 336 3498 Ι
361 3418 455 3495 magis
484 3417 521 3479 ad
551 3416 744 3498 philosophos
771 3421 900 3499 pertinet
929 3427 958 3480 et
986 3427 1130 3480 oratores.
1169 3419 1248 3479 aliud
1276 3419 1354 3480 euim
1383 3428 1453 3480 sunt

154 3517 306 3592 causales,
335 3517 415 3580 aliud
443 3518 613 3580 rationales:
647 3529 745 3599 potest
778 3540 842 3583 esse
876 3522 955 3581 eninr
984 3539 1086 3596 causa,
1116 3540 1190 3601 quae
1218 3521 1363 3581 rationem
1392 3540 1451 3581 uon

118 3644 143 3685 aa
157 3618 283 3688 haheat;
306 3621 382 3681 ratio
404 3622 469 3682 sine
492 3640 579 3682 causa
602 3640 662 3682 non
686 3631 877 3703 potestesse.
916 3621 971 3683 alia
994 3622 1149 3685 diseretio:
1174 3622 1226 3683 ulai
1249 3625 1358 3684 utimur
1381 3642 1450 3685 cau·

153 3720 281 3790 salibus,
305 3739 366 3782 non
389 3724 502 3783 utimur
525 3719 538 3802 ll
561 3723 770 3793 rationalibus;
797 3723 849 3785 ubi
870 3724 1063 3786 rationalibus
1086 3726 1206 3794 utimur,
1228 3743 1386 3805 possumus
1409 3727 1453 3786 uti

153 3831 184 3883 et
205 3821 384 3884 causalibus.
408 3858 449 3868 -
473 3825 650 3903 Namque,
675 3827 761 3894 uisi,
785 3828 926 3896 nisisi,
951 3829 1059 3896 enim,
1090 3828 1242 3887 etenim:
1271 3828 1553 3900 stantunus

151 3926 290 3985 oratione
313 3942 475 4002 numquam
491 3945 547 4006 pro
563 3929 773 3988 coniunctione
795 3936 962 4007 ponuntur,
986 3930 1054 4006 quia
1076 3928 1226 3989 interdum
1249 3920 1327 3989 vices
1350 3948 1451 3990 earum

151 4027 337 4106 praepositio
359 4036 494 4106 occupat.
517 4029 683 4090 -Enim
706 4031 842 4090 etenim
863 4034 1066 4109 enimvero:
1090 4032 1163 4092 istae
1186 4039 1246 4091 tres
1269 4031 1481 4092 coniunctio-8

225 4265 287 4316 Cori.
307 4264 388 4320 Bern.
408 4264 610 4318 xum-xm
628 4269 656 4321 2.
710 4269 856 4334 ‹lpotestas
909 4270 1097 4335 nuecglegens
1117 4269 1297 4335 necglegcnter
1351 4272 1452 4337 neegle-

150 4336 258 4402 gentior
331 4335 362 4385 il
384 4337 575 4389 coniunctiones
595 4353 665 4391 corr.
686 4339 880 4404 conirrgntiones
952 4341 984 4390 15
1004 4337 1163 4405 rationalem]
1186 4340 1284 4388 rarione
1356 4341 1387 4390 17
1408 4354 1453 4406 per

151 4405 351 4470 intemperantia
370 4404 497 4455 hominem
516 4408 631 4458 occidere
651 4423 682 4457 ne
704 4407 897 4473 depraehendat
917 4411 938 4458 si
958 4409 1025 4458 addo
1045 4424 1091 4474 per
1109 4420 1206 4458 noctem
1226 4412 1289 4460 ratio
1310 4421 1349 4458 est
1420 4408 1452 4458 lo

149 4475 313 4539 coniungant
365 4475 536 4526 ‘20meuelais
554 4477 694 4527 taleestsi
765 4479 796 4528 al
819 4475 878 4544 nisi]
900 4480 921 4528 ei
974 4480 1009 4529 25
1027 4488 1099 4527 orant
1117 4483 1238 4532 cornel.
1257 4478 1452 4529 ravanordinnnt

223 4548 260 4595 25
280 4545 346 4595 aliut
414 4545 449 4594 ’29
469 4547 531 4596 aliut
603 4547 637 4597 30
660 4548 880 4597 ratioeuimeiue
950 4546 1152 4597 {itinerationi
1224 4548 1257 4600 34
1275 4549 1342 4598 euim
1358 4549 1451 4597 etenim

151 4629 216 4665 uero
236 4616 286 4664 ista

224 4821 256 4871 lt
277 4820 350 4869 iuxta
368 4817 526 4886 Sallustium]
555 4822 627 4871 Catil.
646 4822 692 4881 51,
711 4822 743 4872 15
758 4822 876 4887 equidem
896 4837 945 4889 ego
963 4823 1002 4873 sie
1019 4824 1150 4874 existimo:
1174 4825 1209 4886 ef.
1229 4823 1357 4872 Priscian.
1373 4826 1422 4874 ool.
1442 4823 1450 4870 Ι

146 4909 177 4956 p.
195 4891 247 4942 575
265 4889 295 4938 H
362 4888 398 4939 20
415 4889 573 4957 primusque]
596 4893 675 4956 Verg.
694 4890 759 4942 Aen.
779 4891 869 4942 112113
