3382 5498
425 378 461 454 a
696 399 933 464 counaurvu
1021 440 1028 462 .
1399 396 1463 463 269

451 543 455 551 .
1279 519 1300 560 p.
1314 507 1403 548 386-88
1416 505 1438 546 1.

170 591 252 652 mam
272 588 354 653 nulla
381 588 562 669 praepositio
591 605 645 666 per
667 594 679 648 t
701 588 890 656 terminatum
924 585 1104 667 ubicumque
1130 587 1245 647 invenis
1270 586 1463 665 praepositio·

95 701 101 710 '
172 710 252 762 nem,
275 709 330 772 per
352 690 372 750 d
394 698 448 751 est.
493 690 587 780 siquis
609 690 763 768 scripserit
785 706 839 769 per
862 696 881 758 t,
905 687 1122 749 barbarismum
1145 688 1224 757 lacit,
1248 688 1387 766 quoniam
1409 705 1464 766 per

172 793 285 856 litteras
306 802 424 873 peceat;
449 810 508 852 non
532 789 740 853 soloecismum
762 791 840 858 lacit,
865 790 918 851 sed
935 789 1160 851 barbarismum.
1194 787 1375 869 ubicumque
1391 806 1464 868 ergo

173 895 353 975 praepositio
375 901 427 968 cst,
451 912 507 973 per
521 892 539 953 d
555 890 671 962 scribis,
696 890 732 952 ad
754 898 880 972 patrem,
902 891 939 953 ad
961 891 1073 960 lorum;
1096 892 1278 952 econtrario
1294 892 1463 952 coniunctio

144 1015 229 1077 sper
250 1005 262 1056 t
283 994 434 1062 scribitur.
457 1004 496 1056 at.
530 1013 601 1073 ergo
624 995 765 1074 quoniam
788 993 915 1054 diximus
929 994 1169 1056 coniunctionem
1192 1012 1257 1054 esse
1278 999 1316 1062 at.
1341 1001 1371 1054 ει
1392 1012 1462 1054 con·

153 1095 300 1178 popilio,
324 1113 399 1175 quae
421 1095 491 1157 inde
512 1098 553 1165 ut
576 1093 713 1156 similiter
735 1102 833 1155 serrat
854 1105 999 1164 naturam,
1022 1105 1125 1173 atque,
1139 1095 1178 1155 'id
1202 1103 1248 1157 est
1274 1113 1335 1156 non
1356 1114 1411 1176 per
1434 1095 1462 1164 d,

172 1198 227 1260 sed
247 1217 303 1279 per
324 1205 345 1259 t.
391 1199 416 1258 si
439 1206 468 1258 at
491 1198 620 1258 dicimus
640 1195 722 1256 illam
744 1197 992 1267 coniunctionem,
1015 1198 1071 1258 ista
1094 1205 1139 1257 εει
1160 1198 1334 1278 conpositio.

258 1301 372 1362 Accidit
394 1303 482 1361 etiam
505 1298 588 1362 ordo.
634 1297 707 1359 ordo
730 1301 972 1360 coniunctionum
996 1297 1043 1358 bic
1067 1305 1125 1368 est,
1153 1299 1231 1379 quod
1259 1306 1329 1361 sunt
1349 1298 1464 1379 aliquae
1476 1309 1536 1371 418,
1548 1310 1583 1360 23

172 1404 397 1485 praepositivae,
422 1407 491 1462 sunt
511 1401 731 1481 postpositirae,
754 1409 824 1462 sunt
844 1400 968 1462 mediae.
1005 1402 1219 1480 praepositivae
1241 1403 1466 1463 coniunctiones
1477 1378 1537 1443 ⁵¹⁶’
1549 1377 1583 1428 ³⁶

134 1504 298 1585 mquidem
321 1502 431 1565 multae
445 1511 528 1571 sunt;
553 1500 667 1562 habetis
682 1498 748 1561 illas
770 1502 848 1582 apud
863 1502 993 1565 Probum
1008 1502 1146 1580 digestas.
1175 1511 1244 1584 puta
1259 1512 1289 1565 at
1305 1511 1334 1564 et
1348 1512 1407 1566 ast:
1425 1506 1464 1565 ita

175 1607 311 1678 dicimus,
334 1609 377 1665 ‘at
398 1612 553 1685 postquam
577 1604 675 1673 venit',
700 1605 742 1662 ‘at
758 1614 922 1683 ,postquam
938 1604 1035 1666 medio
1050 1605 1167 1684 incepta
1184 1607 1317 1667 virorum
1331 1611 1397 1677 est',
1412 1608 1467 1669 ‘at

175 1717 282 1789 pater
304 1707 567 1786 omnipotens'.
592 1709 633 1767 ‘at
647 1709 833 1786 postquam’;
856 1709 1024 1785 ‘postquam
1042 1709 1084 1767 at'
1100 1725 1159 1767 non
1176 1726 1333 1788 possumus
1347 1708 1463 1772 dicere:

174 1819 225 1873 aut
239 1810 409 1888 ‘atpater’;
425 1811 523 1888 ‘pater
544 1811 586 1868 at'
603 1808 725 1867 omnino
746 1825 806 1868 non
822 1817 907 1887 potes
921 1808 1030 1868 dicere.
1061 1808 1197 1870 similiter
1219 1817 1278 1879 ast,
1303 1814 1377 1872 ‘ast
1398 1828 1464 1890 ego

174 1932 261 1993 qnae
282 1911 403 1971 divum
426 1909 588 1971 incedo'.
612 1908 754 1988 numquid
771 1908 843 1969 dixit
858 1927 913 1988 ego
928 1911 991 1971 asti
1007 1912 1082 1972 istae
1097 1919 1322 1992 praeponuntur
1337 1930 1465 1993 semper.

135 2037 161 2078 ιε
174 2014 243 2076 illae
264 2019 486 2094 postponuntur
508 2028 642 2090 semper,
655 2029 738 2090 que,
761 2012 786 2070 si
803 2011 884 2071 dieas
899 2013 1085 2091 primusque:
1102 2032 1161 2075 non
1184 2021 1269 2094 potes
1291 2013 1464 2095 dicereque

174 2118 301 2196 primns:
317 2113 465 2194 illiusque,
481 2115 649 2193 ipsiusque;
673 2131 732 2173 non
749 2131 907 2192 possumus
922 2113 1021 2175 dicere
1044 2133 1101 2194 que
1115 2114 1203 2184 illins,
1227 2132 1285 2193 que
1299 2117 1402 2196 ipsius.
1425 2119 1464 2177 si-

174 2216 284 2279 militer
307 2216 377 2278 ‘boe
392 2221 491 2276 antem
514 2214 572 2275 lae'
587 2234 643 2295 pro
659 2213 788 2294 eoquod
805 2223 850 2275 εει
865 2216 976 2275 ‘autem
989 2214 1046 2276 boo
1060 2216 1129 2276 lac’.
1159 2217 1212 2278 sed
1226 2219 1281 2279 ista
1296 2220 1465 2299 praeposita

173 2320 321 2381 invenitur
336 2317 414 2398 apud
430 2319 570 2393 comicos,
583 2318 615 2378 in
630 2317 796 2378 elocutione
811 2311 962 2377 communi
973 2319 1177 2398 postponitur;
1193 2321 1411 2400 apudcomicos
1421 2331 1464 2385 ta·

173 2439 243 2482 men
265 2420 432 2481 invenimus
452 2418 532 2498 quod
548 2421 752 2500 praeponitur.
783 2425 829 2480 est
844 2420 931 2479 etiam
948 2419 1055 2490 media,
1078 2429 1112 2482 ut
1127 2428 1173 2482 est
1186 2423 1289 2500 igitur3
1306 2430 1336 2484 et
1349 2443 1463 2505 quaqua

133 2549 160 2589 so
173 2530 258 2604 parte
280 2541 352 2584 usus
369 2523 467 2583 lucris¹
478 2519 533 2582 bac
549 2522 767 2591 coniunctione,
782 2520 881 2587 stabit
902 2525 906 2595 Ι
926 2523 1026 2600 ‘igitur
1040 2524 1087 2584 lac
1102 2523 1181 2593 hoo’,
1198 2526 1256 2586 ‘lae
1272 2524 1328 2586 boo
1342 2527 1463 2606 igitur';

173 2641 289 2704 quaqua
305 2631 389 2704 parte
405 2621 533 2707 uolueris
549 2624 592 2684 uti
607 2623 663 2684 hac
678 2624 894 2693 coniunctione,
910 2625 1031 2703 poteris.
1060 2627 1116 2685 iste
1132 2635 1176 2687 est
1190 2626 1265 2688 ordo
1280 2631 1464 2692 coniunctio·

174 2730 256 2788 nuni.
288 2726 341 2789 sed
357 2733 456 2786 tamen
478 2724 550 2785 illud
573 2726 745 2787 meminisse
767 2724 868 2795 debes,
891 2727 1116 2789 coniunctiones
1132 2746 1188 2807 pro
1207 2730 1463 2794 coniunctionibus

173 2846 264 2909 posse
278 2830 349 2909 poni
364 2826 441 2907 apud
457 2836 604 2889 auctores.
628 2826 715 2888 nobis
731 2846 790 2888 non
805 2825 884 2888 licet.
908 2846 945 2888 ne
961 2828 1041 2890 dicas
1057 2829 1128 2890 mibi
1144 2848 1225 2908 ergo,
1242 2833 1380 2908 quoniam
1395 2852 1464 2895 usus

174 2941 219 2992 est
239 2929 387 3010 Vergilius
409 2928 572 3009 copulativa
594 2948 649 3008 pro
672 2928 861 3000 disiunctiva,
888 2929 984 2992 debeo
1006 2940 1036 2992 ει
1058 2948 1113 3010 ego
1135 2934 1175 2993 ita
1197 2931 1306 2994 lacere.
1352 2952 1462 3013 nequa·

134 3052 261 3113 nsquam
284 3033 362 3094 licet.
407 3031 456 3093 ille
479 3032 557 3092 cuim
581 3030 683 3092 babuit
705 3032 908 3093 auctoritatem
931 3034 1004 3093 artis
1025 3034 1170 3112 poeticae.

633 3200 681 3262 bn
704 3201 1002 3264 PRAEPOSlTIONE

257 3321 442 3403 Praepositio
465 3321 541 3383 dicta
566 3328 611 3380 ost
633 3339 678 3388 eo,
702 3319 779 3399 quod
802 3321 833 3380 in
855 3319 1002 3399 loquendo
1018 3324 1219 3402 praeponitur,
1243 3333 1275 3385 ut
1293 3327 1370 3406 siqui
1386 3327 1463 3389 dicat
1474 3351 1533 3408 418.
1546 3354 1579 3402 32

173 3425 262 3504 ‘apud
285 3426 535 3492 amicos';nemo
557 3430 655 3502 potest
677 3421 777 3482 dicere
799 3421 921 3482 ‘amicos
943 3422 1046 3502 apud':
1080 3425 1149 3486 ideo
1172 3426 1249 3487 dicta
1271 3431 1461 3509 praepositio,
1474 3421 1533 3482 441,
1546 3422 1580 3470 ³5

173 3529 310 3607 quoniam
333 3528 364 3585 in
387 3525 537 3605 loquendo
560 3525 765 3604 praeponitur,
794 3531 864 3603 puta
892 3524 970 3602 apud
999 3527 1124 3596 amieos,
1160 3528 1236 3609 apud
1269 3532 1460 3612 propinquos,
1475 3487 1560 3548 5121

135 3629 249 3710 soapnd
274 3626 384 3696 ssdeles,
408 3626 486 3706 apud
509 3626 621 3686 doctos.
667 3627 847 3705 praepositio
871 3644 942 3703 ergo
964 3626 1041 3687 dicta
1064 3636 1109 3689 ost
1130 3628 1167 3689 ab
1191 3648 1236 3700 eo,
1260 3633 1337 3713 qnod
1364 3634 1393 3695 in
1416 3634 1462 3696 lo-
1489 3649 1494 3659 ·

172 3731 290 3810 quondo
318 3731 518 3811 praeponitur.
570 3746 628 3789 non
655 3726 847 3806 generaliter:
888 3747 954 3789 nam
983 3738 1052 3790 suut
1078 3730 1193 3809 aliquae
1225 3738 1461 3816 praepositiones

172 3852 248 3912 quae
271 3834 358 3894 etiam
381 3837 607 3912 postponuntur.
652 3847 711 3890 una
735 3839 779 3890 est
805 3846 880 3907 quae
903 3829 1025 3891 arbitrio
1053 3839 1104 3893 too
1130 3833 1176 3894 vel
1197 3840 1392 3917 praeponitur
1413 3842 1460 3904 rol

172 3935 376 4015 postponitur,
408 3945 507 3996 tenus:
546 3941 640 4024 potes!
658 3930 758 3992 dicere
787 3938 816 3992 ει
843 3931 921 4012 pube
955 3942 1040 3995 tenus
1075 3943 1104 3995 ει
1136 3943 1222 3999 tenus
1255 3939 1349 4019 pube;
1390 3961 1460 4004 ecce

173 4036 262 4098 babes
291 4055 367 4117 quae
395 4035 519 4096 arbitrio
541 4042 592 4095 tuo
620 4032 665 4093 vel
693 4034 886 4112 praeponitur
916 4034 959 4096 vel
986 4040 1184 4117 postponitur.
1230 4052 1276 4103 est
1302 4045 1373 4105 item
1402 4064 1459 4107 una

134 4158 247 4218 aequae
269 4157 387 4219 semper
414 4139 605 4218 postponitur
627 4135 867 4216 pronominibus,
891 4156 974 4207 cum,
1004 4139 1069 4200 aliis
1095 4142 1229 4220 partibus
1255 4149 1458 4226 praeponitur.

171 4244 196 4303 si
225 4242 306 4302 dicas
333 4259 401 4303 cum
429 4239 617 4320 parentibus,
652 4255 721 4299 cum
748 4238 865 4308 amicis,
900 4259 968 4301 cnm
1004 4241 1113 4314 doctis,
1149 4265 1217 4308 ecce
1251 4248 1339 4309 modo
1372 4267 1458 4329 prae·

239 4465 255 4514 7
273 4465 296 4512 si
314 4460 350 4528 at]
373 4463 411 4514 sic
430 4471 456 4511 at
472 4461 554 4511 ABG
639 4461 703 4510 istae
721 4467 760 4509 εει
777 4460 803 4510 Β
891 4459 923 4511 10
945 4462 1038 4512 multae
1053 4473 1112 4513 snut
1130 4465 1232 4528 quidam
1245 4469 1269 4517 A
1288 4478 1348 4519 arant
1365 4469 1458 4521 multae

172 4532 273 4596 qnidam
291 4534 312 4584 Θ
363 4532 432 4599 apud
450 4527 571 4596 Probum]
592 4532 668 4584 torae
685 4538 738 4583 nrt.
753 4544 781 4594 p.
799 4530 858 4595 144,
876 4531 911 4582 23
982 4533 1012 4584 ll
1031 4542 1057 4583 at
1074 4544 1210 4599 postquam
1228 4539 1360 4587 medio-
1376 4543 1458 4589 omni·

172 4610 263 4668 potens
279 4619 326 4655 om.
343 4604 379 4666 A,
395 4602 458 4655 add.
477 4617 495 4651 a
576 4600 691 4659 medinm
707 4598 734 4652 B
821 4598 856 4652 18
870 4598 955 4667 potu]
973 4611 1058 4667 potest
1075 4605 1160 4656 ΑΒΘ
1243 4617 1282 4656 ast
1297 4606 1357 4674 ego]
1378 4611 1457 4675 Ver-p.

172 4672 237 4727 Aea.
256 4675 267 4724 l
286 4673 321 4725 46
391 4673 424 4724 17
442 4671 513 4738 qnod
527 4678 569 4723 eet
582 4668 691 4723 leel·-
882 4669 895 4688 ¹
960 4670 997 4723 m
1012 4670 1080 4724 bano
1095 4677 1296 4727 coniunctionem
1316 4679 1401 4730 ABG

172 4743 248 4794 stabit
264 4741 314 4794 boo
336 4743 416 4810 igitur
431 4740 475 4793 tao
487 4739 531 4793 lae
546 4738 564 4776 Ι·
1008 4738 1052 4797 '¹0
1066 4742 1116 4796 lma
1132 4745 1212 4812 igitar
1230 4746 1286 4796 AB
1369 4751 1402 4802 21
1421 4751 1457 4801 nti

172 4811 237 4863 beno
253 4813 456 4864 coniunctionem
469 4810 493 4865 0
1036 4810 1078 4863 la*
1093 4815 1158 4867 istnc
1176 4817 1238 4866 ordo
1254 4819 1457 4872 coniunctionem

67 4918 70 4923 -
172 4880 198 4932 A
264 4882 299 4936 23
315 4896 348 4934 na
365 4882 438 4935 mons
453 4894 496 4939 0¹
1075 4880 1087 4896 ¹
1098 4882 1144 4937 ῬΘ
