<?xml version="1.0" encoding="UTF-8"?>
<!DOCTYPE html PUBLIC "-//W3C//DTD XHTML 1.0 Transitional//EN"
    "http://www.w3.org/TR/xhtml1/DTD/xhtml1-transitional.dtd">
<html xmlns="http://www.w3.org/1999/xhtml" xml:lang="en" lang="en">
 <head>
  <title>
</title>
<meta http-equiv="Content-Type" content="text/html;charset=utf-8" />
  <meta name='ocr-system' content='tesseract 3.04.00' />
  <meta name='ocr-capabilities' content='ocr_page ocr_carea ocr_par ocr_line ocrx_word'/>
</head>
<body>
  <div class='ocr_page' id='page_1' title='image "./grammaticilatin03keilgoog_0182.png"; bbox 0 0 3346 5498; ppageno 0'>
   <div class='ocr_carea' id='block_1_1' title="bbox 633 394 1394 460">
    <p class='ocr_par' dir='ltr' id='par_1_1' title="bbox 633 394 1394 460">
     <span class='ocr_line' id='line_1_1' title="bbox 633 394 1394 460; baseline 0 -1"><span class='ocrx_word' id='word_1_1' title='bbox 633 395 870 460; x_wconf 76' lang='lat' dir='ltr'><strong>couttunrvnt</strong></span> <span class='ocrx_word' id='word_1_2' title='bbox 1334 394 1394 460; x_wconf 86' lang='grc'><strong>161)</strong></span> 
     </span>
    </p>
   </div>
   <div class='ocr_carea' id='block_1_2' title="bbox 646 506 1369 662">
    <p class='ocr_par' dir='ltr' id='par_1_2' title="bbox 646 506 1369 662">
     <span class='ocr_line' id='line_1_2' title="bbox 1210 506 1369 558; baseline 0.006 -14"><span class='ocrx_word' id='word_1_3' title='bbox 1210 516 1231 558; x_wconf 92' lang='lat' dir='ltr'><strong>p.</strong></span> <span class='ocrx_word' id='word_1_4' title='bbox 1246 508 1333 547; x_wconf 78' lang='grc' dir='ltr'><strong>165-ΰῖ</strong></span> <span class='ocrx_word' id='word_1_5' title='bbox 1347 506 1369 545; x_wconf 85' lang='lat' dir='ltr'><strong>l..</strong></span> 
     </span>
     <span class='ocr_line' id='line_1_3' title="bbox 646 615 845 662; baseline 0 -1"><span class='ocrx_word' id='word_1_6' title='bbox 646 615 692 661; x_wconf 82' lang='lat' dir='ltr'><strong>DE</strong></span> <span class='ocrx_word' id='word_1_7' title='bbox 716 616 845 662; x_wconf 71' lang='lat' dir='ltr'><strong>Fltlvltn</strong></span> 
     </span>
    </p>
   </div>
   <div class='ocr_carea' id='block_1_3' title="bbox 65 721 1514 3855">
    <p class='ocr_par' dir='ltr' id='par_1_3' title="bbox 93 721 1514 1006">
     <span class='ocr_line' id='line_1_4' title="bbox 184 721 1514 801; baseline -0.002 -19"><span class='ocrx_word' id='word_1_8' title='bbox 184 721 295 799; x_wconf 71' lang='lat' dir='ltr'><strong>Figura</strong></span> <span class='ocrx_word' id='word_1_9' title='bbox 324 728 375 782; x_wconf 86' lang='lat' dir='ltr'><strong>aut</strong></span> <span class='ocrx_word' id='word_1_10' title='bbox 402 721 544 782; x_wconf 89' lang='lat' dir='ltr'><strong>naturalis</strong></span> <span class='ocrx_word' id='word_1_11' title='bbox 568 729 626 790; x_wconf 87' lang='lat' dir='ltr'><strong>est,</strong></span> <span class='ocrx_word' id='word_1_12' title='bbox 656 729 706 781; x_wconf 90' lang='lat' dir='ltr'><strong>aut</strong></span> <span class='ocrx_word' id='word_1_13' title='bbox 727 741 762 783; x_wconf 90' lang='lat' dir='ltr'><strong>ex</strong></span> <span class='ocrx_word' id='word_1_14' title='bbox 786 731 848 782; x_wconf 87' lang='lat' dir='ltr'><strong>arte</strong></span> <span class='ocrx_word' id='word_1_15' title='bbox 871 721 1033 783; x_wconf 84' lang='lat' dir='ltr'><strong>descendit.</strong></span> <span class='ocrx_word' id='word_1_16' title='bbox 1079 740 1154 801; x_wconf 92' lang='lat' dir='ltr'><strong>quae</strong></span> <span class='ocrx_word' id='word_1_17' title='bbox 1178 731 1221 783; x_wconf 89' lang='lat' dir='ltr'><strong>est</strong></span> <span class='ocrx_word' id='word_1_18' title='bbox 1245 722 1395 793; x_wconf 82' lang='lat' dir='ltr'><strong>naturalis,</strong></span> <span class='ocrx_word' id='word_1_19' title='bbox 1409 731 1514 798; x_wconf 60' lang='lat' dir='ltr'><strong>loquo</strong></span> 
     </span>
     <span class='ocr_line' id='line_1_5' title="bbox 93 799 1513 903; baseline 0.001 -20"><span class='ocrx_word' id='word_1_20' title='bbox 93 822 227 902; x_wconf 80' lang='lat' dir='ltr'><strong>simplex</strong></span> <span class='ocrx_word' id='word_1_21' title='bbox 251 831 386 890; x_wconf 89' lang='lat' dir='ltr'><strong>vocatur;</strong></span> <span class='ocrx_word' id='word_1_22' title='bbox 410 840 485 900; x_wconf 88' lang='lat' dir='ltr'><strong>quae</strong></span> <span class='ocrx_word' id='word_1_23' title='bbox 509 842 543 882; x_wconf 93' lang='lat' dir='ltr'><strong>ex</strong></span> <span class='ocrx_word' id='word_1_24' title='bbox 568 831 631 883; x_wconf 89' lang='lat' dir='ltr'><strong>arte</strong></span> <span class='ocrx_word' id='word_1_25' title='bbox 654 823 821 894; x_wconf 82' lang='lat' dir='ltr'><strong>deseendit,</strong></span> <span class='ocrx_word' id='word_1_26' title='bbox 845 827 1007 903; x_wconf 89' lang='lat' dir='ltr'><strong>conposita.</strong></span> <span class='ocrx_word' id='word_1_27' title='bbox 1038 842 1105 883; x_wconf 88' lang='lat' dir='ltr'><strong>narn</strong></span> <span class='ocrx_word' id='word_1_28' title='bbox 1128 824 1247 903; x_wconf 87' lang='lat' dir='ltr'><strong>quando</strong></span> <span class='ocrx_word' id='word_1_29' title='bbox 1271 824 1396 885; x_wconf 86' lang='lat' dir='ltr'><strong>dicimus</strong></span> <span class='ocrx_word' id='word_1_30' title='bbox 1409 799 1513 862; x_wconf 78' lang='lat'>494,34</span> 
     </span>
     <span class='ocr_line' id='line_1_6' title="bbox 94 924 1394 1006; baseline 0.002 -21"><span class='ocrx_word' id='word_1_31' title='bbox 94 924 220 994; x_wconf 77' lang='lat' dir='ltr'><strong>doctus,</strong></span> <span class='ocrx_word' id='word_1_32' title='bbox 243 925 292 986; x_wconf 88' lang='lat' dir='ltr'><strong>bie</strong></span> <span class='ocrx_word' id='word_1_33' title='bbox 315 924 388 985; x_wconf 88' lang='lat' dir='ltr'><strong>nibil</strong></span> <span class='ocrx_word' id='word_1_34' title='bbox 411 943 460 985; x_wconf 84' lang='lat' dir='ltr'><strong>ars</strong></span> <span class='ocrx_word' id='word_1_35' title='bbox 484 924 568 993; x_wconf 86' lang='lat' dir='ltr'><strong>valet,</strong></span> <span class='ocrx_word' id='word_1_36' title='bbox 592 924 644 985; x_wconf 89' lang='lat' dir='ltr'><strong>scd</strong></span> <span class='ocrx_word' id='word_1_37' title='bbox 667 927 729 1005; x_wconf 88' lang='lat' dir='ltr'><strong>ipsa</strong></span> <span class='ocrx_word' id='word_1_38' title='bbox 746 927 852 1005; x_wconf 91' lang='lat' dir='ltr'><strong>positio</strong></span> <span class='ocrx_word' id='word_1_39' title='bbox 870 925 995 1005; x_wconf 80' lang='lat' dir='ltr'><strong>simplex</strong></span> <span class='ocrx_word' id='word_1_40' title='bbox 1012 933 1056 985; x_wconf 88' lang='lat' dir='ltr'><strong>est</strong></span> <span class='ocrx_word' id='word_1_41' title='bbox 1079 928 1251 994; x_wconf 82' lang='lat' dir='ltr'><strong>constituta:</strong></span> <span class='ocrx_word' id='word_1_42' title='bbox 1276 927 1394 1006; x_wconf 88' lang='lat' dir='ltr'><strong>qnando</strong></span> 
     </span>
    </p>

    <p class='ocr_par' dir='ltr' id='par_1_4' title="bbox 71 1026 1395 1513">
     <span class='ocr_line' id='line_1_7' title="bbox 71 1026 1395 1107; baseline 0 -20"><span class='ocrx_word' id='word_1_43' title='bbox 71 1036 198 1088; x_wconf 62' lang='lat' dir='ltr'><strong>iaulem</strong></span> <span class='ocrx_word' id='word_1_44' title='bbox 222 1026 347 1088; x_wconf 84' lang='lat' dir='ltr'><strong>dicimus</strong></span> <span class='ocrx_word' id='word_1_45' title='bbox 369 1027 518 1096; x_wconf 87' lang='lat' dir='ltr'><strong>indoctus,</strong></span> <span class='ocrx_word' id='word_1_46' title='bbox 544 1045 579 1086; x_wconf 87' lang='lat' dir='ltr'><strong>ex</strong></span> <span class='ocrx_word' id='word_1_47' title='bbox 601 1034 665 1087; x_wconf 86' lang='lat' dir='ltr'><strong>arte</strong></span> <span class='ocrx_word' id='word_1_48' title='bbox 688 1026 850 1088; x_wconf 84' lang='lat' dir='ltr'><strong>descendit.</strong></span> <span class='ocrx_word' id='word_1_49' title='bbox 897 1035 925 1086; x_wconf 90' lang='lat' dir='ltr'><strong>et</strong></span> <span class='ocrx_word' id='word_1_50' title='bbox 946 1027 994 1087; x_wconf 91' lang='lat' dir='ltr'><strong>illa</strong></span> <span class='ocrx_word' id='word_1_51' title='bbox 1017 1045 1093 1107; x_wconf 89' lang='lat' dir='ltr'><strong>qnae</strong></span> <span class='ocrx_word' id='word_1_52' title='bbox 1116 1027 1240 1107; x_wconf 83' lang='lat' dir='ltr'><strong>simplex</strong></span> <span class='ocrx_word' id='word_1_53' title='bbox 1262 1036 1307 1088; x_wconf 92' lang='lat' dir='ltr'><strong>est</strong></span> <span class='ocrx_word' id='word_1_54' title='bbox 1329 1028 1395 1088; x_wconf 92' lang='lat' dir='ltr'><strong>nul·</strong></span> 
     </span>
     <span class='ocr_line' id='line_1_8' title="bbox 96 1127 1393 1209; baseline 0.002 -21"><span class='ocrx_word' id='word_1_55' title='bbox 96 1128 156 1189; x_wconf 87' lang='lat' dir='ltr'><strong>lam</strong></span> <span class='ocrx_word' id='word_1_56' title='bbox 180 1128 270 1190; x_wconf 86' lang='lat' dir='ltr'><strong>babet</strong></span> <span class='ocrx_word' id='word_1_57' title='bbox 291 1130 510 1208; x_wconf 89' lang='lat' dir='ltr'><strong>quaestionem;</strong></span> <span class='ocrx_word' id='word_1_58' title='bbox 540 1127 589 1188; x_wconf 90' lang='lat' dir='ltr'><strong>illa</strong></span> <span class='ocrx_word' id='word_1_59' title='bbox 612 1147 682 1189; x_wconf 83' lang='lat' dir='ltr'><strong>vero</strong></span> <span class='ocrx_word' id='word_1_60' title='bbox 712 1147 786 1206; x_wconf 90' lang='lat' dir='ltr'><strong>quae</strong></span> <span class='ocrx_word' id='word_1_61' title='bbox 809 1131 961 1208; x_wconf 90' lang='lat' dir='ltr'><strong>conposita</strong></span> <span class='ocrx_word' id='word_1_62' title='bbox 985 1136 1031 1190; x_wconf 89' lang='lat' dir='ltr'><strong>est</strong></span> <span class='ocrx_word' id='word_1_63' title='bbox 1052 1149 1106 1209; x_wconf 89' lang='lat' dir='ltr'><strong>per</strong></span> <span class='ocrx_word' id='word_1_64' title='bbox 1129 1139 1268 1209; x_wconf 88' lang='lat' dir='ltr'><strong>quattuor</strong></span> <span class='ocrx_word' id='word_1_65' title='bbox 1291 1129 1393 1190; x_wconf 83' lang='lat' dir='ltr'><strong>dividi·</strong></span> 
     </span>
     <span class='ocr_line' id='line_1_9' title="bbox 97 1233 1394 1311; baseline 0.002 -21"><span class='ocrx_word' id='word_1_66' title='bbox 97 1240 148 1297; x_wconf 78' lang='lat' dir='ltr'><strong>tur</strong></span> <span class='ocrx_word' id='word_1_67' title='bbox 171 1240 281 1310; x_wconf 89' lang='lat' dir='ltr'><strong>partes.</strong></span> <span class='ocrx_word' id='word_1_68' title='bbox 327 1233 405 1291; x_wconf 85' lang='lat' dir='ltr'><strong>nosti</strong></span> <span class='ocrx_word' id='word_1_69' title='bbox 434 1233 513 1292; x_wconf 87' lang='lat' dir='ltr'><strong>enim</strong></span> <span class='ocrx_word' id='word_1_70' title='bbox 541 1233 680 1309; x_wconf 91' lang='lat' dir='ltr'><strong>quoniam</strong></span> <span class='ocrx_word' id='word_1_71' title='bbox 708 1239 756 1291; x_wconf 91' lang='lat' dir='ltr'><strong>aut</strong></span> <span class='ocrx_word' id='word_1_72' title='bbox 785 1239 909 1310; x_wconf 87' lang='lat' dir='ltr'><strong>utraque</strong></span> <span class='ocrx_word' id='word_1_73' title='bbox 939 1240 1023 1310; x_wconf 86' lang='lat' dir='ltr'><strong>parte</strong></span> <span class='ocrx_word' id='word_1_74' title='bbox 1046 1234 1224 1311; x_wconf 88' lang='lat' dir='ltr'><strong>conponitur</strong></span> <span class='ocrx_word' id='word_1_75' title='bbox 1246 1233 1394 1310; x_wconf 83' lang='lat' dir='ltr'><strong>integrum</strong></span> 
     </span>
     <span class='ocr_line' id='line_1_10' title="bbox 98 1335 1394 1419; baseline 0.001 -26"><span class='ocrx_word' id='word_1_76' title='bbox 98 1341 150 1393; x_wconf 82' lang='lat' dir='ltr'><strong>aut</strong></span> <span class='ocrx_word' id='word_1_77' title='bbox 172 1339 298 1412; x_wconf 88' lang='lat' dir='ltr'><strong>utraque</strong></span> <span class='ocrx_word' id='word_1_78' title='bbox 328 1342 517 1411; x_wconf 85' lang='lat' dir='ltr'><strong>corruptum,</strong></span> <span class='ocrx_word' id='word_1_79' title='bbox 548 1340 598 1393; x_wconf 90' lang='lat' dir='ltr'><strong>aut</strong></span> <span class='ocrx_word' id='word_1_80' title='bbox 626 1335 721 1411; x_wconf 86' lang='lat' dir='ltr'><strong>prima</strong></span> <span class='ocrx_word' id='word_1_81' title='bbox 750 1343 833 1411; x_wconf 85' lang='lat' dir='ltr'><strong>parte</strong></span> <span class='ocrx_word' id='word_1_82' title='bbox 861 1335 975 1411; x_wconf 82' lang='lat' dir='ltr'><strong>integra</strong></span> <span class='ocrx_word' id='word_1_83' title='bbox 1006 1343 1034 1394; x_wconf 90' lang='lat' dir='ltr'><strong>et</strong></span> <span class='ocrx_word' id='word_1_84' title='bbox 1056 1336 1222 1413; x_wconf 84' lang='lat' dir='ltr'><strong>posteriore</strong></span> <span class='ocrx_word' id='word_1_85' title='bbox 1246 1343 1394 1419; x_wconf 82' lang='lat' dir='ltr'><strong>corrupta,</strong></span> 
     </span>
     <span class='ocr_line' id='line_1_11' title="bbox 99 1435 1395 1513; baseline 0.001 -19"><span class='ocrx_word' id='word_1_86' title='bbox 99 1442 149 1494; x_wconf 78' lang='lat' dir='ltr'><strong>aut</strong></span> <span class='ocrx_word' id='word_1_87' title='bbox 171 1440 256 1513; x_wconf 89' lang='lat' dir='ltr'><strong>parte</strong></span> <span class='ocrx_word' id='word_1_88' title='bbox 278 1436 445 1513; x_wconf 87' lang='lat' dir='ltr'><strong>posteriore</strong></span> <span class='ocrx_word' id='word_1_89' title='bbox 468 1437 584 1512; x_wconf 84' lang='lat' dir='ltr'><strong>integra</strong></span> <span class='ocrx_word' id='word_1_90' title='bbox 609 1441 638 1494; x_wconf 92' lang='lat' dir='ltr'><strong>et</strong></span> <span class='ocrx_word' id='word_1_91' title='bbox 659 1435 760 1512; x_wconf 89' lang='lat' dir='ltr'><strong>priore</strong></span> <span class='ocrx_word' id='word_1_92' title='bbox 783 1444 932 1513; x_wconf 87' lang='lat' dir='ltr'><strong>corrupta.</strong></span> <span class='ocrx_word' id='word_1_93' title='bbox 977 1435 1033 1495; x_wconf 89' lang='lat' dir='ltr'><strong>lroc</strong></span> <span class='ocrx_word' id='word_1_94' title='bbox 1057 1442 1159 1495; x_wconf 89' lang='lat' dir='ltr'><strong>notum</strong></span> <span class='ocrx_word' id='word_1_95' title='bbox 1189 1443 1246 1503; x_wconf 85' lang='lat' dir='ltr'><strong>est,</strong></span> <span class='ocrx_word' id='word_1_96' title='bbox 1275 1435 1395 1512; x_wconf 85' lang='lat' dir='ltr'><strong>qnando</strong></span> 
     </span>
    </p>

    <p class='ocr_par' dir='ltr' id='par_1_5' title="bbox 66 1517 1480 2024">
     <span class='ocr_line' id='line_1_12' title="bbox 66 1517 1480 1617; baseline 0.004 -25"><span class='ocrx_word' id='word_1_97' title='bbox 66 1534 191 1595; x_wconf 79' lang='lat' dir='ltr'><strong>ubabet</strong></span> <span class='ocrx_word' id='word_1_98' title='bbox 215 1534 288 1595; x_wconf 89' lang='lat' dir='ltr'><strong>duas</strong></span> <span class='ocrx_word' id='word_1_99' title='bbox 311 1544 410 1614; x_wconf 89' lang='lat' dir='ltr'><strong>partes</strong></span> <span class='ocrx_word' id='word_1_100' title='bbox 439 1538 584 1614; x_wconf 83' lang='lat' dir='ltr'><strong>integras,</strong></span> <span class='ocrx_word' id='word_1_101' title='bbox 613 1544 646 1596; x_wconf 85' lang='lat' dir='ltr'><strong>ut</strong></span> <span class='ocrx_word' id='word_1_102' title='bbox 666 1537 691 1595; x_wconf 89' lang='lat' dir='ltr'><strong>si</strong></span> <span class='ocrx_word' id='word_1_103' title='bbox 713 1535 794 1596; x_wconf 82' lang='lat' dir='ltr'><strong>clieas</strong></span> <span class='ocrx_word' id='word_1_104' title='bbox 816 1535 1033 1603; x_wconf 83' lang='lat' dir='ltr'><strong>suburbanum:</strong></span> <span class='ocrx_word' id='word_1_105' title='bbox 1066 1537 1140 1598; x_wconf 86' lang='lat' dir='ltr'><strong>duas</strong></span> <span class='ocrx_word' id='word_1_106' title='bbox 1168 1545 1335 1617; x_wconf 87' lang='lat' dir='ltr'><strong>corruptas,</strong></span> <span class='ocrx_word' id='word_1_107' title='bbox 1365 1546 1397 1599; x_wconf 85' lang='lat' dir='ltr'><strong>nt</strong></span> <span class='ocrx_word' id='word_1_108' title='bbox 1469 1517 1480 1525; x_wconf 44' lang='lat'>⁶</span> 
     </span>
     <span class='ocr_line' id='line_1_13' title="bbox 102 1638 1435 1717; baseline 0.001 -20"><span class='ocrx_word' id='word_1_109' title='bbox 102 1638 221 1706; x_wconf 63' lang='lat' dir='ltr'><strong>elisan</strong></span> <span class='ocrx_word' id='word_1_110' title='bbox 249 1639 400 1715; x_wconf 79' lang='lat' dir='ltr'><strong>integrum</strong></span> <span class='ocrx_word' id='word_1_111' title='bbox 428 1641 523 1717; x_wconf 90' lang='lat' dir='ltr'><strong>prima</strong></span> <span class='ocrx_word' id='word_1_112' title='bbox 551 1650 635 1716; x_wconf 86' lang='lat' dir='ltr'><strong>parte</strong></span> <span class='ocrx_word' id='word_1_113' title='bbox 663 1645 692 1696; x_wconf 94' lang='lat' dir='ltr'><strong>et</strong></span> <span class='ocrx_word' id='word_1_114' title='bbox 719 1638 883 1716; x_wconf 87' lang='lat' dir='ltr'><strong>posteriore</strong></span> <span class='ocrx_word' id='word_1_115' title='bbox 912 1648 1099 1717; x_wconf 85' lang='lat' dir='ltr'><strong>corruptum,</strong></span> <span class='ocrx_word' id='word_1_116' title='bbox 1130 1647 1162 1698; x_wconf 92' lang='lat' dir='ltr'><strong>nt</strong></span> <span class='ocrx_word' id='word_1_117' title='bbox 1189 1640 1331 1706; x_wconf 86' lang='lat' dir='ltr'><strong>insulsus;</strong></span> <span class='ocrx_word' id='word_1_118' title='bbox 1360 1657 1396 1698; x_wconf 92' lang='lat' dir='ltr'><strong>ex</strong></span> <span class='ocrx_word' id='word_1_119' title='bbox 1432 1660 1435 1665; x_wconf 93' lang='lat'>·</span> 
     </span>
     <span class='ocr_line' id='line_1_14' title="bbox 100 1738 1396 1829; baseline 0.002 -31"><span class='ocrx_word' id='word_1_120' title='bbox 100 1748 243 1819; x_wconf 87' lang='lat' dir='ltr'><strong>corrupto</strong></span> <span class='ocrx_word' id='word_1_121' title='bbox 268 1747 297 1799; x_wconf 89' lang='lat' dir='ltr'><strong>et</strong></span> <span class='ocrx_word' id='word_1_122' title='bbox 319 1741 445 1816; x_wconf 80' lang='lat' dir='ltr'><strong>integro,</strong></span> <span class='ocrx_word' id='word_1_123' title='bbox 471 1751 503 1801; x_wconf 92' lang='lat' dir='ltr'><strong>ut</strong></span> <span class='ocrx_word' id='word_1_124' title='bbox 525 1738 727 1817; x_wconf 75' lang='lat' dir='ltr'><strong>nugigerulus.</strong></span> <span class='ocrx_word' id='word_1_125' title='bbox 758 1739 813 1800; x_wconf 90' lang='lat' dir='ltr'><strong>alia</strong></span> <span class='ocrx_word' id='word_1_126' title='bbox 837 1738 940 1800; x_wconf 82' lang='lat' dir='ltr'><strong>Probi:</strong></span> <span class='ocrx_word' id='word_1_127' title='bbox 964 1739 1014 1799; x_wconf 92' lang='lat' dir='ltr'><strong>ille</strong></span> <span class='ocrx_word' id='word_1_128' title='bbox 1037 1742 1078 1800; x_wconf 87' lang='lat' dir='ltr'><strong>ait</strong></span> <span class='ocrx_word' id='word_1_129' title='bbox 1100 1741 1156 1800; x_wconf 91' lang='lat' dir='ltr'><strong>hoc</strong></span> <span class='ocrx_word' id='word_1_130' title='bbox 1178 1740 1298 1829; x_wconf 77' lang='lat' dir='ltr'><strong>clictunr,</strong></span> <span class='ocrx_word' id='word_1_131' title='bbox 1323 1758 1396 1819; x_wconf 93' lang='lat' dir='ltr'><strong>quo-</strong></span> 
     </span>
     <span class='ocr_line' id='line_1_15' title="bbox 99 1839 1395 1919; baseline 0.002 -18"><span class='ocrx_word' id='word_1_132' title='bbox 99 1843 177 1901; x_wconf 88' lang='lat' dir='ltr'><strong>niam</strong></span> <span class='ocrx_word' id='word_1_133' title='bbox 202 1840 207 1917; x_wconf 91' lang='grc' dir='ltr'>Ι</span> <span class='ocrx_word' id='word_1_134' title='bbox 230 1842 325 1919; x_wconf 83' lang='lat' dir='ltr'><strong>ligura</strong></span> <span class='ocrx_word' id='word_1_135' title='bbox 355 1849 405 1901; x_wconf 91' lang='lat' dir='ltr'><strong>aut</strong></span> <span class='ocrx_word' id='word_1_136' title='bbox 432 1840 522 1902; x_wconf 92' lang='lat' dir='ltr'><strong>rebus</strong></span> <span class='ocrx_word' id='word_1_137' title='bbox 544 1851 659 1902; x_wconf 88' lang='lat' dir='ltr'><strong>constat</strong></span> <span class='ocrx_word' id='word_1_138' title='bbox 682 1842 770 1901; x_wconf 87' lang='lat' dir='ltr'><strong>certis</strong></span> <span class='ocrx_word' id='word_1_139' title='bbox 793 1849 843 1900; x_wconf 85' lang='lat' dir='ltr'><strong>aut</strong></span> <span class='ocrx_word' id='word_1_140' title='bbox 866 1839 955 1901; x_wconf 89' lang='lat' dir='ltr'><strong>rebus</strong></span> <span class='ocrx_word' id='word_1_141' title='bbox 978 1842 1113 1901; x_wconf 88' lang='lat' dir='ltr'><strong>incertis:</strong></span> <span class='ocrx_word' id='word_1_142' title='bbox 1145 1843 1184 1901; x_wconf 90' lang='lat' dir='ltr'><strong>ait</strong></span> <span class='ocrx_word' id='word_1_143' title='bbox 1207 1845 1249 1902; x_wconf 90' lang='lat' dir='ltr'><strong>sic</strong></span> <span class='ocrx_word' id='word_1_144' title='bbox 1271 1841 1395 1911; x_wconf 87' lang='lat' dir='ltr'><strong>Probus,</strong></span> 
     </span>
     <span class='ocr_line' id='line_1_16' title="bbox 99 1942 1395 2024; baseline 0.001 -20"><span class='ocrx_word' id='word_1_145' title='bbox 99 1943 259 2024; x_wconf 79' lang='lat' dir='ltr'><strong>‘pleraque</strong></span> <span class='ocrx_word' id='word_1_146' title='bbox 287 1962 363 2023; x_wconf 87' lang='lat' dir='ltr'><strong>quae</strong></span> <span class='ocrx_word' id='word_1_147' title='bbox 391 1952 461 2004; x_wconf 90' lang='lat' dir='ltr'><strong>sunt</strong></span> <span class='ocrx_word' id='word_1_148' title='bbox 489 1945 518 2003; x_wconf 94' lang='lat' dir='ltr'><strong>in</strong></span> <span class='ocrx_word' id='word_1_149' title='bbox 548 1945 641 2021; x_wconf 78' lang='lat' dir='ltr'><strong>ligura</strong></span> <span class='ocrx_word' id='word_1_150' title='bbox 671 1950 815 2022; x_wconf 75' lang='lat' dir='ltr'><strong>apparent</strong></span> <span class='ocrx_word' id='word_1_151' title='bbox 838 1962 902 2002; x_wconf 88' lang='lat' dir='ltr'><strong>esse</strong></span> <span class='ocrx_word' id='word_1_152' title='bbox 924 1945 1055 2019; x_wconf 82' lang='lat' dir='ltr'><strong>integra,</strong></span> <span class='ocrx_word' id='word_1_153' title='bbox 1078 1942 1221 2023; x_wconf 81' lang='lat' dir='ltr'><strong>pleraque</strong></span> <span class='ocrx_word' id='word_1_154' title='bbox 1244 1952 1395 2024; x_wconf 85' lang='lat' dir='ltr'><strong>corrupta,</strong></span> 
     </span>
    </p>

    <p class='ocr_par' dir='ltr' id='par_1_6' title="bbox 66 2044 1396 2532">
     <span class='ocr_line' id='line_1_17' title="bbox 66 2044 1395 2126; baseline 0.004 -25"><span class='ocrx_word' id='word_1_155' title='bbox 66 2045 242 2126; x_wconf 76' lang='lat' dir='ltr'><strong>opleraque</strong></span> <span class='ocrx_word' id='word_1_156' title='bbox 264 2046 328 2106; x_wconf 88' lang='lat' dir='ltr'><strong>sine</strong></span> <span class='ocrx_word' id='word_1_157' title='bbox 351 2051 466 2105; x_wconf 88' lang='lat' dir='ltr'><strong>sensu&#39;.</strong></span> <span class='ocrx_word' id='word_1_158' title='bbox 512 2053 541 2105; x_wconf 90' lang='lat' dir='ltr'><strong>et</strong></span> <span class='ocrx_word' id='word_1_159' title='bbox 569 2047 594 2105; x_wconf 92' lang='lat' dir='ltr'><strong>si</strong></span> <span class='ocrx_word' id='word_1_160' title='bbox 623 2045 679 2105; x_wconf 87' lang='lat' dir='ltr'><strong>boe</strong></span> <span class='ocrx_word' id='word_1_161' title='bbox 708 2044 836 2105; x_wconf 79' lang='lat' dir='ltr'><strong>volueris</strong></span> <span class='ocrx_word' id='word_1_162' title='bbox 864 2047 962 2124; x_wconf 86' lang='lat' dir='ltr'><strong>sequi,</strong></span> <span class='ocrx_word' id='word_1_163' title='bbox 987 2045 1100 2105; x_wconf 89' lang='lat' dir='ltr'><strong>nullum</strong></span> <span class='ocrx_word' id='word_1_164' title='bbox 1124 2065 1231 2106; x_wconf 87' lang='lat' dir='ltr'><strong>nornen</strong></span> <span class='ocrx_word' id='word_1_165' title='bbox 1254 2047 1395 2115; x_wconf 71' lang='lat' dir='ltr'><strong>invenies</strong></span> 
     </span>
     <span class='ocr_line' id='line_1_18' title="bbox 100 2145 1396 2228; baseline -0.001 -20"><span class='ocrx_word' id='word_1_166' title='bbox 100 2147 177 2228; x_wconf 86' lang='lat' dir='ltr'><strong>quod</strong></span> <span class='ocrx_word' id='word_1_167' title='bbox 207 2166 267 2207; x_wconf 91' lang='lat' dir='ltr'><strong>non</strong></span> <span class='ocrx_word' id='word_1_168' title='bbox 298 2149 483 2227; x_wconf 88' lang='lat' dir='ltr'><strong>conpositum</strong></span> <span class='ocrx_word' id='word_1_169' title='bbox 512 2149 558 2207; x_wconf 86' lang='lat' dir='ltr'><strong>sit.</strong></span> <span class='ocrx_word' id='word_1_170' title='bbox 602 2165 670 2207; x_wconf 90' lang='lat' dir='ltr'><strong>narn</strong></span> <span class='ocrx_word' id='word_1_171' title='bbox 693 2147 810 2226; x_wconf 91' lang='lat' dir='ltr'><strong>quando</strong></span> <span class='ocrx_word' id='word_1_172' title='bbox 833 2145 899 2206; x_wconf 88' lang='lat' dir='ltr'><strong>dieo</strong></span> <span class='ocrx_word' id='word_1_173' title='bbox 923 2164 992 2224; x_wconf 79' lang='lat' dir='ltr'><strong>ego,</strong></span> <span class='ocrx_word' id='word_1_174' title='bbox 1022 2165 1077 2206; x_wconf 89' lang='lat' dir='ltr'><strong>nec</strong></span> <span class='ocrx_word' id='word_1_175' title='bbox 1100 2168 1116 2205; x_wconf 92' lang='lat' dir='ltr'><strong>e</strong></span> <span class='ocrx_word' id='word_1_176' title='bbox 1138 2166 1194 2207; x_wconf 85' lang='lat' dir='ltr'><strong>nee</strong></span> <span class='ocrx_word' id='word_1_177' title='bbox 1216 2165 1253 2225; x_wconf 82' lang='lat' dir='ltr'><strong>go</strong></span> <span class='ocrx_word' id='word_1_178' title='bbox 1275 2165 1396 2207; x_wconf 89' lang='lat' dir='ltr'><strong>sensum</strong></span> 
     </span>
     <span class='ocr_line' id='line_1_19' title="bbox 102 2247 1395 2328; baseline 0.001 -19"><span class='ocrx_word' id='word_1_179' title='bbox 102 2248 206 2316; x_wconf 88' lang='lat' dir='ltr'><strong>babet;</strong></span> <span class='ocrx_word' id='word_1_180' title='bbox 231 2266 303 2326; x_wconf 84' lang='lat' dir='ltr'><strong>ergo</strong></span> <span class='ocrx_word' id='word_1_181' title='bbox 326 2251 512 2328; x_wconf 84' lang='lat' dir='ltr'><strong>conpositum</strong></span> <span class='ocrx_word' id='word_1_182' title='bbox 536 2256 589 2308; x_wconf 90' lang='lat' dir='ltr'><strong>est.</strong></span> <span class='ocrx_word' id='word_1_183' title='bbox 625 2249 743 2327; x_wconf 84' lang='lat' dir='ltr'><strong>quaudo</strong></span> <span class='ocrx_word' id='word_1_184' title='bbox 766 2247 832 2308; x_wconf 84' lang='lat' dir='ltr'><strong>dico</strong></span> <span class='ocrx_word' id='word_1_185' title='bbox 855 2248 960 2317; x_wconf 91' lang='lat' dir='ltr'><strong>homo,</strong></span> <span class='ocrx_word' id='word_1_186' title='bbox 985 2267 1039 2308; x_wconf 88' lang='lat' dir='ltr'><strong>nec</strong></span> <span class='ocrx_word' id='word_1_187' title='bbox 1063 2249 1102 2309; x_wconf 89' lang='lat' dir='ltr'><strong>bo</strong></span> <span class='ocrx_word' id='word_1_188' title='bbox 1125 2269 1181 2310; x_wconf 87' lang='lat' dir='ltr'><strong>nec</strong></span> <span class='ocrx_word' id='word_1_189' title='bbox 1203 2268 1251 2310; x_wconf 89' lang='lat' dir='ltr'><strong>mo</strong></span> <span class='ocrx_word' id='word_1_190' title='bbox 1275 2268 1395 2310; x_wconf 89' lang='lat' dir='ltr'><strong>sensum</strong></span> 
     </span>
     <span class='ocr_line' id='line_1_20' title="bbox 99 2336 1394 2430; baseline 0 -20"><span class='ocrx_word' id='word_1_191' title='bbox 99 2350 202 2419; x_wconf 85' lang='lat' dir='ltr'><strong>babet;</strong></span> <span class='ocrx_word' id='word_1_192' title='bbox 233 2368 306 2426; x_wconf 84' lang='lat' dir='ltr'><strong>ergo</strong></span> <span class='ocrx_word' id='word_1_193' title='bbox 335 2336 520 2430; x_wconf 85' lang='lat' dir='ltr'><strong>conpositum</strong></span> <span class='ocrx_word' id='word_1_194' title='bbox 549 2360 601 2410; x_wconf 87' lang='lat' dir='ltr'><strong>est.</strong></span> <span class='ocrx_word' id='word_1_195' title='bbox 647 2369 719 2428; x_wconf 81' lang='lat' dir='ltr'><strong>orgo</strong></span> <span class='ocrx_word' id='word_1_196' title='bbox 748 2352 857 2429; x_wconf 90' lang='lat' dir='ltr'><strong>poterit</strong></span> <span class='ocrx_word' id='word_1_197' title='bbox 884 2351 1046 2412; x_wconf 88' lang='lat' dir='ltr'><strong>secundum</strong></span> <span class='ocrx_word' id='word_1_198' title='bbox 1075 2351 1154 2412; x_wconf 89' lang='lat' dir='ltr'><strong>illius</strong></span> <span class='ocrx_word' id='word_1_199' title='bbox 1184 2351 1394 2419; x_wconf 81' lang='lat' dir='ltr'><strong>definitionem,</strong></span> 
     </span>
     <span class='ocr_line' id='line_1_21' title="bbox 98 2451 1395 2532; baseline 0.002 -21"><span class='ocrx_word' id='word_1_200' title='bbox 98 2455 123 2512; x_wconf 82' lang='lat' dir='ltr'><strong>si</strong></span> <span class='ocrx_word' id='word_1_201' title='bbox 145 2470 309 2529; x_wconf 89' lang='lat' dir='ltr'><strong>sequamur</strong></span> <span class='ocrx_word' id='word_1_202' title='bbox 339 2470 413 2532; x_wconf 68' lang='lat' dir='ltr'><strong>eum,</strong></span> <span class='ocrx_word' id='word_1_203' title='bbox 435 2475 453 2509; x_wconf 79' lang='lat' dir='ltr'><strong>s</strong></span> <span class='ocrx_word' id='word_1_204' title='bbox 482 2451 511 2511; x_wconf 80' lang='lat' dir='ltr'><strong>nt</strong></span> <span class='ocrx_word' id='word_1_205' title='bbox 540 2461 585 2512; x_wconf 90' lang='lat' dir='ltr'><strong>est</strong></span> <span class='ocrx_word' id='word_1_206' title='bbox 612 2454 637 2512; x_wconf 89' lang='lat' dir='ltr'><strong>si</strong></span> <span class='ocrx_word' id='word_1_207' title='bbox 665 2453 759 2512; x_wconf 89' lang='lat' dir='ltr'><strong>secuti</strong></span> <span class='ocrx_word' id='word_1_208' title='bbox 789 2453 930 2513; x_wconf 82' lang='lat' dir='ltr'><strong>fuerimus</strong></span> <span class='ocrx_word' id='word_1_209' title='bbox 954 2455 1016 2513; x_wconf 90' lang='lat' dir='ltr'><strong>eius</strong></span> <span class='ocrx_word' id='word_1_210' title='bbox 1037 2455 1259 2524; x_wconf 68' lang='lat' dir='ltr'><strong>summitatem,</strong></span> <span class='ocrx_word' id='word_1_211' title='bbox 1285 2451 1395 2514; x_wconf 91' lang='lat' dir='ltr'><strong>nullum</strong></span> 
     </span>
    </p>

    <p class='ocr_par' dir='ltr' id='par_1_7' title="bbox 65 2552 1398 3041">
     <span class='ocr_line' id='line_1_22' title="bbox 65 2552 1397 2632; baseline 0.004 -22"><span class='ocrx_word' id='word_1_212' title='bbox 65 2571 210 2615; x_wconf 62' lang='lat' dir='ltr'><strong>unomen</strong></span> <span class='ocrx_word' id='word_1_213' title='bbox 240 2552 365 2631; x_wconf 83' lang='lat' dir='ltr'><strong>simplex</strong></span> <span class='ocrx_word' id='word_1_214' title='bbox 393 2555 552 2614; x_wconf 85' lang='lat' dir='ltr'><strong>invenitur.</strong></span> <span class='ocrx_word' id='word_1_215' title='bbox 598 2554 651 2613; x_wconf 86' lang='lat' dir='ltr'><strong>secl</strong></span> <span class='ocrx_word' id='word_1_216' title='bbox 680 2553 784 2613; x_wconf 86' lang='lat' dir='ltr'><strong>laisum</strong></span> <span class='ocrx_word' id='word_1_217' title='bbox 814 2561 859 2612; x_wconf 88' lang='lat' dir='ltr'><strong>est</strong></span> <span class='ocrx_word' id='word_1_218' title='bbox 886 2553 942 2614; x_wconf 88' lang='lat' dir='ltr'><strong>lroc</strong></span> <span class='ocrx_word' id='word_1_219' title='bbox 971 2556 1078 2632; x_wconf 89' lang='lat' dir='ltr'><strong>ipsum.</strong></span> <span class='ocrx_word' id='word_1_220' title='bbox 1125 2573 1193 2615; x_wconf 90' lang='lat' dir='ltr'><strong>nam</strong></span> <span class='ocrx_word' id='word_1_221' title='bbox 1222 2574 1257 2615; x_wconf 93' lang='lat' dir='ltr'><strong>ex</strong></span> <span class='ocrx_word' id='word_1_222' title='bbox 1280 2554 1397 2616; x_wconf 90' lang='lat' dir='ltr'><strong>duobus</strong></span> 
     </span>
     <span class='ocr_line' id='line_1_23' title="bbox 98 2654 1396 2735; baseline -0.001 -18"><span class='ocrx_word' id='word_1_223' title='bbox 98 2658 251 2735; x_wconf 75' lang='lat' dir='ltr'><strong>corruptis</strong></span> <span class='ocrx_word' id='word_1_224' title='bbox 274 2657 459 2734; x_wconf 87' lang='lat' dir='ltr'><strong>conpositum</strong></span> <span class='ocrx_word' id='word_1_225' title='bbox 483 2663 579 2734; x_wconf 90' lang='lat' dir='ltr'><strong>potest</strong></span> <span class='ocrx_word' id='word_1_226' title='bbox 600 2657 673 2716; x_wconf 87' lang='lat' dir='ltr'><strong>lieri.</strong></span> <span class='ocrx_word' id='word_1_227' title='bbox 705 2654 778 2715; x_wconf 92' lang='lat' dir='ltr'><strong>illud</strong></span> <span class='ocrx_word' id='word_1_228' title='bbox 801 2663 898 2716; x_wconf 86' lang='lat' dir='ltr'><strong>autern</strong></span> <span class='ocrx_word' id='word_1_229' title='bbox 916 2655 1022 2717; x_wconf 87' lang='lat' dir='ltr'><strong>dicitur</strong></span> <span class='ocrx_word' id='word_1_230' title='bbox 1045 2675 1080 2716; x_wconf 89' lang='lat' dir='ltr'><strong>ex</strong></span> <span class='ocrx_word' id='word_1_231' title='bbox 1103 2656 1219 2718; x_wconf 82' lang='lat' dir='ltr'><strong>(luobus</strong></span> <span class='ocrx_word' id='word_1_232' title='bbox 1242 2676 1307 2717; x_wconf 90' lang='lat' dir='ltr'><strong>esse</strong></span> <span class='ocrx_word' id='word_1_233' title='bbox 1330 2675 1396 2717; x_wconf 88' lang='lat' dir='ltr'><strong>cor·</strong></span> 
     </span>
     <span class='ocr_line' id='line_1_24' title="bbox 98 2756 1397 2838; baseline 0 -20"><span class='ocrx_word' id='word_1_234' title='bbox 98 2759 211 2838; x_wconf 85' lang='lat' dir='ltr'><strong>ruptis,</strong></span> <span class='ocrx_word' id='word_1_235' title='bbox 242 2756 321 2837; x_wconf 92' lang='lat' dir='ltr'><strong>quod</strong></span> <span class='ocrx_word' id='word_1_236' title='bbox 352 2756 514 2818; x_wconf 88' lang='lat' dir='ltr'><strong>resolutum</strong></span> <span class='ocrx_word' id='word_1_237' title='bbox 544 2767 641 2837; x_wconf 84' lang='lat' dir='ltr'><strong>potest</strong></span> <span class='ocrx_word' id='word_1_238' title='bbox 669 2759 733 2817; x_wconf 84' lang='lat' dir='ltr'><strong>lieri</strong></span> <span class='ocrx_word' id='word_1_239' title='bbox 762 2759 926 2836; x_wconf 82' lang='lat' dir='ltr'><strong>integrum,</strong></span> <span class='ocrx_word' id='word_1_240' title='bbox 955 2758 983 2817; x_wconf 89' lang='lat' dir='ltr'><strong>id</strong></span> <span class='ocrx_word' id='word_1_241' title='bbox 1014 2768 1058 2818; x_wconf 87' lang='lat' dir='ltr'><strong>est</strong></span> <span class='ocrx_word' id='word_1_242' title='bbox 1086 2759 1225 2837; x_wconf 90' lang='lat' dir='ltr'><strong>quotiens</strong></span> <span class='ocrx_word' id='word_1_243' title='bbox 1253 2761 1314 2838; x_wconf 89' lang='lat' dir='ltr'><strong>ipsa</strong></span> <span class='ocrx_word' id='word_1_244' title='bbox 1338 2757 1397 2818; x_wconf 91' lang='lat' dir='ltr'><strong>duo</strong></span> 
     </span>
     <span class='ocr_line' id='line_1_25' title="bbox 99 2857 1397 2939; baseline 0 -20"><span class='ocrx_word' id='word_1_245' title='bbox 99 2867 242 2938; x_wconf 83' lang='lat' dir='ltr'><strong>corrupta</strong></span> <span class='ocrx_word' id='word_1_246' title='bbox 271 2857 456 2919; x_wconf 76' lang='lat' dir='ltr'><strong>resolvuntur</strong></span> <span class='ocrx_word' id='word_1_247' title='bbox 485 2869 514 2918; x_wconf 86' lang='lat' dir='ltr'><strong>et</strong></span> <span class='ocrx_word' id='word_1_248' title='bbox 542 2869 666 2939; x_wconf 87' lang='lat' dir='ltr'><strong>possunt</strong></span> <span class='ocrx_word' id='word_1_249' title='bbox 694 2878 758 2919; x_wconf 88' lang='lat' dir='ltr'><strong>esse</strong></span> <span class='ocrx_word' id='word_1_250' title='bbox 787 2862 910 2938; x_wconf 86' lang='lat' dir='ltr'><strong>integra.</strong></span> <span class='ocrx_word' id='word_1_251' title='bbox 955 2868 988 2920; x_wconf 90' lang='lat' dir='ltr'><strong>ut</strong></span> <span class='ocrx_word' id='word_1_252' title='bbox 1009 2868 1080 2938; x_wconf 89' lang='lat' dir='ltr'><strong>puta</strong></span> <span class='ocrx_word' id='word_1_253' title='bbox 1102 2861 1200 2938; x_wconf 83' lang='lat' dir='ltr'><strong>opiiex</strong></span> <span class='ocrx_word' id='word_1_254' title='bbox 1223 2859 1338 2921; x_wconf 86' lang='lat' dir='ltr'><strong>videtur</strong></span> <span class='ocrx_word' id='word_1_255' title='bbox 1361 2878 1397 2919; x_wconf 86' lang='lat' dir='ltr'><strong>ex</strong></span> 
     </span>
     <span class='ocr_line' id='line_1_26' title="bbox 99 2960 1398 3041; baseline -0.001 -20"><span class='ocrx_word' id='word_1_256' title='bbox 99 2960 217 3021; x_wconf 84' lang='lat' dir='ltr'><strong>duobus</strong></span> <span class='ocrx_word' id='word_1_257' title='bbox 245 2963 394 3041; x_wconf 83' lang='lat' dir='ltr'><strong>corruptis</strong></span> <span class='ocrx_word' id='word_1_258' title='bbox 424 2981 500 3020; x_wconf 86' lang='lat' dir='ltr'><strong>esse:</strong></span> <span class='ocrx_word' id='word_1_259' title='bbox 530 2982 598 3022; x_wconf 89' lang='lat' dir='ltr'><strong>narn</strong></span> <span class='ocrx_word' id='word_1_260' title='bbox 627 2980 716 3040; x_wconf 92' lang='lat' dir='ltr'><strong>opera</strong></span> <span class='ocrx_word' id='word_1_261' title='bbox 748 2968 777 3020; x_wconf 87' lang='lat' dir='ltr'><strong>et</strong></span> <span class='ocrx_word' id='word_1_262' title='bbox 799 2961 923 3029; x_wconf 84' lang='lat' dir='ltr'><strong>iaciens,</strong></span> <span class='ocrx_word' id='word_1_263' title='bbox 948 2969 1107 3041; x_wconf 89' lang='lat' dir='ltr'><strong>utrnrnque</strong></span> <span class='ocrx_word' id='word_1_264' title='bbox 1130 2963 1278 3037; x_wconf 83' lang='lat' dir='ltr'><strong>integrum</strong></span> <span class='ocrx_word' id='word_1_265' title='bbox 1301 2973 1346 3021; x_wconf 91' lang='lat' dir='ltr'><strong>est</strong></span> <span class='ocrx_word' id='word_1_266' title='bbox 1369 2969 1398 3020; x_wconf 91' lang='lat' dir='ltr'><strong>et</strong></span> 
     </span>
    </p>

    <p class='ocr_par' dir='ltr' id='par_1_8' title="bbox 65 3062 1396 3343">
     <span class='ocr_line' id='line_1_27' title="bbox 65 3062 1394 3142; baseline 0.001 -21"><span class='ocrx_word' id='word_1_267' title='bbox 65 3062 171 3123; x_wconf 62' lang='lat' dir='ltr'><strong>eiecit</strong></span> <span class='ocrx_word' id='word_1_268' title='bbox 193 3081 287 3123; x_wconf 90' lang='lat' dir='ltr'><strong>unum</strong></span> <span class='ocrx_word' id='word_1_269' title='bbox 310 3072 482 3141; x_wconf 89' lang='lat' dir='ltr'><strong>corruptum</strong></span> <span class='ocrx_word' id='word_1_270' title='bbox 506 3064 614 3142; x_wconf 78' lang='lat' dir='ltr'><strong>opifex.</strong></span> <span class='ocrx_word' id='word_1_271' title='bbox 646 3065 799 3141; x_wconf 84' lang='lat' dir='ltr'><strong>municeps</strong></span> <span class='ocrx_word' id='word_1_272' title='bbox 822 3070 851 3121; x_wconf 92' lang='lat' dir='ltr'><strong>et</strong></span> <span class='ocrx_word' id='word_1_273' title='bbox 873 3062 929 3121; x_wconf 86' lang='lat' dir='ltr'><strong>boc</strong></span> <span class='ocrx_word' id='word_1_274' title='bbox 951 3062 1095 3131; x_wconf 85' lang='lat' dir='ltr'><strong>similiter,</strong></span> <span class='ocrx_word' id='word_1_275' title='bbox 1119 3081 1242 3123; x_wconf 91' lang='lat' dir='ltr'><strong>munera</strong></span> <span class='ocrx_word' id='word_1_276' title='bbox 1265 3065 1394 3141; x_wconf 89' lang='lat' dir='ltr'><strong>capiens.</strong></span> 
     </span>
     <span class='ocr_line' id='line_1_28' title="bbox 100 3164 1396 3244; baseline -0.002 -20"><span class='ocrx_word' id='word_1_277' title='bbox 100 3182 173 3244; x_wconf 77' lang='lat' dir='ltr'><strong>ergo</strong></span> <span class='ocrx_word' id='word_1_278' title='bbox 196 3174 266 3225; x_wconf 87' lang='lat' dir='ltr'><strong>tune</strong></span> <span class='ocrx_word' id='word_1_279' title='bbox 288 3172 385 3242; x_wconf 85' lang='lat' dir='ltr'><strong>potest</strong></span> <span class='ocrx_word' id='word_1_280' title='bbox 408 3184 442 3223; x_wconf 81' lang='lat' dir='ltr'><strong>ex</strong></span> <span class='ocrx_word' id='word_1_281' title='bbox 467 3164 581 3224; x_wconf 78' lang='lat' dir='ltr'><strong>drrcrbus</strong></span> <span class='ocrx_word' id='word_1_282' title='bbox 600 3168 746 3244; x_wconf 81' lang='lat' dir='ltr'><strong>corruptis</strong></span> <span class='ocrx_word' id='word_1_283' title='bbox 763 3184 870 3225; x_wconf 86' lang='lat' dir='ltr'><strong>nornen</strong></span> <span class='ocrx_word' id='word_1_284' title='bbox 894 3182 973 3232; x_wconf 89' lang='lat' dir='ltr'><strong>esse,</strong></span> <span class='ocrx_word' id='word_1_285' title='bbox 998 3166 1135 3242; x_wconf 91' lang='lat' dir='ltr'><strong>quotiens</strong></span> <span class='ocrx_word' id='word_1_286' title='bbox 1158 3166 1220 3242; x_wconf 87' lang='lat' dir='ltr'><strong>ipsa</strong></span> <span class='ocrx_word' id='word_1_287' title='bbox 1244 3165 1396 3242; x_wconf 88' lang='lat' dir='ltr'><strong>corruptio</strong></span> 
     </span>
     <span class='ocr_line' id='line_1_29' title="bbox 100 3261 746 3343; baseline -0.002 -16"><span class='ocrx_word' id='word_1_288' title='bbox 100 3266 262 3327; x_wconf 87' lang='lat' dir='ltr'><strong>resolvitur</strong></span> <span class='ocrx_word' id='word_1_289' title='bbox 285 3266 405 3327; x_wconf 83' lang='lat' dir='ltr'><strong>etfacit</strong></span> <span class='ocrx_word' id='word_1_290' title='bbox 430 3261 433 3340; x_wconf 77' lang='grc'><strong>1</strong></span> <span class='ocrx_word' id='word_1_291' title='bbox 458 3268 605 3343; x_wconf 81' lang='lat' dir='ltr'><strong>integrum</strong></span> <span class='ocrx_word' id='word_1_292' title='bbox 629 3287 746 3328; x_wconf 90' lang='lat' dir='ltr'><strong>nomen.</strong></span> 
     </span>
    </p>

    <p class='ocr_par' dir='ltr' id='par_1_9' title="bbox 101 3366 1397 3549">
     <span class='ocr_line' id='line_1_30' title="bbox 186 3366 1395 3448; baseline -0.001 -20"><span class='ocrx_word' id='word_1_293' title='bbox 186 3368 343 3429; x_wconf 84' lang='lat' dir='ltr'><strong>Praeterea</strong></span> <span class='ocrx_word' id='word_1_294' title='bbox 372 3370 449 3427; x_wconf 87' lang='lat' dir='ltr'><strong>scire</strong></span> <span class='ocrx_word' id='word_1_295' title='bbox 480 3368 623 3430; x_wconf 85' lang='lat' dir='ltr'><strong>debemus</strong></span> <span class='ocrx_word' id='word_1_296' title='bbox 651 3390 716 3430; x_wconf 87' lang='lat' dir='ltr'><strong>csse</strong></span> <span class='ocrx_word' id='word_1_297' title='bbox 744 3369 840 3448; x_wconf 86' lang='lat' dir='ltr'><strong>aliqua</strong></span> <span class='ocrx_word' id='word_1_298' title='bbox 864 3369 983 3429; x_wconf 87' lang='lat' dir='ltr'><strong>nomina</strong></span> <span class='ocrx_word' id='word_1_299' title='bbox 1006 3387 1081 3447; x_wconf 88' lang='lat' dir='ltr'><strong>qnae</strong></span> <span class='ocrx_word' id='word_1_300' title='bbox 1105 3386 1140 3428; x_wconf 85' lang='lat' dir='ltr'><strong>ex</strong></span> <span class='ocrx_word' id='word_1_301' title='bbox 1164 3366 1279 3427; x_wconf 86' lang='lat' dir='ltr'><strong>dnobus</strong></span> <span class='ocrx_word' id='word_1_302' title='bbox 1302 3369 1395 3427; x_wconf 78' lang='lat' dir='ltr'><strong>tronci-</strong></span> 
     </span>
     <span class='ocr_line' id='line_1_31' title="bbox 101 3468 1397 3549; baseline 0 -19"><span class='ocrx_word' id='word_1_303' title='bbox 101 3471 207 3530; x_wconf 83' lang='lat' dir='ltr'><strong>natiris</strong></span> <span class='ocrx_word' id='word_1_304' title='bbox 228 3471 310 3530; x_wconf 89' lang='lat' dir='ltr'><strong>liunt.</strong></span> <span class='ocrx_word' id='word_1_305' title='bbox 356 3469 532 3549; x_wconf 85' lang='lat' dir='ltr'><strong>plerumque</strong></span> <span class='ocrx_word' id='word_1_306' title='bbox 561 3472 705 3548; x_wconf 87' lang='lat' dir='ltr'><strong>contingit</strong></span> <span class='ocrx_word' id='word_1_307' title='bbox 733 3473 810 3531; x_wconf 88' lang='lat' dir='ltr'><strong>enirn</strong></span> <span class='ocrx_word' id='word_1_308' title='bbox 841 3480 872 3531; x_wconf 92' lang='lat' dir='ltr'><strong>ut</strong></span> <span class='ocrx_word' id='word_1_309' title='bbox 901 3488 992 3530; x_wconf 88' lang='lat' dir='ltr'><strong>nnuur</strong></span> <span class='ocrx_word' id='word_1_310' title='bbox 1022 3487 1130 3529; x_wconf 90' lang='lat' dir='ltr'><strong>nomen</strong></span> <span class='ocrx_word' id='word_1_311' title='bbox 1152 3470 1202 3528; x_wconf 84' lang='lat' dir='ltr'><strong>liat</strong></span> <span class='ocrx_word' id='word_1_312' title='bbox 1223 3468 1260 3528; x_wconf 82' lang='lat' dir='ltr'><strong>cle</strong></span> <span class='ocrx_word' id='word_1_313' title='bbox 1283 3468 1397 3530; x_wconf 85' lang='lat' dir='ltr'><strong>duobus</strong></span> 
     </span>
    </p>

    <p class='ocr_par' dir='ltr' id='par_1_10' title="bbox 65 3569 1397 3855">
     <span class='ocr_line' id='line_1_32' title="bbox 65 3569 1395 3652; baseline -0.001 -20"><span class='ocrx_word' id='word_1_314' title='bbox 65 3573 308 3641; x_wconf 77' lang='lat' dir='ltr'><strong>unominatiris,</strong></span> <span class='ocrx_word' id='word_1_315' title='bbox 333 3583 361 3632; x_wconf 92' lang='lat' dir='ltr'><strong>et</strong></span> <span class='ocrx_word' id='word_1_316' title='bbox 384 3575 520 3652; x_wconf 89' lang='lat' dir='ltr'><strong>quotiens</strong></span> <span class='ocrx_word' id='word_1_317' title='bbox 543 3574 582 3631; x_wconf 91' lang='lat' dir='ltr'><strong>ita</strong></span> <span class='ocrx_word' id='word_1_318' title='bbox 607 3574 777 3649; x_wconf 86' lang='lat' dir='ltr'><strong>contigerit,</strong></span> <span class='ocrx_word' id='word_1_319' title='bbox 801 3579 927 3648; x_wconf 88' lang='lat' dir='ltr'><strong>utraque</strong></span> <span class='ocrx_word' id='word_1_320' title='bbox 950 3580 1034 3651; x_wconf 90' lang='lat' dir='ltr'><strong>parte</strong></span> <span class='ocrx_word' id='word_1_321' title='bbox 1058 3569 1235 3639; x_wconf 87' lang='lat' dir='ltr'><strong>declinatur,</strong></span> <span class='ocrx_word' id='word_1_322' title='bbox 1268 3579 1299 3628; x_wconf 93' lang='lat' dir='ltr'><strong>ut</strong></span> <span class='ocrx_word' id='word_1_323' title='bbox 1327 3580 1395 3649; x_wconf 88' lang='lat' dir='ltr'><strong>puta</strong></span> 
     </span>
     <span class='ocr_line' id='line_1_33' title="bbox 101 3670 1396 3755; baseline -0.002 -20"><span class='ocrx_word' id='word_1_324' title='bbox 101 3682 223 3755; x_wconf 89' lang='lat' dir='ltr'><strong>praeto&#39;r</strong></span> <span class='ocrx_word' id='word_1_325' title='bbox 246 3674 384 3734; x_wconf 90' lang='lat' dir='ltr'><strong>urbanus.</strong></span> <span class='ocrx_word' id='word_1_326' title='bbox 428 3677 604 3750; x_wconf 83' lang='lat' dir='ltr'><strong>contingunt</strong></span> <span class='ocrx_word' id='word_1_327' title='bbox 626 3677 695 3734; x_wconf 89' lang='lat' dir='ltr'><strong>itorn</strong></span> <span class='ocrx_word' id='word_1_328' title='bbox 719 3676 839 3735; x_wconf 86' lang='lat' dir='ltr'><strong>nomina</strong></span> <span class='ocrx_word' id='word_1_329' title='bbox 868 3692 943 3753; x_wconf 87' lang='lat' dir='ltr'><strong>quae</strong></span> <span class='ocrx_word' id='word_1_330' title='bbox 967 3674 1060 3752; x_wconf 89' lang='lat' dir='ltr'><strong>prima</strong></span> <span class='ocrx_word' id='word_1_331' title='bbox 1085 3681 1169 3751; x_wconf 91' lang='lat' dir='ltr'><strong>parte</strong></span> <span class='ocrx_word' id='word_1_332' title='bbox 1192 3670 1321 3732; x_wconf 89' lang='lat' dir='ltr'><strong>babeant</strong></span> <span class='ocrx_word' id='word_1_333' title='bbox 1343 3691 1396 3732; x_wconf 94' lang='lat' dir='ltr'><strong>no-</strong></span> 
     </span>
     <span class='ocr_line' id='line_1_34' title="bbox 102 3773 1397 3855; baseline -0.001 -19"><span class='ocrx_word' id='word_1_334' title='bbox 102 3777 273 3837; x_wconf 76' lang='lat' dir='ltr'><strong>minativum</strong></span> <span class='ocrx_word' id='word_1_335' title='bbox 297 3784 325 3836; x_wconf 91' lang='lat' dir='ltr'><strong>et</strong></span> <span class='ocrx_word' id='word_1_336' title='bbox 347 3778 512 3855; x_wconf 87' lang='lat' dir='ltr'><strong>posteriore</strong></span> <span class='ocrx_word' id='word_1_337' title='bbox 537 3795 611 3846; x_wconf 84' lang='lat' dir='ltr'><strong>non,</strong></span> <span class='ocrx_word' id='word_1_338' title='bbox 637 3787 665 3837; x_wconf 92' lang='lat' dir='ltr'><strong>et</strong></span> <span class='ocrx_word' id='word_1_339' title='bbox 687 3779 745 3837; x_wconf 85' lang='lat' dir='ltr'><strong>iarn</strong></span> <span class='ocrx_word' id='word_1_340' title='bbox 769 3795 837 3855; x_wconf 87' lang='lat' dir='ltr'><strong>pars</strong></span> <span class='ocrx_word' id='word_1_341' title='bbox 861 3777 953 3855; x_wconf 84' lang='lat' dir='ltr'><strong>prima</strong></span> <span class='ocrx_word' id='word_1_342' title='bbox 978 3783 1092 3835; x_wconf 84' lang='lat' dir='ltr'><strong>tanturn</strong></span> <span class='ocrx_word' id='word_1_343' title='bbox 1116 3773 1290 3836; x_wconf 87' lang='lat' dir='ltr'><strong>declinatur.</strong></span> <span class='ocrx_word' id='word_1_344' title='bbox 1327 3794 1397 3835; x_wconf 91' lang='lat' dir='ltr'><strong>eon·</strong></span> 
     </span>
    </p>
   </div>
   <div class='ocr_carea' id='block_1_4' title="bbox 94 3997 1535 4973">
    <p class='ocr_par' dir='ltr' id='par_1_11' title="bbox 101 3997 1535 4201">
     <span class='ocr_line' id='line_1_35' title="bbox 101 3997 1535 4061; baseline -0.001 -15"><span class='ocrx_word' id='word_1_345' title='bbox 101 3998 176 4047; x_wconf 80' lang='lat' dir='ltr'><strong>etiam</strong></span> <span class='ocrx_word' id='word_1_346' title='bbox 198 3999 294 4046; x_wconf 87' lang='lat' dir='ltr'><strong>nornlui</strong></span> <span class='ocrx_word' id='word_1_347' title='bbox 315 4012 434 4046; x_wconf 87' lang='lat' dir='ltr'><strong>numerus</strong></span> <span class='ocrx_word' id='word_1_348' title='bbox 457 4012 484 4058; x_wconf 80' lang='lat' dir='ltr'><strong>p.</strong></span> <span class='ocrx_word' id='word_1_349' title='bbox 506 3998 555 4047; x_wconf 96' lang='lat'><strong>177</strong></span> <span class='ocrx_word' id='word_1_350' title='bbox 577 4000 615 4049; x_wconf 77' lang='lat' dir='ltr'><strong>ecl.</strong></span> <span class='ocrx_word' id='word_1_351' title='bbox 640 3998 713 4048; x_wconf 78' lang='lat' dir='ltr'><strong>Lincl.</strong></span> <span class='ocrx_word' id='word_1_352' title='bbox 734 4025 761 4034; x_wconf 90' lang='lat'><em>-</em></span> <span class='ocrx_word' id='word_1_353' title='bbox 783 4014 809 4059; x_wconf 84' lang='lat' dir='ltr'><strong>p.</strong></span> <span class='ocrx_word' id='word_1_354' title='bbox 835 3998 885 4048; x_wconf 84' lang='grc'><strong>186</strong></span> <span class='ocrx_word' id='word_1_355' title='bbox 910 4000 1007 4045; x_wconf 84' lang='lat' dir='ltr'><strong>uariunt</strong></span> <span class='ocrx_word' id='word_1_356' title='bbox 1026 3997 1062 4046; x_wconf 92' lang='lat' dir='ltr'><strong>illi</strong></span> <span class='ocrx_word' id='word_1_357' title='bbox 1082 4013 1113 4046; x_wconf 83' lang='lat' dir='ltr'><strong>nu</strong></span> <span class='ocrx_word' id='word_1_358' title='bbox 1133 4013 1225 4047; x_wconf 82' lang='lat' dir='ltr'><strong>rruonn</strong></span> <span class='ocrx_word' id='word_1_359' title='bbox 1244 3998 1338 4061; x_wconf 77' lang='lat' dir='ltr'><strong>Figura</strong></span> <span class='ocrx_word' id='word_1_360' title='bbox 1355 4006 1399 4046; x_wconf 83' lang='lat' dir='ltr'><strong>ent</strong></span> <span class='ocrx_word' id='word_1_361' title='bbox 1533 4041 1535 4045; x_wconf 89' lang='lat'>.</span> 
     </span>
     <span class='ocr_line' id='line_1_36' title="bbox 102 4066 1521 4133; baseline 0.003 -19"><span class='ocrx_word' id='word_1_362' title='bbox 102 4069 224 4117; x_wconf 78' lang='lat' dir='ltr'><strong>naturalis</strong></span> <span class='ocrx_word' id='word_1_363' title='bbox 239 4083 267 4130; x_wconf 85' lang='lat' dir='ltr'><strong>p.</strong></span> <span class='ocrx_word' id='word_1_364' title='bbox 290 4068 339 4118; x_wconf 79' lang='grc'><strong>165</strong></span> <span class='ocrx_word' id='word_1_365' title='bbox 358 4094 391 4102; x_wconf 90' lang='lat'>-</span> <span class='ocrx_word' id='word_1_366' title='bbox 405 4085 430 4131; x_wconf 91' lang='lat' dir='ltr'><strong>p.</strong></span> <span class='ocrx_word' id='word_1_367' title='bbox 450 4068 500 4117; x_wconf 84' lang='grc'><strong>168</strong></span> <span class='ocrx_word' id='word_1_368' title='bbox 520 4084 664 4133; x_wconf 88' lang='lat' dir='ltr'><strong>conponere</strong></span> <span class='ocrx_word' id='word_1_369' title='bbox 682 4076 730 4128; x_wconf 70' lang='lat' dir='ltr'><strong>(uu</strong></span> <span class='ocrx_word' id='word_1_370' title='bbox 749 4084 839 4118; x_wconf 75' lang='lat' dir='ltr'><strong>arunas</strong></span> <span class='ocrx_word' id='word_1_371' title='bbox 857 4069 918 4117; x_wconf 83' lang='lat' dir='ltr'><strong>aclcl.</strong></span> <span class='ocrx_word' id='word_1_372' title='bbox 934 4068 969 4129; x_wconf 79' lang='lat' dir='ltr'><strong>B)</strong></span> <span class='ocrx_word' id='word_1_373' title='bbox 988 4068 1081 4133; x_wconf 76' lang='lat' dir='ltr'><strong>l&#39;iguru</strong></span> <span class='ocrx_word' id='word_1_374' title='bbox 1099 4069 1123 4115; x_wconf 88' lang='lat' dir='ltr'><strong>in</strong></span> <span class='ocrx_word' id='word_1_375' title='bbox 1145 4067 1290 4115; x_wconf 79' lang='lat' dir='ltr'><strong>nominibus</strong></span> <span class='ocrx_word' id='word_1_376' title='bbox 1305 4083 1333 4130; x_wconf 87' lang='lat' dir='ltr'><strong>p.</strong></span> <span class='ocrx_word' id='word_1_377' title='bbox 1349 4068 1398 4118; x_wconf 86' lang='grc'><strong>186</strong></span> <span class='ocrx_word' id='word_1_378' title='bbox 1507 4066 1521 4095; x_wconf 40' lang='lat' dir='ltr'>N</span> 
     </span>
     <span class='ocr_line' id='line_1_37' title="bbox 103 4136 1396 4201; baseline 0 -14"><span class='ocrx_word' id='word_1_379' title='bbox 103 4163 133 4172; x_wconf 80' lang='grc'><strong>-·</strong></span> <span class='ocrx_word' id='word_1_380' title='bbox 151 4153 177 4199; x_wconf 81' lang='grc' dir='ltr'><strong>ρ.</strong></span> <span class='ocrx_word' id='word_1_381' title='bbox 199 4136 250 4188; x_wconf 72' lang='lat' dir='ltr'><strong>lut</strong></span> <span class='ocrx_word' id='word_1_382' title='bbox 268 4137 340 4185; x_wconf 86' lang='lat' dir='ltr'><strong>aliter</strong></span> <span class='ocrx_word' id='word_1_383' title='bbox 358 4152 405 4185; x_wconf 92' lang='lat' dir='ltr'><strong>non</strong></span> <span class='ocrx_word' id='word_1_384' title='bbox 427 4137 484 4185; x_wconf 77' lang='lat' dir='ltr'><strong>lic-ct</strong></span> <span class='ocrx_word' id='word_1_385' title='bbox 504 4153 535 4185; x_wconf 80' lang='lat' dir='ltr'><strong>nn</strong></span> <span class='ocrx_word' id='word_1_386' title='bbox 555 4154 656 4189; x_wconf 78' lang='lat' dir='ltr'><strong>cssrncs</strong></span> <span class='ocrx_word' id='word_1_387' title='bbox 676 4139 755 4187; x_wconf 82' lang='lat' dir='ltr'><strong>Casus</strong></span> <span class='ocrx_word' id='word_1_388' title='bbox 776 4139 833 4187; x_wconf 82' lang='lat' dir='ltr'><strong>dicti</strong></span> <span class='ocrx_word' id='word_1_389' title='bbox 848 4150 907 4187; x_wconf 83' lang='lat' dir='ltr'><strong>scrut</strong></span> <span class='ocrx_word' id='word_1_390' title='bbox 920 4155 946 4200; x_wconf 83' lang='lat' dir='ltr'><strong>p.</strong></span> <span class='ocrx_word' id='word_1_391' title='bbox 966 4138 1013 4187; x_wconf 80' lang='lat' dir='ltr'><strong>lou</strong></span> <span class='ocrx_word' id='word_1_392' title='bbox 1030 4166 1063 4173; x_wconf 89' lang='lat'>—</span> <span class='ocrx_word' id='word_1_393' title='bbox 1077 4155 1102 4201; x_wconf 86' lang='lat' dir='ltr'><strong>p.</strong></span> <span class='ocrx_word' id='word_1_394' title='bbox 1124 4138 1173 4186; x_wconf 88' lang='lat'><strong>177</strong></span> <span class='ocrx_word' id='word_1_395' title='bbox 1193 4137 1300 4185; x_wconf 88' lang='lat' dir='ltr'><strong>cladium</strong></span> <span class='ocrx_word' id='word_1_396' title='bbox 1320 4137 1396 4199; x_wconf 78' lang='lat' dir='ltr'><strong>(tren</strong></span> 
     </span>
    </p>

    <p class='ocr_par' dir='ltr' id='par_1_12' title="bbox 97 4206 1398 4344">
     <span class='ocr_line' id='line_1_38' title="bbox 100 4206 1398 4271; baseline -0.002 -14"><span class='ocrx_word' id='word_1_397' title='bbox 100 4208 160 4261; x_wconf 75' lang='lat' dir='ltr'><strong>add,</strong></span> <span class='ocrx_word' id='word_1_398' title='bbox 180 4207 213 4270; x_wconf 85' lang='lat' dir='ltr'><strong>G)</strong></span> <span class='ocrx_word' id='word_1_399' title='bbox 234 4223 267 4256; x_wconf 84' lang='lat' dir='ltr'><strong>nc</strong></span> <span class='ocrx_word' id='word_1_400' title='bbox 286 4223 387 4258; x_wconf 81' lang='lat' dir='ltr'><strong>cssrnus</strong></span> <span class='ocrx_word' id='word_1_401' title='bbox 406 4206 478 4256; x_wconf 79' lang='lat' dir='ltr'><strong>tlrcci</strong></span> <span class='ocrx_word' id='word_1_402' title='bbox 498 4224 572 4257; x_wconf 85' lang='lat' dir='ltr'><strong>casus</strong></span> <span class='ocrx_word' id='word_1_403' title='bbox 591 4208 683 4258; x_wconf 85' lang='lat' dir='ltr'><strong>babent</strong></span> <span class='ocrx_word' id='word_1_404' title='bbox 701 4224 727 4269; x_wconf 85' lang='lat' dir='ltr'><strong>p.</strong></span> <span class='ocrx_word' id='word_1_405' title='bbox 749 4210 796 4258; x_wconf 81' lang='lat' dir='ltr'><strong>llll</strong></span> <span class='ocrx_word' id='word_1_406' title='bbox 813 4226 868 4271; x_wconf 86' lang='lat' dir='ltr'><strong>sqq.</strong></span> <span class='ocrx_word' id='word_1_407' title='bbox 888 4209 946 4260; x_wconf 83' lang='lat' dir='ltr'><strong>BG.</strong></span> <span class='ocrx_word' id='word_1_408' title='bbox 974 4224 1029 4256; x_wconf 78' lang='lat' dir='ltr'><strong>narn</strong></span> <span class='ocrx_word' id='word_1_409' title='bbox 1047 4224 1078 4256; x_wconf 85' lang='lat' dir='ltr'><strong>ea</strong></span> <span class='ocrx_word' id='word_1_410' title='bbox 1097 4223 1161 4270; x_wconf 72' lang='lat' dir='ltr'><strong>queue</strong></span> <span class='ocrx_word' id='word_1_411' title='bbox 1176 4210 1208 4255; x_wconf 79' lang='lat' dir='ltr'><strong>cle</strong></span> <span class='ocrx_word' id='word_1_412' title='bbox 1225 4209 1346 4259; x_wconf 68' lang='lat' dir='ltr'><strong>truncaris.</strong></span> <span class='ocrx_word' id='word_1_413' title='bbox 1367 4211 1398 4255; x_wconf 83' lang='lat' dir='ltr'><strong>cle</strong></span> 
     </span>
     <span class='ocr_line' id='line_1_39' title="bbox 97 4277 1397 4344; baseline -0.002 -17"><span class='ocrx_word' id='word_1_414' title='bbox 97 4281 203 4342; x_wconf 74' lang='lat' dir='ltr'><strong>fipuris,</strong></span> <span class='ocrx_word' id='word_1_415' title='bbox 220 4278 370 4328; x_wconf 69' lang='lat' dir='ltr'><strong>decursibus</strong></span> <span class='ocrx_word' id='word_1_416' title='bbox 388 4279 474 4327; x_wconf 82' lang='lat' dir='ltr'><strong>iterum</strong></span> <span class='ocrx_word' id='word_1_417' title='bbox 492 4282 588 4341; x_wconf 80' lang='lat' dir='ltr'><strong>scripto</strong></span> <span class='ocrx_word' id='word_1_418' title='bbox 605 4287 629 4327; x_wconf 81' lang='lat' dir='ltr'><strong>ct</strong></span> <span class='ocrx_word' id='word_1_419' title='bbox 645 4296 674 4329; x_wconf 85' lang='lat' dir='ltr'><strong>eo</strong></span> <span class='ocrx_word' id='word_1_420' title='bbox 690 4280 745 4328; x_wconf 89' lang='lat' dir='ltr'><strong>loco</strong></span> <span class='ocrx_word' id='word_1_421' title='bbox 759 4295 807 4344; x_wconf 87' lang='lat' dir='ltr'><strong>quo</strong></span> <span class='ocrx_word' id='word_1_422' title='bbox 826 4284 944 4342; x_wconf 68' lang='lat' dir='ltr'><strong>tegantur</strong></span> <span class='ocrx_word' id='word_1_423' title='bbox 964 4282 988 4327; x_wconf 86' lang='lat' dir='ltr'><strong>in</strong></span> <span class='ocrx_word' id='word_1_424' title='bbox 1007 4279 1031 4324; x_wconf 85' lang='lat' dir='ltr'><em>A</em></span> <span class='ocrx_word' id='word_1_425' title='bbox 1050 4279 1119 4326; x_wconf 78' lang='lat' dir='ltr'><strong>edita</strong></span> <span class='ocrx_word' id='word_1_426' title='bbox 1137 4286 1195 4327; x_wconf 77' lang='lat' dir='ltr'><strong>rrrnt</strong></span> <span class='ocrx_word' id='word_1_427' title='bbox 1215 4280 1284 4340; x_wconf 81' lang='lat' dir='ltr'><strong>infra</strong></span> <span class='ocrx_word' id='word_1_428' title='bbox 1301 4292 1328 4338; x_wconf 84' lang='lat' dir='ltr'><strong>p.</strong></span> <span class='ocrx_word' id='word_1_429' title='bbox 1350 4277 1397 4326; x_wconf 89' lang='lat'><strong>177</strong></span> 
     </span>
    </p>

    <p class='ocr_par' dir='ltr' id='par_1_13' title="bbox 99 4299 1397 4413">
     <span class='ocr_line' id='line_1_40' title="bbox 99 4299 1397 4413; baseline 0.001 -20"><span class='ocrx_word' id='word_1_430' title='bbox 99 4364 154 4413; x_wconf 72' lang='lat' dir='ltr'><strong>sqq.</strong></span> <span class='ocrx_word' id='word_1_431' title='bbox 174 4348 217 4399; x_wconf 79' lang='lat' dir='ltr'><strong>ed.</strong></span> <span class='ocrx_word' id='word_1_432' title='bbox 240 4349 316 4399; x_wconf 81' lang='lat' dir='ltr'><strong>Lind,</strong></span> <span class='ocrx_word' id='word_1_433' title='bbox 341 4356 432 4395; x_wconf 82' lang='lat' dir='ltr'><strong>rnutcrtn</strong></span> <span class='ocrx_word' id='word_1_434' title='bbox 452 4349 541 4398; x_wconf 81' lang='lat' dir='ltr'><strong>ordine</strong></span> <span class='ocrx_word' id='word_1_435' title='bbox 560 4352 584 4397; x_wconf 82' lang='lat' dir='ltr'><strong>in</strong></span> <span class='ocrx_word' id='word_1_436' title='bbox 603 4347 627 4397; x_wconf 87' lang='lat' dir='ltr'><em>B</em></span> <span class='ocrx_word' id='word_1_437' title='bbox 634 4350 654 4399; x_wconf 81' lang='lat' dir='ltr'><em>C</em></span> <span class='ocrx_word' id='word_1_438' title='bbox 669 4349 798 4410; x_wconf 81' lang='lat' dir='ltr'><strong>prioribus</strong></span> <span class='ocrx_word' id='word_1_439' title='bbox 823 4299 972 4398; x_wconf 66' lang='lat' dir='ltr'><strong>trucbntibus</strong></span> <span class='ocrx_word' id='word_1_440' title='bbox 997 4348 1028 4395; x_wconf 79' lang='lat' dir='ltr'><strong>cle</strong></span> <span class='ocrx_word' id='word_1_441' title='bbox 1051 4347 1138 4396; x_wconf 79' lang='lat' dir='ltr'><strong>iisdem</strong></span> <span class='ocrx_word' id='word_1_442' title='bbox 1157 4348 1233 4397; x_wconf 78' lang='lat' dir='ltr'><strong>rebus</strong></span> <span class='ocrx_word' id='word_1_443' title='bbox 1250 4347 1397 4408; x_wconf 74' lang='lat' dir='ltr'><strong>interposito</strong></span> 
     </span>
    </p>

    <p class='ocr_par' dir='ltr' id='par_1_14' title="bbox 99 4418 1397 4484">
     <span class='ocr_line' id='line_1_41' title="bbox 99 4418 1397 4484; baseline -0.004 -16"><span class='ocrx_word' id='word_1_444' title='bbox 99 4427 155 4469; x_wconf 71' lang='lat' dir='ltr'><strong>mc</strong></span> <span class='ocrx_word' id='word_1_445' title='bbox 228 4419 242 4468; x_wconf 96' lang='lat' dir='ltr'><strong>l</strong></span> <span class='ocrx_word' id='word_1_446' title='bbox 263 4419 294 4465; x_wconf 90' lang='lat' dir='ltr'><strong>de</strong></span> <span class='ocrx_word' id='word_1_447' title='bbox 314 4418 402 4479; x_wconf 70' lang='lat' dir='ltr'><strong>liguris</strong></span> <span class='ocrx_word' id='word_1_448' title='bbox 421 4419 444 4464; x_wconf 95' lang='lat' dir='ltr'><em>A</em></span> <span class='ocrx_word' id='word_1_449' title='bbox 517 4419 550 4469; x_wconf 84' lang='lat'><strong>10</strong></span> <span class='ocrx_word' id='word_1_450' title='bbox 569 4421 680 4484; x_wconf 77' lang='lat' dir='ltr'><strong>integras</strong></span> <span class='ocrx_word' id='word_1_451' title='bbox 698 4420 718 4467; x_wconf 87' lang='lat' dir='ltr'><strong>si</strong></span> <span class='ocrx_word' id='word_1_452' title='bbox 737 4420 808 4467; x_wconf 75' lang='lat' dir='ltr'><strong>«lices</strong></span> <span class='ocrx_word' id='word_1_453' title='bbox 827 4418 913 4468; x_wconf 75' lang='lat' dir='ltr'><strong>nco*</strong></span> <span class='ocrx_word' id='word_1_454' title='bbox 934 4419 1046 4482; x_wconf 79' lang='lat' dir='ltr'><strong>integrus</strong></span> <span class='ocrx_word' id='word_1_455' title='bbox 1064 4457 1069 4468; x_wconf 94' lang='lat'>.</span> <span class='ocrx_word' id='word_1_456' title='bbox 1084 4458 1110 4469; x_wconf 89' lang='lat'><strong>..</strong></span> <span class='ocrx_word' id='word_1_457' title='bbox 1129 4434 1171 4466; x_wconf 87' lang='lat' dir='ltr'><strong>cas</strong></span> <span class='ocrx_word' id='word_1_458' title='bbox 1191 4419 1214 4465; x_wconf 98' lang='lat' dir='ltr'><em>A</em></span> <span class='ocrx_word' id='word_1_459' title='bbox 1266 4424 1397 4478; x_wconf 82' lang='lat' dir='ltr'><strong>corruptas</strong></span> 
     </span>
    </p>

    <p class='ocr_par' dir='ltr' id='par_1_15' title="bbox 101 4486 1396 4552">
     <span class='ocr_line' id='line_1_42' title="bbox 101 4486 1396 4552; baseline -0.002 -18"><span class='ocrx_word' id='word_1_460' title='bbox 101 4500 127 4535; x_wconf 82' lang='lat' dir='ltr'><strong>ur</strong></span> <span class='ocrx_word' id='word_1_461' title='bbox 144 4487 238 4538; x_wconf 80' lang='lat' dir='ltr'><strong>efficax</strong></span> <span class='ocrx_word' id='word_1_462' title='bbox 260 4487 349 4536; x_wconf 66' lang='grc' dir='ltr'><strong>Μαι*</strong></span> <span class='ocrx_word' id='word_1_463' title='bbox 368 4496 500 4551; x_wconf 83' lang='lat' dir='ltr'><strong>corruptas</strong></span> <span class='ocrx_word' id='word_1_464' title='bbox 520 4498 578 4537; x_wconf 77' lang='lat' dir='ltr'><strong>scrut</strong></span> <span class='ocrx_word' id='word_1_465' title='bbox 602 4490 692 4538; x_wconf 79' lang='lat' dir='ltr'><strong>efficax</strong></span> <span class='ocrx_word' id='word_1_466' title='bbox 712 4489 736 4536; x_wconf 89' lang='lat' dir='ltr'><em>A</em></span> <span class='ocrx_word' id='word_1_467' title='bbox 808 4490 839 4538; x_wconf 76' lang='lat'><strong>1²2</strong></span> <span class='ocrx_word' id='word_1_468' title='bbox 859 4488 1024 4552; x_wconf 79' lang='lat' dir='ltr'><strong>nugigerolus</strong></span> <span class='ocrx_word' id='word_1_469' title='bbox 1044 4486 1128 4537; x_wconf 80' lang='lat' dir='ltr'><strong>ABG</strong></span> <span class='ocrx_word' id='word_1_470' title='bbox 1193 4489 1305 4548; x_wconf 75' lang='lat' dir='ltr'><strong>sortasse</strong></span> <span class='ocrx_word' id='word_1_471' title='bbox 1324 4487 1396 4534; x_wconf 88' lang='lat' dir='ltr'><strong>aliter</strong></span> 
     </span>
    </p>

    <p class='ocr_par' dir='ltr' id='par_1_16' title="bbox 100 4556 1394 4621">
     <span class='ocr_line' id='line_1_43' title="bbox 100 4556 1394 4621; baseline 0 -16"><span class='ocrx_word' id='word_1_472' title='bbox 100 4557 197 4610; x_wconf 84' lang='lat' dir='ltr'><strong>Probus</strong></span> <span class='ocrx_word' id='word_1_473' title='bbox 217 4556 325 4607; x_wconf 74' lang='lat' dir='ltr'><strong>velulis</strong></span> <span class='ocrx_word' id='word_1_474' title='bbox 344 4557 421 4606; x_wconf 77' lang='lat' dir='ltr'><strong>babes</strong></span> <span class='ocrx_word' id='word_1_475' title='bbox 442 4559 466 4606; x_wconf 92' lang='lat' dir='ltr'><strong>in</strong></span> <span class='ocrx_word' id='word_1_476' title='bbox 487 4569 539 4606; x_wconf 76' lang='lat' dir='ltr'><strong>arte</strong></span> <span class='ocrx_word' id='word_1_477' title='bbox 559 4559 646 4608; x_wconf 83' lang='lat' dir='ltr'><strong>Probi:</strong></span> <span class='ocrx_word' id='word_1_478' title='bbox 670 4560 704 4621; x_wconf 69' lang='lat' dir='ltr'><strong>rs.</strong></span> <span class='ocrx_word' id='word_1_479' title='bbox 724 4559 792 4615; x_wconf 76' lang='lat' dir='ltr'><strong>infru</strong></span> <span class='ocrx_word' id='word_1_480' title='bbox 815 4575 843 4620; x_wconf 85' lang='lat' dir='ltr'><strong>p.</strong></span> <span class='ocrx_word' id='word_1_481' title='bbox 863 4557 912 4607; x_wconf 91' lang='grc'><strong>187</strong></span> <span class='ocrx_word' id='word_1_482' title='bbox 933 4557 973 4607; x_wconf 86' lang='lat' dir='ltr'><strong>ed.</strong></span> <span class='ocrx_word' id='word_1_483' title='bbox 995 4557 1072 4605; x_wconf 81' lang='lat' dir='ltr'><strong>Lind.</strong></span> <span class='ocrx_word' id='word_1_484' title='bbox 1095 4558 1173 4609; x_wconf 79' lang='lat' dir='ltr'><strong>Proh.</strong></span> <span class='ocrx_word' id='word_1_485' title='bbox 1196 4560 1274 4608; x_wconf 81' lang='lat' dir='ltr'><strong>instit.</strong></span> <span class='ocrx_word' id='word_1_486' title='bbox 1295 4562 1347 4604; x_wconf 84' lang='lat' dir='ltr'><strong>art.</strong></span> <span class='ocrx_word' id='word_1_487' title='bbox 1366 4569 1394 4615; x_wconf 80' lang='lat' dir='ltr'><strong>p.</strong></span> 
     </span>
    </p>

    <p class='ocr_par' dir='ltr' id='par_1_17' title="bbox 99 4625 1394 4693">
     <span class='ocr_line' id='line_1_44' title="bbox 99 4625 1394 4693; baseline -0.008 -12"><span class='ocrx_word' id='word_1_488' title='bbox 99 4628 139 4689; x_wconf 75' lang='grc'><strong>53,</strong></span> <span class='ocrx_word' id='word_1_489' title='bbox 160 4625 195 4678; x_wconf 91' lang='grc'><strong>18</strong></span> <span class='ocrx_word' id='word_1_490' title='bbox 252 4626 285 4676; x_wconf 80' lang='grc'><strong>111</strong></span> <span class='ocrx_word' id='word_1_491' title='bbox 303 4630 393 4675; x_wconf 80' lang='lat' dir='ltr'><strong>lcccuun</strong></span> <span class='ocrx_word' id='word_1_492' title='bbox 407 4644 478 4693; x_wconf 81' lang='lat' dir='ltr'><strong>quarn</strong></span> <span class='ocrx_word' id='word_1_493' title='bbox 493 4630 602 4679; x_wconf 67' lang='lat' dir='ltr'><strong>irrelicoui</strong></span> <span class='ocrx_word' id='word_1_494' title='bbox 618 4631 680 4680; x_wconf 80' lang='lat' dir='ltr'><strong>boec</strong></span> <span class='ocrx_word' id='word_1_495' title='bbox 694 4630 752 4691; x_wconf 77' lang='lat' dir='ltr'><strong>fere.</strong></span> <span class='ocrx_word' id='word_1_496' title='bbox 770 4629 895 4678; x_wconf 73' lang='lat' dir='ltr'><strong>excidisse</strong></span> <span class='ocrx_word' id='word_1_497' title='bbox 908 4627 1033 4689; x_wconf 71' lang='lat' dir='ltr'><strong>vitientur,</strong></span> <span class='ocrx_word' id='word_1_498' title='bbox 1052 4626 1148 4675; x_wconf 90' lang='lat' dir='ltr'><strong>nullum</strong></span> <span class='ocrx_word' id='word_1_499' title='bbox 1168 4641 1257 4674; x_wconf 77' lang='lat' dir='ltr'><strong>nomon</strong></span> <span class='ocrx_word' id='word_1_500' title='bbox 1278 4625 1394 4682; x_wconf 76' lang='lat' dir='ltr'><strong>inveniri,</strong></span> 
     </span>
    </p>

    <p class='ocr_par' dir='ltr' id='par_1_18' title="bbox 98 4695 1395 4762">
     <span class='ocr_line' id='line_1_45' title="bbox 98 4695 1395 4762; baseline 0.001 -19"><span class='ocrx_word' id='word_1_501' title='bbox 98 4699 163 4761; x_wconf 83' lang='lat' dir='ltr'><strong>quod</strong></span> <span class='ocrx_word' id='word_1_502' title='bbox 180 4711 232 4747; x_wconf 90' lang='lat' dir='ltr'><strong>non</strong></span> <span class='ocrx_word' id='word_1_503' title='bbox 249 4699 283 4746; x_wconf 79' lang='lat' dir='ltr'><strong>sit</strong></span> <span class='ocrx_word' id='word_1_504' title='bbox 301 4699 460 4762; x_wconf 78' lang='lat' dir='ltr'><strong>conpositum</strong></span> <span class='ocrx_word' id='word_1_505' title='bbox 514 4701 661 4749; x_wconf 67' lang='lat' dir='ltr'><strong>anactoritnte</strong></span> <span class='ocrx_word' id='word_1_506' title='bbox 682 4701 705 4750; x_wconf 88' lang='lat' dir='ltr'><em>B</em></span> <span class='ocrx_word' id='word_1_507' title='bbox 765 4698 799 4748; x_wconf 72' lang='lat'><strong>20</strong></span> <span class='ocrx_word' id='word_1_508' title='bbox 819 4698 1000 4748; x_wconf 85' lang='lat' dir='ltr'><strong>inuenieturG</strong></span> <span class='ocrx_word' id='word_1_509' title='bbox 1070 4697 1104 4745; x_wconf 76' lang='lat'><strong>29</strong></span> <span class='ocrx_word' id='word_1_510' title='bbox 1120 4699 1181 4744; x_wconf 78' lang='lat' dir='ltr'><strong>liunt</strong></span> <span class='ocrx_word' id='word_1_511' title='bbox 1199 4695 1255 4743; x_wconf 82' lang='lat' dir='ltr'><strong>AB</strong></span> <span class='ocrx_word' id='word_1_512' title='bbox 1274 4696 1332 4742; x_wconf 83' lang='lat' dir='ltr'><strong>liant</strong></span> <span class='ocrx_word' id='word_1_513' title='bbox 1352 4696 1395 4744; x_wconf 83' lang='lat' dir='ltr'><strong>Ca</strong></span> 
     </span>
    </p>

    <p class='ocr_par' dir='ltr' id='par_1_19' title="bbox 96 4765 1396 4834">
     <span class='ocr_line' id='line_1_46' title="bbox 96 4765 1396 4834; baseline -0.005 -16"><span class='ocrx_word' id='word_1_514' title='bbox 96 4768 130 4822; x_wconf 76' lang='grc'><strong>30</strong></span> <span class='ocrx_word' id='word_1_515' title='bbox 146 4771 198 4818; x_wconf 76' lang='lat' dir='ltr'><strong>ista</strong></span> <span class='ocrx_word' id='word_1_516' title='bbox 223 4768 377 4833; x_wconf 81' lang='lat' dir='ltr'><strong>contingerit</strong></span> <span class='ocrx_word' id='word_1_517' title='bbox 398 4779 503 4831; x_wconf 87' lang='lat' dir='ltr'><strong>utruque</strong></span> <span class='ocrx_word' id='word_1_518' title='bbox 529 4779 599 4834; x_wconf 71' lang='lat' dir='ltr'><strong>purte</strong></span> <span class='ocrx_word' id='word_1_519' title='bbox 623 4771 763 4819; x_wconf 81' lang='lat' dir='ltr'><strong>‹leelinntnr</strong></span> <span class='ocrx_word' id='word_1_520' title='bbox 787 4771 836 4818; x_wconf 88' lang='lat' dir='ltr'><strong>nisi</strong></span> <span class='ocrx_word' id='word_1_521' title='bbox 860 4778 965 4831; x_wconf 85' lang='lat' dir='ltr'><strong>utraque</strong></span> <span class='ocrx_word' id='word_1_522' title='bbox 983 4776 1056 4832; x_wconf 86' lang='lat' dir='ltr'><strong>porte</strong></span> <span class='ocrx_word' id='word_1_523' title='bbox 1076 4766 1150 4816; x_wconf 84' lang='lat' dir='ltr'><strong>luerit</strong></span> <span class='ocrx_word' id='word_1_524' title='bbox 1176 4765 1351 4813; x_wconf 85' lang='lat' dir='ltr'><strong>norninatinns</strong></span> <span class='ocrx_word' id='word_1_525' title='bbox 1371 4772 1396 4811; x_wconf 92' lang='lat' dir='ltr'><strong>ut</strong></span> 
     </span>
    </p>

    <p class='ocr_par' dir='ltr' id='par_1_20' title="bbox 95 4833 1397 4906">
     <span class='ocr_line' id='line_1_47' title="bbox 95 4833 1397 4906; baseline -0.005 -17"><span class='ocrx_word' id='word_1_526' title='bbox 95 4849 157 4904; x_wconf 67' lang='lat' dir='ltr'><strong>pute</strong></span> <span class='ocrx_word' id='word_1_527' title='bbox 178 4838 202 4888; x_wconf 89' lang='lat' dir='ltr'><em>A</em></span> <span class='ocrx_word' id='word_1_528' title='bbox 276 4836 307 4886; x_wconf 81' lang='lat'><strong>31</strong></span> <span class='ocrx_word' id='word_1_529' title='bbox 330 4835 400 4902; x_wconf 88' lang='lat' dir='ltr'><strong>item]</strong></span> <span class='ocrx_word' id='word_1_530' title='bbox 428 4849 512 4888; x_wconf 71' lang='lat' dir='ltr'><strong>nartem</strong></span> <span class='ocrx_word' id='word_1_531' title='bbox 534 4839 617 4889; x_wconf 76' lang='lat' dir='ltr'><strong>ABG</strong></span> <span class='ocrx_word' id='word_1_532' title='bbox 686 4840 718 4889; x_wconf 66' lang='lat' dir='ltr'><strong>ll?</strong></span> <span class='ocrx_word' id='word_1_533' title='bbox 739 4856 798 4905; x_wconf 84' lang='lat' dir='ltr'><strong>pars</strong></span> <span class='ocrx_word' id='word_1_534' title='bbox 821 4837 915 4906; x_wconf 86' lang='lat' dir='ltr'><strong>primo]</strong></span> <span class='ocrx_word' id='word_1_535' title='bbox 939 4854 1000 4904; x_wconf 79' lang='lat' dir='ltr'><strong>pars</strong></span> <span class='ocrx_word' id='word_1_536' title='bbox 1019 4838 1099 4903; x_wconf 86' lang='lat' dir='ltr'><strong>pciurn</strong></span> <span class='ocrx_word' id='word_1_537' title='bbox 1120 4845 1207 4885; x_wconf 80' lang='lat' dir='ltr'><strong>nutura</strong></span> <span class='ocrx_word' id='word_1_538' title='bbox 1225 4833 1257 4884; x_wconf 72' lang='lat' dir='ltr'><strong>a*</strong></span> <span class='ocrx_word' id='word_1_539' title='bbox 1276 4836 1300 4883; x_wconf 87' lang='lat' dir='ltr'><strong>in</strong></span> <span class='ocrx_word' id='word_1_540' title='bbox 1319 4834 1397 4882; x_wconf 82' lang='lat' dir='ltr'><strong>litura</strong></span> 
     </span>
    </p>

    <p class='ocr_par' dir='ltr' id='par_1_21' title="bbox 94 4908 1373 4973">
     <span class='ocr_line' id='line_1_48' title="bbox 94 4908 1373 4973; baseline -0.004 -14"><span class='ocrx_word' id='word_1_541' title='bbox 94 4910 178 4961; x_wconf 76' lang='lat' dir='ltr'><strong>decem</strong></span> <span class='ocrx_word' id='word_1_542' title='bbox 191 4908 255 4973; x_wconf 83' lang='lat' dir='ltr'><strong>sere</strong></span> <span class='ocrx_word' id='word_1_543' title='bbox 274 4909 413 4956; x_wconf 81' lang='lat' dir='ltr'><strong>litterarum</strong></span> <span class='ocrx_word' id='word_1_544' title='bbox 1364 4914 1373 4954; x_wconf 83' lang='lat' dir='ltr'><strong>t</strong></span> 
     </span>
    </p>
   </div>
   <div class='ocr_carea' id='block_1_5' title="bbox 0 0 1678 5498">
    <p class='ocr_par' dir='ltr' id='par_1_22' title="bbox 0 0 1678 5498">
     <span class='ocr_line' id='line_1_49' title="bbox 0 0 1678 5498; baseline 0 2"><span class='ocrx_word' id='word_1_545' title='bbox 0 0 1678 5498; x_wconf 95' lang='lat' dir='ltr'><strong> </strong></span> 
     </span>
    </p>
   </div>
  </div>
 </body>
</html>
