3346 5498
120 367 183 432 448
672 362 856 427 uvrtcrtls

148 491 168 530 p.
184 478 227 517 rso.
240 477 266 516 st
279 474 301 514 n.
1207 482 1229 523 p.
1243 468 1351 510 sits-ss
1365 467 1392 509 r.

122 558 177 618 bns
205 563 273 617 ante
301 555 419 616 hnalern
441 574 468 615 ω
490 555 619 615 inventis
647 553 783 613 ordinem
811 571 864 613 sex
891 552 1134 630 coniugatiooum
1157 551 1323 629 signifieat;
1348 551 1421 621 alia,

122 677 197 738 qnae
219 657 411 718 circumflexo
433 663 556 717 accentu
584 655 699 736 prolata
722 656 799 736 apud
822 674 873 715 eos
895 657 961 715 iure
983 651 1220 734 περισπωμένη
1243 656 1424 715 nominatur

122 769 152 820 et
174 779 209 820 ex
233 759 384 820 vocalibus
406 761 437 818 in
460 757 589 819 secunda
612 777 739 838 persona
762 759 892 818 inventis
906 758 1044 817 ordinem
1064 758 1156 817 trium
1171 759 1422 835 coniugationum

123 862 268 931 ostendit;
299 869 328 921 et
350 863 454 930 tertia,
484 878 573 940 quam
595 879 631 920 en
654 859 733 921 duali
756 861 967 920 terminatione
990 860 1021 918 in
1043 877 1081 937 μι
1102 859 1289 920 desinentem
1310 859 1425 919 dicunt

122 986 140 1020 e
170 965 240 1024 licet
263 965 293 1023 in
316 964 419 1042 paucis
442 961 542 1022 verbis
563 970 698 1041 quartam
720 961 830 1023 hahent
852 963 1101 1039 coniugationem.
1136 961 1233 1022 Latini
1256 979 1345 1032 vero,
1377 962 1451 1022 si·s

123 1075 173 1127 cut
196 1068 227 1126 in
250 1065 317 1125 aliis
340 1065 455 1133 multis,
485 1082 541 1124 nec
568 1083 692 1144 prorsus
718 1066 818 1125 omnia
847 1064 985 1124 videntur
1007 1062 1118 1123 habere
1142 1058 1147 1143 Ι
1171 1065 1422 1142 coniugationum

125 1168 236 1228 indicia
259 1185 314 1226 nec
336 1169 446 1227 iterum
468 1184 571 1226 carere
595 1168 714 1246 pertitus
737 1165 886 1228 erunibus.
920 1185 987 1227 nam
1010 1167 1041 1225 in
1064 1184 1090 1225 to
1112 1167 1359 1227 terminationem
1382 1185 1422 1226 ex

125 1277 208 1350 parte
232 1269 369 1328 videntur
392 1269 520 1337 imitari,
548 1287 566 1327 o
592 1268 779 1328 terminalem
807 1269 921 1348 primae
944 1286 1089 1348 personae
1112 1271 1144 1328 in
1166 1267 1317 1347 plerisque
1342 1276 1422 1330 tem·

126 1371 250 1452 poribus
278 1369 433 1430 hahentes.
478 1388 604 1449 cumque
632 1372 692 1430 sint
725 1372 822 1431 omnia
856 1369 947 1430 verba
976 1368 1096 1448 linguae
1129 1379 1233 1430 natura
1265 1369 1423 1432 Romanae

124 1469 311 1553 βαρύτονα,
340 1472 395 1532 hoc
423 1480 468 1533 est
494 1480 597 1533 tenore
625 1489 747 1550 prorsus
769 1473 801 1531 in
823 1473 880 1531 llnc
903 1473 1052 1540 caretrtia,
1076 1490 1131 1532 nec
1152 1477 1255 1533 tamen
1279 1476 1424 1553 proprie·
1439 1492 1465 1531 to

126 1584 186 1637 tate
214 1573 474 1634 circumflexorum
502 1582 619 1642 carent,
650 1591 686 1633 en
713 1573 807 1633 vocali
836 1573 983 1634 secundae
1005 1591 1150 1653 personae
1172 1577 1425 1653 coniugationum

125 1678 263 1738 ordinem
291 1675 488 1736 ostendentia.
519 1672 533 1756 ll
562 1675 614 1735 sed
643 1693 710 1735 cunt
739 1675 887 1735 secundae
916 1693 1061 1755 personae
1089 1674 1259 1736 observatio
1286 1677 1424 1756 syllabae

126 1777 305 1845 terminalis,
329 1795 365 1836 ex
380 1796 437 1855 qua
454 1777 570 1837 dinosci
585 1778 810 1854 coniugationes
832 1778 941 1837 artium
957 1778 1120 1855 scriptores
1142 1778 1316 1848 voluerunt,
1341 1780 1424 1860 apud

127 1880 273 1940 Romanos
296 1880 415 1957 penitus
438 1887 483 1940 est
505 1882 633 1948 incerta,
658 1881 728 1958 quia
743 1898 801 1939 non
819 1881 933 1939 ratione
948 1882 1084 1957 cogitttur
1107 1880 1204 1959 aliqua
1227 1880 1329 1941 scribo
1346 1885 1425 1943 scri·

126 1982 173 2041 bis
201 1979 324 2040 verhutn
358 1982 464 2040 tertiae
492 1983 587 2058 magis
615 2000 651 2041 an
680 1980 795 2041 scribas
823 1982 938 2060 primae
966 1989 996 2040 et
1018 1979 1094 2040 euho
1117 1980 1208 2042 cultas
1231 1984 1262 2042 in
1286 1985 1424 2046 secunda
1440 2003 1465 2043 ts

127 2101 253 2162 persona
282 2100 318 2141 an
347 2080 433 2141 cultis
461 2084 634 2152 enuntiare,
665 2081 795 2143 conabor
823 2102 859 2142 ex
887 2084 998 2163 prima,
1027 2085 1117 2143 sicuti
1140 2085 1265 2162 possim,
1290 2105 1426 2165 persona

127 2183 311 2244 dillerentias
338 2184 581 2260 coniugationum
608 2184 751 2263 quasdam
779 2185 952 2254 ostendere,
980 2192 1041 2244 tam
1064 2186 1180 2255 vocales
1201 2205 1290 2266 qnam
1314 2207 1425 2250 conso·

128 2293 234 2346 nantes
258 2293 326 2346 ante
348 2304 366 2343 o
389 2285 433 2344 vel
456 2304 490 2345 or
512 2286 630 2347 finalem
652 2288 810 2365 positionis
832 2287 917 2368 verbi
940 2286 1146 2357 considerans,
1170 2290 1280 2349 notatis
1303 2290 1427 2351 scilicet

127 2386 270 2449 anomalis
299 2385 342 2445 vel
371 2386 540 2458 defectivis,
570 2389 601 2448 iu
629 2387 739 2468 quibus
767 2389 942 2469 plerumque
970 2390 1046 2449 ratio
1073 2388 1171 2450 deficit
1195 2390 1364 2468 analogiae,
1391 2402 1427 2454 ut

128 2508 194 2550 sunt
216 2507 336 2569 prosum
358 2491 480 2568 inquam
503 2490 576 2550 cedo
599 2490 654 2550 edo
677 2491 744 2550 laxo
759 2472 846 2550 sodes
861 2508 913 2551 ave
929 2491 1000 2550 ierit
1021 2491 1086 2551 insit
1109 2498 1138 2551 et
1160 2491 1327 2563 similibus;
1351 2494 1463 2556 licetao

129 2594 160 2652 in
187 2590 235 2651 his
263 2592 337 2669 ipsis
364 2591 509 2670 quaedam
537 2600 620 2661 sunt,
650 2610 725 2671 quae
757 2611 793 2651 ex
816 2594 880 2672 ipsa
903 2592 1100 2653 similitudine
1121 2582 1273 2654 linalitatis
1296 2605 1425 2674 possunt

129 2701 298 2754 ceterorum
320 2693 434 2771 regulis
456 2692 598 2754 oboedire
620 2692 790 2754 verborum.

215 2795 289 2855 Ante
311 2796 485 2874 specialium
500 2804 599 2857 tamen
615 2797 832 2874 expositionem
848 2796 1017 2874 regularum
1040 2799 1124 2876 prius
1146 2798 1257 2876 aliquid
1280 2801 1424 2876 generale

129 2900 165 2960 de
194 2899 247 2958 hac
275 2895 468 2974 ambiguitate
496 2900 738 2975 coniugationunt
765 2897 890 2957 delinire
925 2897 1076 2978 temptabo
1105 2920 1124 2955 e
1145 2900 1222 2979 quod
1251 2901 1425 2964 inchoativa

130 3000 265 3080 quidem,
294 3017 369 3078 quae
397 3018 514 3078 semper
542 2998 702 3060 derivativa
721 2997 798 3059 'sunt
828 3018 882 3059 nec
916 3019 932 3060 a
961 2999 1060 3060 verbis
1088 3008 1201 3061 tantum
1229 3002 1333 3072 modo,
1369 3004 1463 3065 sedes

130 3105 220 3163 etiam
242 3121 257 3161 a
281 3100 451 3161 nominihus
474 3102 661 3170 derivantur,
686 3110 715 3160 et
740 3097 752 3182 ll
776 3103 807 3161 in
830 3120 880 3161 sco
902 3101 997 3162 solum
1019 3102 1159 3164 desinunt
1186 3112 1215 3165 et
1243 3106 1332 3165 unius
1357 3113 1422 3167 tan-

130 3212 193 3264 tum
215 3202 302 3263 modo
325 3211 393 3262 sunt
416 3202 553 3263 orionibus
576 3203 757 3282 artigraphis
779 3205 810 3263 in
833 3202 888 3263 hoc
911 3204 1165 3265 consentientibus
1186 3206 1294 3265 tertiae
1317 3209 1422 3268 coniu-

132 3306 275 3382 gationis,
305 3311 337 3363 ut
364 3303 494 3365 hebesco
516 3305 631 3365 calesco
660 3306 840 3385 pertimesco
862 3323 1005 3366 evanesce
1026 3313 1174 3366 tremesco
1196 3314 1328 3367 terreseo
1351 3308 1422 3369 hor·

202 3528 214 3578 l
235 3523 266 3590 to]
287 3541 302 3576 ο
322 3525 377 3574 BP
427 3527 489 3575 lin
506 3542 539 3590 μι
554 3525 710 3576 desinentem
728 3526 847 3582 dieunts
865 3525 890 3575 iu
908 3542 930 3575 co
946 3524 985 3590 (in
1004 3523 1078 3587 tis‘B)
1096 3526 1253 3576 desinentem
1268 3527 1357 3578 dieunt
1373 3529 1425 3580 BP

133 3601 156 3648 in
176 3613 191 3647 a
213 3597 369 3646 desinentem
388 3596 474 3645 dicunt
492 3602 502 3644 t
519 3596 544 3643 in
564 3613 578 3644 o
604 3596 776 3646 dessinentem
796 3596 883 3645 dieunt
901 3595 925 3644 id
946 3605 984 3644 est
1005 3610 1114 3647 arienne
1131 3599 1223 3662 correp
1239 3599 1408 3679 adscripta'
1398 3615 1424 3651 ts

133 3683 212 3732 marg.
232 3667 318 3732 glossa
339 3666 722 3719 tteteesanominaturtertiai.
745 3664 840 3714 cetratis
856 3666 915 3728 qnia
934 3665 1065 3715 sonabitur
1079 3667 1097 3747 f
1176 3667 1294 3717 blleet
1288 3683 1314 3716 tn
1331 3670 1423 3733 paucis

133 3738 218 3788 uerbis
237 3745 351 3798 quartam
372 3726 511 3798 ὁξυτονον
527 3735 638 3784 habeant
652 3736 744 3798 roniug
746 3735 855 3784 ationem
868 3749 885 3791 ς
900 3735 981 3784 lieet'
976 3751 999 3784 tn
1016 3737 1104 3799 paneis
1124 3736 1218 3799 uerbis,
1235 3748 1356 3819 quattuor
1376 3738 1424 3789 ha·

133 3811 174 3858 bet
192 3806 386 3871 coniugationes
400 3806 503 3854 coniecit
521 3805 716 3857 Lindemannus.
728 3773 868 3855 οεασοίιὶιὲςεε
880 3808 964 3869 potius
980 3806 1079 3855 uidetur
1095 3805 1183 3857 άίυίεἰο
1197 3808 1379 3872 mineatem
1397 3813 1425 3860 t'tt

133 3894 174 3943 μι,
193 3892 265 3940 quom
278 3876 358 3937 ipsam
371 3889 469 3940 quoque
482 3883 535 3924 tres
549 3876 647 3938 species
661 3890 696 3923 ex
708 3873 787 3923 tribus
799 3874 928 3925 ordinibus
930 3878 1122 3959 coniugatione
1138 3879 1316 3943 circunttleoeae
1329 3878 1424 3930 ductos

132 3945 227 3996 babere
247 3947 378 3994 volumus
393 3945 561 4008 praeteriisset,
581 3943 668 4008 quiem
686 3945 784 3994 cecedit
775 3953 896 4010 tquorto
921 3934 978 3995 ἀπὸ
998 3943 1048 4011 τῆς
1070 3939 1152 4010 ἕκτης
1177 3944 1232 3997 τῶν
1254 3937 1424 4011 βαρυτόνων

134 4017 220 4075 (Dion.
242 4013 303 4063 Thr.
319 4028 347 4075 p.
368 4013 428 4075 639,
447 4015 493 4073 ’25)
577 4011 686 4063 habeant
704 4015 729 4063 P
810 4015 959 4076 isortaese
976 4028 989 4061 o
1006 4013 1163 4064 terminalem
1183 4017 1279 4079 primae
1298 4031 1424 4079 personne

135 4085 274 4151 praesentis
292 4083 451 4147 temperiem
469 4083 597 4147 plerisque
615 4082 736 4133 habentes
792 4084 824 4134 18
842 4084 1032 4149 positionemP
1079 4084 1108 4133 21
1126 4083 1195 4151 suut]
1212 4085 1301 4134 sintP
1349 4085 1409 4136 lerit

136 4155 223 4204 lerot.
236 4155 350 4216 sortasse
371 4153 436 4203 leret
454 4154 493 4201 oet
510 4151 590 4207 luris:
610 4153 645 4212 es.
667 4155 781 4207 Prisct
803 4156 860 4204 Vlll
876 4169 903 4217 p.
922 4154 987 4217 429,
1004 4153 1046 4204 14.
1066 4151 1131 4214 450,
1154 4155 1184 4206 15
1270 4155 1304 4205 23
1323 4163 1409 4205 temen

135 4239 235 4289 qnoque
254 4224 278 4271 P
363 4226 395 4273 24
415 4224 504 4271 lacuna
529 4239 601 4288 quam
622 4224 730 4275 ueremi
752 4231 868 4289 quattuor
882 4224 1021 4285 foratarum
1040 4223 1149 4305 definitio
1170 4225 1424 4287 coaetaneorum,

134 4310 198 4360 quoe
215 4295 315 4343 adiectu
330 4295 390 4343 est'
381 4309 406 4342 tn
419 4295 522 4354 epitome
535 4293 628 4344 codicis·
643 4293 724 4357 s,sed
744 4305 801 4343 snte
819 4293 963 4359 spetialium
983 4295 1168 4358 expositionem
1186 4294 1331 4360 regularum
1351 4296 1426 4362 prius

135 4364 231 4429 aliquid
254 4362 372 4430 generale
390 4362 421 4410 de
445 4361 492 4411 hac
516 4363 681 4429 ambiguitate
702 4365 906 4431 coniugatioonm
925 4362 1035 4413 diffinire
1054 4365 1190 4430 temptabo.
1222 4372 1341 4427 quattuor
1359 4380 1425 4432 ergo

135 4440 233 4486 constet
253 4449 309 4483 esse
321 4433 417 4482 formas
431 4432 573 4495 uerborum,
590 4434 614 4483 id
628 4443 666 4483 ost
680 4434 848 4485 inchoatinom
862 4434 1033 4483 meditatiunm
1048 4432 1258 4497 trequentetiunm
1270 4433 1424 4500 perfectam

135 4504 277 4567 exquibus
297 4501 489 4553 inchoatluain
514 4518 556 4551 seo
574 4504 656 4553 solum
674 4505 795 4555 desinunt
881 4503 1136 4570 metrographiae
1221 4503 1256 4554 28
1270 4515 1297 4555 ut
1313 4503 1426 4556 hebesco

136 4576 235 4625 albesco
253 4573 369 4623 calueseo
384 4572 533 4637 pertimesco
551 4589 676 4625 ettsneseo
688 4584 798 4625 terresco
810 4575 929 4624 horresco
943 4581 1044 4638 patesco
1056 4573 1170 4624 leruesco
1184 4575 1284 4624 lahasec
1298 4583 1426 4628 tremesco

135 4646 262 4695 dormiseo
281 4643 429 4692 uerberasse
451 4656 608 4707 purpureseo
627 4645 783 4696 inueteraseo
802 4659 907 4693 senesce
931 4644 1061 4693 iuueniseo
1080 4643 1185 4709 gliscet
1204 4652 1230 4692 ot
1248 4643 1360 4694 hebesco
1382 4661 1427 4696 en·

137 4718 203 4766 lesco
217 4715 318 4763 olbeseo
332 4714 482 4778 pertimesco
497 4718 605 4762 torresco
623 4731 747 4766 ettoneseo
763 4729 863 4766 orreseo
883 4722 985 4778 patesco
1001 4712 1116 4763 lerneseo
1133 4723 1234 4765 notesco
1251 4715 1354 4765 tabesco
1373 4725 1427 4766 tre·

137 4800 220 4836 mesco
239 4786 396 4833 inneternseo
410 4796 514 4832 senesce
531 4796 680 4850 uesperaseo
695 4786 825 4836 innenisco
844 4798 1000 4848 purpurnseo
1014 4784 1094 4848 glisco
1110 4785 1128 4847 s
1175 4782 1285 4853 calesco]
1305 4785 1427 4839 calueseo

136 4855 162 4905 P
229 4848 348 4919 torresco]
368 4854 481 4916 sortasse
498 4862 599 4919 tepesco
