3346 5498
250 386 315 453 eea
617 484 619 489 Ι
819 393 971 456 neuneu
1013 469 1015 475 ,

276 513 297 554 p.
311 500 400 546 252-ιὸ
414 499 435 539 L.

252 581 425 642 declinatur.
470 580 549 640 idem
577 559 664 660 quale
693 599 856 660 pronomen
880 582 940 642 est?
974 584 1013 642 ait
1041 583 1100 649 sic,
1129 600 1295 660 pronomen
1318 589 1362 642 est
1385 584 1542 661 utriusque

252 686 384 761 generis,
418 683 446 742 id
481 691 524 742 est
556 684 654 743 neutri
687 692 716 743 et
748 682 918 753 mascnlini;
953 683 1005 744 sed
1032 683 1216 762 temporibus
1245 692 1274 744 et
1301 685 1542 763 pronuntiatione

252 785 439 845 discernitur.
471 785 527 845 boc
549 787 646 864 ipsum
670 787 835 864 quaeritur,
861 803 948 863 quem
972 785 1150 845 admodum
1174 785 1263 856 dieas,
1286 786 1369 846 idern
1392 804 1429 846 an
1453 785 1541 846 idem.

252 887 336 957 dicit,
360 886 438 947 idem
462 888 487 947 si
511 886 639 948 volueris
660 886 842 966 producere,
865 886 1019 948 masculini
1043 888 1100 948 erit
1121 888 1255 965 geneviS,
1278 887 1359 948 Idem
1383 889 1436 958 nr,
1459 887 1543 948 idem

252 990 363 1068 paries;
392 990 416 1060 si
444 996 542 1049 antem
572 986 697 1049 volueris
721 988 729 1070 l
749 990 916 1070 corripere,
945 997 1084 1050 neutmm
1108 996 1170 1059 est,
1204 988 1284 1050 idem
1307 997 1440 1069 tempus,
1462 988 1570 1050 iduma

251 1091 431 1170 mancipium
454 1093 537 1168 ‘per
564 1090 661 1151 idem
690 1095 849 1170 tempus'
873 1091 944 1152 dicit
967 1092 1055 1151 etiam
1079 1090 1243 1152 Sallustius.
1265 1093 1336 1152 item
1358 1090 1410 1151 bie
1433 1099 1463 1151 et
1485 1090 1543 1160 bic,

251 1201 409 1272 utrumque
438 1191 561 1262 dicitur,
591 1191 643 1252 sed
671 1191 761 1253 babet
788 1192 997 1253 differentiam:
1027 1191 1145 1272 quando
1173 1192 1220 1254 bic
1248 1192 1456 1272 producimus,
1488 1193 1546 1252 erit

252 1292 438 1361 adverbium,
468 1295 499 1354 in
528 1294 608 1364 loco,
638 1293 717 1354 ‘bre
745 1293 854 1356 illius
883 1313 995 1362 arma,
1025 1295 1086 1355 bic
1121 1313 1257 1355 currus
1285 1294 1391 1362 luit’;
1426 1292 1546 1372 qnando
1617 1376 1619 1379 Υ

253 1405 351 1457 autern
374 1395 565 1474 corripimus,
590 1397 646 1456 erit
667 1398 848 1476 pronomen,
872 1395 998 1458 ‘solus
1019 1397 1079 1458 bic
1101 1397 1258 1458 inflexit
1280 1400 1437 1457 sensus'.

337 1499 484 1558 Secuntur
507 1499 593 1558 etiarn
616 1515 701 1558 casus
723 1498 753 1558 in
776 1498 1012 1578 pronominibus.
1043 1499 1179 1560 similiter
1202 1500 1289 1559 etiam
1312 1497 1361 1558 bic
1384 1515 1471 1558 casus
1493 1516 1545 1558 sex
1559 1513 1585 1551 ro

253 1607 337 1669 sunt,
367 1616 455 1677 quem
483 1599 519 1659 ad
548 1599 667 1660 modurn
697 1600 784 1660 etiam
811 1601 842 1659 in
870 1600 1047 1661 nominibus.
1091 1601 1143 1661 sed
1167 1601 1294 1661 diximus
1316 1602 1347 1660 in
1369 1599 1420 1662 illa
1442 1601 1545 1680 priore

252 1710 335 1782 parte
358 1703 443 1771 artis,
467 1700 495 1760 id
512 1703 602 1762 estin
624 1700 837 1779 superioribus,
855 1721 920 1763 esse
936 1703 1035 1781 aliqua
1059 1704 1235 1782 pronomina
1259 1721 1333 1782 qnae
1356 1708 1492 1762 crescant
1514 1702 1545 1761 in

253 1804 382 1872 casibus,
413 1821 476 1863 esse
504 1802 600 1882 aliqua
628 1822 703 1883 quae
731 1803 904 1865 decrescant
932 1807 961 1864 in
991 1804 1121 1873 casibus,
1150 1803 1180 1863 id
1210 1814 1253 1864 est
1276 1810 1345 1865 sunt
1361 1805 1547 1883 ¹pronomina

253 1903 350 1985 aliqua
378 1923 453 1983 quae
482 1903 615 1984 duplices
637 1904 747 1966 babent
770 1925 868 1976 easuS,
896 1915 967 1967 sunt
988 1905 1084 1986 aliqua
1107 1924 1182 1985 quae
1205 1907 1326 1967 omnino
1349 1924 1410 1966 non
1433 1904 1548 1966 babent

255 2006 379 2085 aliquid,
404 2024 463 2066 non
486 2006 574 2067 modo
596 2006 729 2086 duplices
751 2026 811 2067 nen
835 2007 959 2078 babent,
984 2006 1037 2068 sed
1061 2009 1148 2068 etiam
1172 2007 1208 2068 de
1231 2010 1292 2068 suis
1315 2006 1454 2086 legitimis
1476 2025 1545 2086 per·
1561 2025 1586 2064 rs

135 2116 194 2176 410,
208 2108 336 2170 sedunt.
382 2126 449 2167 uam
477 2127 546 2169 eece
573 2110 706 2170 invenies
734 2112 910 2188 pronomina
944 2109 1077 2189 duplices
1104 2108 1242 2170 habentia
1276 2126 1375 2180 casus,
1414 2109 1549 2188 quisquis

152 2184 241 2321 {33³4
227 2212 370 2300 ¹quiqui:
399 2229 467 2271 narn
490 2208 494 2291 l
518 2218 616 2289 potest
638 2217 666 2273 et
689 2213 792 2289 quiqui
815 2231 895 2273 esse:
924 2229 996 2289 ergo
1024 2212 1068 2272 sie
1090 2210 1198 2271 dieitur
1220 2219 1251 2271 et
1273 2211 1406 2291 quisquis
1429 2218 1459 2271 et
1482 2211 1547 2287 qui·

254 2314 312 2392 qui.
358 2327 428 2372 ecee
449 2313 521 2372 item
544 2310 595 2372 ubi
616 2314 770 2390 genetivus
793 2313 909 2393 duplex,
934 2315 992 2394 mei
1015 2312 1060 2373 vel
1083 2314 1153 2373 mis:
1178 2331 1246 2373 nam
1269 2311 1408 2373 dicebant
1430 2313 1548 2389 antiqui

254 2416 328 2475 ‘mis
349 2432 437 2475 causa
460 2414 545 2474 lecit’
576 2421 606 2474 et
633 2416 692 2474 ‘tis
711 2433 798 2476 causa
820 2415 907 2476 leeit'
930 2434 985 2494 pro
1009 2434 1044 2475 eo
1068 2414 1146 2495 quod
1170 2424 1215 2475 est
1236 2415 1315 2475 ‘mei
1337 2432 1424 2475 causa
1448 2414 1546 2483 lecit’,

199 2512 203 2523 '
255 2519 314 2577 ‘tui
343 2535 429 2577 causa
458 2517 555 2576 lecit’.
599 2518 670 2576 item
697 2518 728 2575 in
756 2515 882 2576 ablativo
910 2538 926 2577 a
956 2535 1013 2596 quo
1037 2516 1082 2576 vel
1105 2536 1120 2576 a
1144 2518 1210 2595 qui,
1229 2519 1268 2589 “a
1291 2535 1348 2594 quo
1371 2516 1495 2576 venisti’
1518 2523 1587 2575 etro

256 2622 291 2679 ‘a
314 2619 364 2697 qui
386 2619 518 2678 venisti'.
564 2619 633 2678 item
657 2617 753 2679 dativo
777 2628 806 2679 et
828 2617 952 2679 ablativo
976 2638 991 2679 a
1020 2621 1086 2698 quis
1110 2626 1140 2678 et
1161 2637 1175 2678 a
1200 2617 1320 2697 quibus,
1345 2627 1374 2678 et
1395 2616 1549 2679 reddimus

256 2721 400 2781 rationem
431 2722 535 2799 ipsam.
580 2739 596 2780 a
626 2721 691 2799 quis
719 2729 748 2780 et
774 2740 790 2779 a
818 2719 940 2799 quibus:
979 2718 1121 2781 ablativus
1150 2718 1308 2797 singularis
1331 2739 1349 2779 e
1371 2720 1548 2780 terminatus

152 2817 154 2822 ’
256 2823 385 2883 dativum
415 2820 559 2900 pluralem
588 2824 619 2882 in
645 2824 672 2882 is
700 2823 803 2890 mittit,
833 2821 870 2882 ab
898 2821 954 2882 boe
977 2822 1064 2882 docto
1087 2822 1195 2882 doctis:
1233 2823 1276 2881 sie
1299 2823 1324 2881 si
1347 2819 1548 2882 dixerimusa

256 2943 327 3004 que,
352 2944 368 2984 a
391 2926 456 3002 quis
478 2925 555 2984 lacit.
601 2925 670 2984 ilem
695 2922 837 2985 ablativus
860 2924 870 2982 i
892 2925 1067 2984 terminatus
1095 2924 1223 2984 dativum
1245 2925 1276 2983 in
1299 2922 1355 2984 bus
1377 2925 1480 2987 mittit:
1505 2924 1549 2984 sic

257 3028 281 3086 si
304 3026 414 3087 dixeris
437 3047 452 3086 a
476 3027 540 3105 qui,
570 3044 586 3086 a
610 3024 717 3103 quibus
740 3028 804 3087 erit.
850 3025 903 3086 sed
925 3024 1012 3085 huius
1041 3024 1248 3087 declinationis
1271 3027 1470 3087 nominativus
1489 3026 1589 3086 'eritas

257 3147 344 3209 ques:
367 3127 456 3188 buius
479 3126 699 3199 declinationis,
723 3128 752 3188 id
777 3135 821 3189 est
843 3125 959 3208 quaudo
982 3125 1057 3187 dieis
1080 3126 1175 3188 dativo
1198 3135 1226 3187 et
1253 3127 1381 3189 ablativo
1403 3127 1550 3207 pluralia

257 3229 374 3310 quibus.
420 3230 498 3308 siqui
526 3227 580 3289 tibi
608 3228 698 3298 dicat,
729 3231 775 3291 lac
798 3230 867 3290 inde
891 3230 1102 3290 nominativum
1125 3228 1285 3309 pluralem,
1309 3247 1432 3291 necesse
1454 3215 1549 3289 habes

256 3334 354 3394 lacere
382 3331 412 3391 bi
440 3350 528 3410 ques:
567 3333 614 3392 ‘si
647 3350 736 3411 ques
774 3333 942 3392 homines
975 3340 1073 3400 sunt,
1109 3349 1199 3410 quos
1227 3330 1393 3392 delectat
1419 3329 1549 3411 populi

256 3433 408 3494 Romani
429 3441 534 3510 gesta
558 3432 799 3507 discribere’,
829 3435 853 3494 si
877 3452 949 3512 ques
972 3434 1109 3494 bomines
1131 3451 1187 3512 pro
1211 3451 1246 3493 eo
1269 3432 1348 3510 qued
1372 3440 1417 3494 est
1439 3434 1464 3493 si
1486 3434 1547 3512 qui.

257 3543 286 3596 et
317 3537 395 3595 iuste
428 3534 591 3595 secundum
625 3534 772 3612 regulam:
809 3535 952 3596 ablativus
981 3537 1059 3595 enim
1088 3537 1098 3595 i
1127 3536 1300 3596 terminatus
1337 3536 1589 3596 nominativumao

257 3635 401 3717 pluralem
428 3654 546 3715 semper
573 3638 604 3696 in
634 3655 665 3696 es
693 3639 796 3706 mittit,
825 3639 918 3716 puppi
940 3656 1069 3717 puppes,
1099 3635 1167 3714 agili
1186 3636 1291 3715 agiles,
1318 3635 1404 3696 docili
1428 3636 1549 3698 dociles.

257 3741 300 3799 sie
328 3740 353 3798 si
381 3738 490 3797 dixeris
518 3757 533 3798 a
564 3740 628 3817 qui,
661 3736 692 3797 bi
719 3757 792 3817 ques
820 3740 876 3799 erit
904 3740 1082 3799 nominativo
1105 3737 1224 3817 plurali,
1256 3756 1311 3798 nec
1332 3745 1430 3818 potest
1452 3736 1547 3799 aliter.

259 3857 330 3916 ergo
359 3857 429 3898 ecce
457 3838 548 3915 babes
576 3842 751 3918 pronomina
780 3842 944 3902 crescentia
967 3859 1021 3920 per
1049 3859 1153 3908 casus;
1184 3837 1187 3919 l
1219 3859 1296 3900 nuuc
1326 3840 1475 3902 videamus
1497 3841 1548 3901 de-

258 3942 431 4002 crescentio.

329 4163 341 4212 1
359 4163 392 4210 ιιι
411 4162 471 4211 dicit
488 4176 626 4227 prenomen
645 4162 699 4211 AB
717 4163 753 4211 ait
772 4166 950 4226 pronomenC
1034 4162 1050 4213 :t
1069 4163 1183 4213 idemne
1202 4164 1269 4212 idem
1284 4163 1356 4214 BOu
1375 4165 1442 4215 idem
1461 4174 1499 4214 est
1518 4179 1549 4214 nn
1568 4158 1574 4168 ⁶

255 4233 323 4281 idern
341 4234 365 4280 A
435 4232 532 4281 ddieit
549 4248 595 4283 om
614 4232 634 4283 0
703 4231 886 4297 dSnllustius]
912 4234 967 4299 Iup.
988 4246 1014 4284 c.
1029 4234 1080 4284 201
1152 4233 1229 4284 8bie
1247 4230 1325 4297 illius]
1349 4237 1428 4300 Verp.
1450 4234 1517 4287 Aen,
1540 4236 1548 4283 l

259 4301 292 4354 16
361 4298 481 4367 llsolus]
507 4304 586 4367 Verp.
602 4303 667 4353 ..den
688 4302 781 4352 111122
852 4303 996 4354 buiccerv:
1017 4303 1100 4353 bleA
1174 4305 1206 4354 1-1
1228 4304 1425 4354 suntnliaAG
1491 4305 1549 4368 sor

258 4369 616 4436 tarvenoubabentnquuos
636 4387 720 4431 casus,
740 4373 823 4423 idest
842 4374 978 4424 nonmodo
1050 4375 1081 4424 15
1099 4373 1306 4456 perdantABC
1375 4374 1549 4426 retrahentes

258 4441 311 4492 Ac
381 4442 411 4492 17
432 4456 488 4489 esse
506 4458 552 4494 om.
573 4444 606 4500 A,
620 4443 680 4492 add.
695 4459 724 4493 a:
741 4443 856 4504 sortasse
875 4459 930 4493 nam
950 4450 1032 4509 petest
1050 4453 1075 4493 et
1093 4446 1149 4508 quis
1169 4445 1254 4507 etqui
1274 4459 1332 4493 esse
1403 4447 1442 4496 sic
1458 4445 1550 4495 dieitur

257 4529 275 4562 a
289 4512 311 4562 si
324 4512 417 4563 dicitur
430 4511 454 4559 A
465 4510 486 4561 0
499 4512 564 4561 aient
581 4513 673 4562 dicitur
689 4512 713 4560 B
781 4512 815 4564 23
832 4516 869 4564 sic
887 4518 909 4564 ai
928 4515 1067 4563 dixerimus
1080 4515 1105 4565 B
1120 4515 1157 4564 sic
1171 4513 1310 4563 dixerimus
1331 4516 1351 4565 C
1369 4516 1390 4565 si
1408 4516 1550 4565 dixerimus

258 4583 284 4633 A
352 4585 385 4633 24
403 4581 441 4632 sic
455 4581 476 4629 si
496 4582 592 4632 dixeris
611 4583 668 4632 AB
686 4583 722 4632 sie
741 4583 822 4648 (corr.
843 4586 864 4635 si
882 4585 909 4648 c)
928 4584 1070 4634 dixerint)
1138 4583 1173 4634 26
1194 4584 1267 4647 quies
1285 4599 1353 4638 corr,
1374 4585 1483 4649 quesO

258 4662 283 4703 et
301 4653 410 4704 ablativo
425 4668 472 4705 om.
492 4651 577 4702 ABG
662 4651 696 4703 28
720 4653 742 4702 si
766 4651 840 4720 ques]
861 4655 921 4705 Cato
940 4669 1040 4719 quoque
1058 4655 1169 4722 origines
1188 4654 1226 4703 sie
1241 4653 1352 4719 inchoat,
1373 4657 1394 4705 si
1411 4670 1474 4718 ques
1491 4664 1550 4704 sunt

257 4739 375 4790 homines
393 4741 468 4805 Serp.
492 4742 563 4805 eoepl,
580 4744 605 4790 tn
623 4741 690 4793 θοι.
703 4756 731 4803 p.
749 4740 809 4802 502,
834 4744 864 4792 17
935 4740 1023 4807 pepuli
1043 4742 1092 4794 ,lt
1114 4750 1187 4807 gesto
1203 4741 1228 4792 B
1246 4742 1335 4807 populi
1356 4741 1551 4808 ,ibgestasG

258 4810 345 4875 populi
364 4811 496 4876 respondit
514 4821 588 4877 gesta
603 4811 628 4859 A
641 4812 728 4875 pepuli
745 4826 785 4861 res
804 4822 890 4879 gestos
904 4810 938 4862 a*
990 4810 1024 4862 29
1037 4811 1189 4862 disseribere
1205 4811 1228 4860 B
1280 4811 1313 4862 32
1332 4813 1368 4863 aie
1384 4818 1466 4873 (corr.
1484 4812 1506 4861 si
1524 4812 1549 4874 c)

260 4880 356 4931 dixeris
375 4881 396 4931 0
465 4881 537 4931 aliter
556 4897 601 4935 em,
623 4883 655 4944 A,
670 4882 730 4931 ovid.
749 4899 766 4932 a
