3346 5498
659 393 894 456 COMMENTVM
1362 390 1426 456 255

1242 499 1401 554 puto—tut.

129 585 210 644 inter
239 588 358 641 centum
388 579 628 650 iiiascivitates,
659 597 731 657 quas
758 579 899 660 tegimus,
929 581 1023 642 inisse
1051 598 1140 642 unam
1165 581 1326 650 civitatem,
1351 598 1426 659 quae

130 684 188 743 boc
211 685 332 745 nomine
354 681 535 761 appellatur,
558 683 655 743 Creta.
685 682 792 743 exinde
814 683 923 744 iactum
940 692 985 745 est
1000 690 1033 743 ut
1049 683 1161 743 diceret
1182 683 1309 743 ‘Creta
1331 681 1427 741 iovis

130 787 281 864 magni',
304 802 364 844 non
387 785 552 862 respiciens
574 784 611 844 ad
634 785 829 863 provinciam,
852 783 904 845 sed
928 786 1092 863 respiciens
1114 784 1150 845 ad
1174 785 1329 844 civitatem.
1374 781 1426 843 sed

128 887 199 947 ideo
220 889 253 948 in
276 904 410 947 errorem
433 887 511 945 venit
533 887 587 946 ista
610 888 700 956 ratio,
724 888 865 966 quoniam
886 885 1098 965 homonymum
1122 893 1181 955 est,
1204 885 1234 946 id
1259 892 1303 945 est
1323 882 1426 945 simili·

101 988 267 1049 ⁵tudiuem
290 986 380 1047 habet
402 989 538 1049 nominis.

216 1088 290 1151 iilud
311 1097 458 1169 superest:
483 1108 543 1151 nou
566 1088 725 1159 debemus,
749 1090 837 1161 dicit,
861 1077 1094 1171 prdepositiones
1116 1091 1239 1168 iungere
1261 1086 1425 1157 adverbiis;
1441 1101 1498 1161 416,
1514 1101 1545 1149 ιε

128 1191 183 1254 sed
205 1191 348 1270 legimus,
372 1193 421 1252 ait.
464 1193 614 1253 videamus
636 1194 691 1253 ἰειε
718 1211 792 1272 quae
815 1191 996 1265 istasunt,
1019 1200 1090 1272 puta
1112 1190 1247 1252 desubito
1270 1190 1426 1250 desursum
1439 1171 1525 1230 440’7

130 1293 240 1354 exinde
262 1294 403 1372 deinceps
427 1300 455 1353 et
477 1295 576 1354 nescio
599 1313 675 1374 quae
698 1294 777 1357 ιεΙίε.
823 1295 879 1356 ista
904 1293 907 1374 ι
935 1313 1006 1373 ergo
1029 1294 1100 1374 quid
1123 1293 1265 1354 dicimus?
1289 1310 1359 1352 ecce
1380 1294 1426 1351 iu·

130 1398 266 1457 venimus
292 1395 435 1476 plurimam
465 1395 549 1464 dicit,
581 1413 639 1456 non
668 1405 736 1457 sunt
758 1399 834 1457 vitia.
879 1415 971 1476 quare
993 1415 1054 1457 nou
1076 1404 1146 1457 sunt
1167 1396 1252 1456 vitia?
1288 1395 1426 1474 quoniam

88 1510 116 1550 1⁰
131 1515 193 1558 una
214 1516 284 1576 pars
306 1498 447 1558 orationis
470 1500 622 1576 conposita
646 1505 705 1567 est,
731 1517 789 1560 non
813 1505 882 1560 sunt
898 1499 974 1560 duae
998 1506 1095 1578 partes
1117 1499 1268 1559 orationis
1300 1498 1325 1557 si
1348 1495 1427 1555 dice·

129 1617 181 1660 res
209 1600 264 1659 ‘dx
288 1598 356 1659 inde
378 1598 428 1659 iiie
452 1601 556 1670 venit’,
586 1619 619 1659 re
647 1618 715 1661 vera
744 1600 945 1662 soloecismus
972 1609 1050 1670 crat,
1081 1614 1170 1680 quem
1199 1598 1235 1659 ad
1259 1597 1379 1659 modum
1401 1597 1428 1657 si

130 1700 269 1789 dicamus·
287 1700 342 1761 ‘dc
365 1718 452 1761 mane
474 1700 525 1761 ille
547 1704 656 1763 venit’.
700 1709 833 1763 ceterum
857 1703 946 1764 modo
970 1703 1076 1763 exinde
1098 1701 1155 1762 tale
1178 1710 1223 1761 εει
1244 1718 1278 1760 εε
1300 1701 1324 1759 si
1346 1698 1428 1759 dicas

129 1802 215 1864 iude:
246 1805 305 1864 iarn
333 1822 393 1864 non
421 1803 558 1864 videntur
585 1804 662 1864 duae
690 1811 790 1883 partes
817 1823 883 1865 csse
913 1806 1069 1872 orationis,
1099 1802 1150 1863 sed
1180 1821 1238 1864 una
1266 1786 1426 1880 conposita.

130 1921 192 1982 quo
214 1904 320 1964 modo?
353 1923 412 1965 non
442 1913 486 1964 est
513 1905 549 1965 de
578 1904 692 1966 duabus
719 1904 854 1985 partibus
883 1908 1007 1976 iactum,
1038 1905 1089 1965 sed
1113 1923 1263 1984 unapars
1286 1903 1428 1964 orationis

87 2019 116 2059 1⁵
130 2006 295 2085 conposita.
333 2015 402 2085 puta
426 2007 564 2067 ‘curator
586 2026 671 2068 meus
694 2016 738 2068 est
759 2009 833 2068 iste’
856 2007 933 2068 hene
955 2007 1037 2077 dico;
1061 2010 1255 2087 ‘procurator
1277 2023 1361 2066 meus
1383 2011 1429 2064 est

131 2109 216 2177 iste',
245 2115 274 2168 et
301 2108 358 2169 hoc
386 2106 464 2168 hene
493 2107 569 2168 dieo.
615 2109 661 2169 sae
690 2114 761 2189 ‘pro
789 2117 909 2171 curator
938 2128 1022 2172 meus
1050 2118 1096 2171 est
1122 2111 1206 2180 iste’,
1236 2116 1265 2168 et
1289 2125 1347 2168 non
1371 2114 1429 2167 stat

131 2210 278 2279 elocutio,
307 2210 446 2289 quonium
474 2228 528 2289 pro
563 2219 697 2290 separata
726 2213 785 2272 iarn
818 2213 998 2290 praepositio
1032 2219 1085 2271 est.
1130 2209 1292 2271 debueram
1327 2207 1428 2267 dicere

11 2375 24 2382 ,
128 2315 326 2391 ‘procurator
359 2330 444 2372 meus
476 2319 520 2372 est
552 2314 634 2374 iste'.
671 2312 711 2394 [si
744 2314 925 2393 praepositio
953 2321 1052 2374 autem
1085 2314 1233 2391 iungitur,
1265 2314 1304 2372 ita
1338 2308 1428 2369 debui

130 2413 246 2483 dicere,
270 2426 447 2492 procurator
469 2433 554 2476 meus
577 2423 622 2475 est
643 2416 714 2485 iste,
743 2411 810 2496 sed]
843 2417 980 2493 quoniam
1003 2417 1046 2476 sic
1068 2417 1169 2494 posui,
1193 2421 1227 2474 ut
1247 2403 1335 2474 unam
1357 2429 1427 2490 par·

30 2589 44 2595 -
86 2524 191 2576 sotem
214 2516 430 2593 significarem,
460 2534 520 2576 nou
548 2516 685 2577 videntur
712 2519 771 2577 iarn
800 2515 876 2579 duae
903 2524 1002 2596 partes
1024 2519 1168 2578 orationis
1191 2533 1269 2584 esse,
1294 2512 1346 2574 sed
1369 2530 1428 2574 una

131 2619 296 2697 conposita.
317 2686 320 2691 ,
340 2620 578 2697 praepositiones
601 2620 680 2678 enim
703 2618 821 2698 quando
844 2620 874 2679 in
897 2621 1090 2680 conexiouem
1114 2620 1249 2686 veniunt,
1279 2633 1338 2676 non
1361 2623 1429 2675 sunt

131 2720 217 2799 quasi
246 2718 321 2779 duae
349 2726 463 2798 partes,
489 2719 544 2780 ‘sed
575 2721 657 2798 quasi
685 2720 854 2782 membrum
882 2722 974 2800 ipsius
1001 2719 1094 2800 partis
1128 2723 1173 2781 eui
1208 2720 1429 2795 coniunguntur

130 2823 214 2901 ipsae
236 2822 482 2900 praepositiones.
515 2828 544 2881 et
567 2822 647 2883 unde
670 2821 868 2901 intellegimus
888 2824 1027 2900 quoniam
1049 2841 1107 2883 una
1123 2840 1192 2900 pars
1208 2829 1252 2882 est
1267 2819 1428 2881 orationis?

130 2922 216 2992 hinc,
241 2923 319 3002 qued
342 2941 433 2983 unum
456 2933 610 2984 accentum
634 2923 733 2986 habet.
778 2927 803 2986 si
826 2924 943 2986 diceres
966 2924 1021 2985 ‘dd
1045 2924 1113 2985 inde
1135 2926 1230 2985 renit’
1255 2924 1353 3002 (nemo
1375 2940 1427 2981 ou·

87 3034 192 3085 ntem
221 3024 278 3084 iioc
309 3023 404 3104 dicit),
428 3027 453 3085 si
484 3025 600 3087 diceres
627 3026 681 3087 ‘e'x
710 3026 779 3087 inde
806 3027 903 3086 venit'
928 3026 1025 3104 (nemo
1055 3034 1152 3088 autem
1181 3025 1237 3086 hoe
1265 3024 1351 3091 dicit,
1375 3020 1426 3082 sed

131 3125 257 3186 ‘deinde
280 3128 387 3195 venu’,
418 3126 544 3187 ‘exinde
565 3129 689 3206 venit’)‚
713 3130 738 3188 si
760 3127 811 3188 illo
835 3128 922 3188 modo
944 3128 1076 3196 diceres,
1105 3128 1163 3188 duo
1186 3127 1358 3188 riderentur
1379 3143 1428 3184 ac·

130 3236 251 3297 centus,
283 3236 314 3287 ut
338 3227 506 3308 sepa1ratim
536 3228 650 3290 diceres
673 3228 709 3290 de'
740 3230 816 3290 inde.
864 3249 923 3290 non
946 3236 1044 3290 autem
1067 3231 1110 3290 sic
1132 3236 1216 3309 potes
1237 3228 1352 3295 dicere,
1375 3224 1426 3285 sed

131 3347 220 3391 uuam
250 3335 365 3408 partem
395 3329 482 3417 iacis,
512 3331 591 3392 uude
620 3341 743 3411 apparet
771 3333 911 3409 quoniam
934 3349 1011 3391 unus
1034 3322 1175 3392 accentus
1197 3338 1251 3390 est.
1295 3344 1367 3406 ergo
1389 3325 1428 3385 ob

131 3431 209 3492 hanc
236 3449 373 3499 causam,
404 3434 543 3508 quoniam
572 3431 627 3493 sub
658 3452 716 3492 uno
745 3438 868 3494 accentu
896 3434 1102 3510 coniungitur,
1131 3431 1247 3492 videtur
1273 3447 1330 3491 una
1359 3446 1429 3508 pars

91 3547 198 3593 adesse
231 3534 385 3594 orationis.
430 3533 519 3612 plane
551 3533 588 3594 de
621 3534 669 3595 itia
704 3554 751 3604 re,
785 3554 803 3595 ε
830 3552 931 3604 mane,
960 3533 1049 3596 aridio
1077 3533 1235 3613 pterosque
1262 3533 1305 3592 sic
1333 3519 1546 3608 loquum-nto

130 3637 260 3714 iungunt
286 3636 536 3715 praepositionem
566 3634 721 3706 advectum
751 3654 840 3697 nemo
869 3635 942 3696 dicit
969 3654 985 3696 a
1013 3653 1108 3696 mane.
1156 3638 1182 3696 si
1209 3642 1306 3695 autem
1329 3632 1429 3693 dicere

131 3735 261 3798 volueris
290 3755 306 3797 a
333 3755 434 3804 mane,
465 3744 581 3797 mutare
610 3736 700 3798 habes
729 3756 845 3807 casum,
876 3746 906 3799 et
934 3737 1034 3799 dicere
1056 3736 1148 3798 habes
1170 3738 1259 3797 mani.
1304 3734 1430 3813 legimus

131 3841 211 3899 enim
240 3839 317 3918 apud
347 3837 481 3899 Plautum
511 3843 543 3899 ‘a
574 3842 669 3900 mani
697 3859 812 3919 usque
840 3840 881 3900 ad
902 3837 1134 3920 'vesperum'.
1178 3849 1207 3901 et
1234 3856 1292 3919 qua
1313 3838 1429 3898 ratione

131 3942 254 4000 mutavit
276 3941 395 4001 cusum?
419 3939 481 4000 noli
503 3949 607 4020 putare
623 3960 676 4021 per
691 3943 875 4021 inperitiam
899 3943 972 4022 quin
995 3944 1086 4003 humo
1101 3943 1159 4003 hoc
1175 3940 1338 4022 prudenter
1360 3941 1431 4000 iecit

91 4055 118 4097 so
131 4048 163 4101 et
184 4040 281 4102 docte.
312 4044 439 4103 maiores
462 4044 554 4102 nostri
576 4043 633 4103 hoc
656 4045 752 4122 ipsum
775 4062 862 4105 mane
883 4043 1041 4105 voluerunt
1061 4043 1173 4105 habere
1195 4061 1305 4122 genus:
1330 4040 1429 4102 ‘dum

131 4161 236 4205 mane
259 4147 418 4205 noruro’.
464 4144 607 4206 ‘norum'
630 4164 724 4223 genus
747 4155 801 4207 est.
833 4145 977 4225 numquid
999 4153 1098 4226 potest
1120 4164 1214 4225 genus
1236 4144 1356 4222 adiungi
1379 4143 1429 4204 ad·

200 4396 323 4464 uersu}
346 4401 425 4464 Verp.
445 4400 510 4453 Aen,
527 4400 560 4448 lii
581 4396 630 4449 104
720 4400 737 4452 6
756 4397 971 4467 praepositiones]
995 4401 1129 4466 conposito
1146 4402 1232 4454 ABG
1311 4399 1328 4449 8
1345 4398 1430 4448 εεεείο

131 4483 182 4530 qun
200 4469 262 4519 tuiis
282 4469 367 4520 Α-ΒΘ
382 4470 470 4519 neseio
489 4479 582 4533 quinutu
599 4470 649 4518 ntia
666 4466 700 4519 a*
773 4471 804 4521 12
824 4472 873 4520 tute
889 4472 921 4520 sit
939 4486 968 4520 sc
983 4472 1064 4522 ABG
1136 4473 1339 4523 laceratores
1358 4483 1429 4517 meus

133 4541 181 4588 iste
199 4539 288 4590 ABG
368 4549 517 4604 procurator
531 4548 568 4590 est
585 4540 732 4591 isteABC
816 4540 848 4591 18
867 4542 889 4591 εἰ
908 4542 1067 4608 praepositio
1083 4552 1166 4592 autem
1185 4538 1389 4606 iungitanGa
1407 4537 1429 4585 si

131 4610 334 4675 praepositiones
353 4620 436 4658 autern
456 4612 594 4675 iunguntur
611 4610 635 4658 Α
689 4611 722 4661 19
737 4611 782 4660 sed
795 4624 842 4663 om.
859 4611 892 4670 Α,
911 4611 972 4660 add.
986 4626 1003 4658 a
1055 4614 1089 4662 24
1105 4611 1165 4661 hinc
1183 4610 1249 4674 quod
1266 4611 1287 4660 Θ
1304 4609 1345 4657 hic
1362 4607 1430 4670 quod

131 4679 180 4728 Ba
202 4678 407 4741 hiequandoA
457 4682 490 4730 27
511 4678 665 4745 potestAC
732 4679 902 4731 32εεεεεΘ
970 4680 1132 4731 haheemani
1151 4680 1361 4731 Bhnbesmaue
1380 4676 1433 4728 Ao

131 4747 210 4798 hebes
229 4763 245 4797 ε
261 4749 330 4797 mani
350 4765 375 4806 a,
390 4750 438 4798 sed
455 4750 541 4800 deletis
559 4751 650 4799 litteris
668 4758 722 4799 cet
740 4751 748 4798 i
802 4750 835 4800 33
854 4751 921 4799 enim
941 4766 987 4804 om.
1002 4751 1041 4810 A,
1058 4753 1121 4805 odd.
1142 4768 1159 4799 a
1212 4749 1279 4814 apud
1298 4743 1427 4814 Pioutum]

132 4817 246 4871 Mostelt.
267 4819 303 4868 ill
321 4819 477 4882 eduum
496 4821 541 4879 u.)
560 4819 594 4882 cs.
611 4833 690 4882 snpra
703 4836 729 4884 p.
748 4820 783 4872 8⁸
799 4821 838 4871 ed.
858 4821 936 4873 Lind.
1008 4823 1109 4872 amnui
1128 4820 1204 4870 Bae
1224 4818 1403 4868 maneAO·

132 4885 166 4940 33
184 4886 257 4954 dum]
283 4888 362 4954 Verp.
381 4904 469 4954 peorp.
486 4890 519 4939 iu
538 4888 589 4940 325
