3346 5498
240 376 282 443 36
800 376 975 439 otnooulr

267 502 288 542 p.
303 487 436 529 morter.

242 578 365 648 nepotes
394 577 424 627 ct
451 575 677 645 consumptores
700 564 824 624 dicimus
847 571 876 624 et
900 564 1025 633 adimes,
1055 572 1086 623 ut
1109 565 1202 624 aciem
1224 562 1377 624 oculorum
1406 561 1532 622 dicimus

123 681 228 744 atam
242 679 272 731 et
293 671 441 730 exercitus
464 667 551 748 [haec
575 675 698 747 utraque
721 665 919 726 declinatione
946 664 1129 744 flectuntur]
1166 700 1208 709 -
1244 667 1338 726 Sunt
1366 667 1445 724 alio
1474 683 1532 740 sy·

241 789 418 847 noopma:
454 769 527 830 lraec
555 770 702 830 contraria
731 776 800 828 suut
827 767 1028 846 homonymis,
1058 785 1124 826 cum
1146 786 1203 827 una
1226 786 1276 828 res
1299 765 1391 827 multa
1414 767 1533 826 nomina

195 884 228 932 23
244 874 341 934 habet.
366 906 401 918 -—
426 871 701 950 Patronymica:
725 871 782 928 ista
804 888 864 930 raon
887 868 982 930 solum
999 888 1014 928 a
1031 868 1167 947 patribus
1182 868 1384 948 appellantur,
1400 866 1453 928 sed
1469 875 1499 927 et
1517 885 1547 927 a·

240 970 384 1036 matribus
407 972 452 1032 vel
475 974 550 1042 aris,
573 980 606 1033 ut
627 970 781 1033 Aeacides:
811 971 1035 1049 patronymicon
1059 979 1117 1055 est,
1147 971 1217 1031 dum
1240 970 1353 1031 abavo
1375 968 1560 1048 perhibeo-⁶

242 1087 300 1139 tur.
345 1095 402 1154 quo
431 1073 520 1134 modo
548 1072 644 1151 trihus
667 1072 762 1132 modis
785 1081 894 1132 exeunt
915 1071 1093 1140 masculina,
1122 1072 1165 1133 sic
1189 1071 1284 1133 tribus
1307 1071 1402 1132 modis
1426 1079 1535 1132 exeunt

240 1180 395 1245 feminina,
433 1183 466 1237 ut
487 1174 601 1235 Peleias
623 1177 739 1236 Atreias
761 1175 898 1243 Nereias,
936 1175 979 1235 sic
1007 1175 1076 1235 item
1099 1174 1196 1235 Atreis
1218 1173 1312 1234 Peleis
1335 1173 1453 1243 Nereis,
1491 1175 1535 1234 sic

195 1291 228 1340 26
240 1283 342 1344 Atrine
363 1279 464 1339 Peliae
487 1277 611 1345 Nerine,
635 1284 667 1336 ut
689 1275 835 1353 Vergilius
858 1277 1015 1337 ‘Nerine
1038 1274 1217 1336 Galatea'.
1239 1313 1280 1320 -
1303 1276 1345 1334 Vt
1367 1274 1533 1336 Atrides:

194 1392 227 1442 28
240 1385 317 1444 trina
339 1379 455 1459 regula,
486 1388 519 1439 ut
540 1377 659 1439 Atrides
681 1380 797 1438 Atreius
819 1380 949 1439 Atreion.
978 1411 1019 1420 -
1042 1379 1083 1436 Vt
1106 1376 1260 1437 Nerine:
1291 1378 1392 1439 Atrine
1415 1376 1534 1446 Nerine,

240 1493 273 1545 ut
294 1483 448 1544 ‘Nerine
476 1479 659 1548 Galatea’,
690 1479 743 1556 [ita
767 1488 797 1539 ct
819 1478 953 1558 Galatea]
978 1480 1017 1537 ita
1041 1486 1071 1538 et
1093 1479 1209 1539 Nereia.
1232 1514 1272 1520 -
1296 1479 1408 1539 Ctetica
1430 1479 1574 1540 dicun-¹⁰

175 1617 176 1621 ,
241 1595 288 1647 tur
312 1581 317 1665 1
342 1601 417 1661 quae
446 1580 706 1643 coniunctionibus
727 1582 872 1659 gaudent,
901 1581 959 1640 hoc
986 1580 1131 1659 estquod
1155 1579 1218 1640 aliis
1240 1580 1417 1660 copulantur
1440 1582 1534 1642 nomi-

140 1687 342 1759 arceamus,
367 1687 446 1746 sicut
474 1682 608 1761 exempla
631 1683 747 1752 docent.
777 1718 810 1726 -
836 1684 946 1742 tltetica
976 1682 1115 1742 dicuntur
1143 1684 1310 1760 possessiva
1341 1717 1378 1726 —
1408 1682 1535 1744 Mediam

239 1789 482 1868 significationem
506 1785 631 1854 hahent,
662 1787 729 1864 quia
755 1792 784 1844 et
806 1786 969 1845 exercitum
993 1801 1132 1861 magnum
1156 1783 1282 1845 dicimus
1306 1792 1335 1844 et
1358 1786 1468 1853 virum;
1492 1787 1535 1845 sic

241 1900 269 1951 et
291 1891 408 1951 lortem.
454 1906 530 1965 quae
558 1907 573 1948 a
603 1887 690 1946 nohis
719 1887 832 1947 mediae
855 1888 1079 1963 significationis
1102 1886 1259 1956 dicuntur,
1288 1888 1449 1948 aGraecis
1472 1890 1534 1966 epi·

213 1993 318 2053 ttiaeta
349 1997 496 2051 vocantur.
532 2024 572 2034 -
607 1990 680 2050 Cum
718 1987 844 2048 dicimus
872 1988 1039 2050 Euandrius
1066 1987 1176 2058 Pallas,
1211 1991 1445 2070 patronymicum
1475 1996 1574 2058 est;¹⁵

121 2109 180 2167 aaa,
194 2107 227 2156 23
240 2097 332 2162 ensis,
363 2093 571 2171 possessivum.
604 2123 646 2134 ·—-
680 2089 717 2149 Et
744 2109 758 2150 a
789 2099 882 2150 matre
911 2091 950 2150 ita
978 2091 1052 2148 liunt
1081 2091 1298 2169 patronymica,
1333 2098 1365 2152 ut
1386 2091 1534 2170 Vergilius

239 2201 294 2257 ‘et
315 2195 404 2255 lnoo
426 2191 678 2260 Melicertae';
703 2193 759 2251 erit
782 2192 978 2252 nominativus
994 2193 1083 2252 loous
1106 2191 1266 2253 Melicerta.
1297 2192 1370 2254 haec
1385 2192 1423 2254 ab
1439 2196 1535 2255 omni·

139 2298 294 2373 mathus
323 2296 456 2375 cognatis
476 2291 489 2377 ΙΙ
510 2294 598 2363 finnt,
628 2311 685 2354 nec
713 2312 729 2353 a
752 2293 906 2354 sororibus
929 2295 1056 2371 penitus.
1079 2293 1224 2366 -Haec
1247 2296 1334 2356 etiam
1357 2293 1533 2356 adiunctira.

238 2435 281 2444 -
302 2396 507 2470 dualitatis
532 2394 581 2476 [ut
596 2396 802 2482 magnanimus
816 2393 944 2475 Aeneas]
970 2404 1008 2456 ut
1030 2395 1161 2456 bonus:
1185 2395 1309 2474 qualitas
1330 2396 1460 2458 trabitur
1480 2416 1536 2477 per

210 2516 352 2571 amores,
380 2500 528 2580 quantitas
556 2517 610 2577 per
639 2483 872 2575 magnitudinem
900 2533 941 2540 -
969 2496 1048 2559 Alia
1071 2500 1209 2576 gentis:
1239 2500 1317 2560 inter
1339 2499 1459 2578 gentilia
1481 2518 1573 2560 noso

240 2606 319 2666 mina
343 2611 372 2663 et
393 2601 595 2681 patronymica
624 2599 682 2659 hoc
709 2600 846 2660 interest:
876 2599 995 2678 gentilia
1019 2602 1137 2660 aomina
1157 2599 1196 2674 la
1220 2602 1380 2680 proviaciis
1403 2604 1534 2673 veniunt,

238 2705 440 2785 patronymica
470 2710 499 2762 et
527 2720 541 2762 a
571 2699 746 2762 civitatibus.
779 2735 822 2744 -—
854 2701 1031 2772 Quantitatis
1060 2701 1094 2762 ad
1124 2721 1295 2765 mensuram
1323 2705 1468 2775 retertur,
1502 2713 1536 2767 ut

211 2806 375 2871 oosteodat
396 2812 526 2886 quantus
548 2805 595 2864 sit.
618 2837 661 2847 -
684 2804 725 2863 Vt
746 2822 853 2864 uaris:
878 2805 996 2864 numeri
1019 2805 1138 2865 nomina
1162 2804 1198 2865 ab
1221 2825 1281 2866 uno
1304 2806 1450 2886 usquead
1472 2816 1534 2868 tres

239 2909 438 2975 declinamus:
476 2925 491 2966 a
513 2905 609 2966 tribus
632 2923 724 2982 usque
747 2905 782 2967 ad
806 2912 925 2966 centum
947 2923 1007 2966 non
1030 2908 1229 2978 decimamus·
1262 2927 1277 2968 a
1301 2918 1419 2970 centum
1441 2927 1535 2987 usque

210 3011 273 3077 aad
297 3008 377 3071 mille
400 3010 592 3070 declinamus.
633 3042 672 3050 —
710 3006 790 3068 inter
818 3009 960 3086 primum
978 3016 1007 3067 et
1034 3011 1166 3087 priorem
1194 3009 1251 3070 hoc
1273 3010 1412 3083 interest:
1450 3013 1573 3092 priora

238 3113 348 3173 dicitur
381 3109 418 3170 de
453 3107 584 3177 duobuS,
617 3110 732 3189 primus
766 3109 802 3169 de
835 3108 950 3179 multis,
984 3112 1062 3171 sicut
1095 3110 1169 3172 alter
1198 3120 1232 3172 ot
1263 3111 1352 3181 alius:
1389 3112 1464 3175 alter
1497 3114 1534 3174 de

209 3214 368 3284 sduohm,
398 3212 471 3273 alius
494 3212 531 3272 dc
554 3209 654 3273 multis
676 3210 792 3271 dicitur.
817 3246 858 3254 —
882 3211 922 3270 Vt
950 3212 992 3272 de
1015 3213 1157 3274 duobus
1187 3212 1274 3294 [haec
1302 3214 1340 3276 ab
1361 3215 1534 3277 auctoribus

238 3293 494 3394 {diripis-sum]
528 3317 691 3375 alteram
724 3314 901 3375 dicimus:
936 3321 969 3373 ut
1002 3315 1128 3394 spondei
1161 3313 1282 3376 alteram
1316 3315 1434 3395 longam
1462 3317 1533 3379 dici·

237 3422 318 3487 mus,
349 3417 386 3477 de
414 3415 515 3477 multis
542 3417 684 3494 primam,
715 3426 746 3477 ut
769 3416 876 3495 dactyli
899 3416 1069 3497 etreliqua.
1098 3452 1139 3460 -
1168 3418 1216 3478 Ad
1243 3418 1387 3496 aliquid
1416 3419 1533 3482 dicta:

240 3519 292 3600 [ad
314 3537 472 3598 personam
495 3516 630 3597 respicit]
654 3519 731 3578 inter
747 3520 790 3578 od
810 3517 920 3598 aliquid
944 3527 973 3578 et
995 3522 1039 3580 od
1059 3519 1167 3599 aliquid
1191 3520 1317 3597 qualiter
1341 3540 1373 3582 se
1395 3520 1572 3584 habentiaoo

237 3620 293 3680 hoe
316 3621 455 3688 interest,
484 3617 562 3698 quod
590 3621 633 3678 od
659 3618 769 3699 aliquid
795 3622 840 3679 ad
865 3637 1022 3699 personam
1052 3623 1188 3700 respicit;
1212 3621 1248 3682 ad
1271 3622 1382 3702 aliquid
1406 3625 1533 3701 qualiter

236 3740 269 3782 se
291 3720 430 3781 trahentia
460 3718 495 3779 ad
525 3718 620 3780 locum
649 3722 786 3799 respicit,
811 3740 870 3781 nou
900 3720 934 3780 ad
964 3740 1123 3801 personam
1148 3722 1266 3804 [dexter
1289 3724 1439 3788 dexterior
1462 3729 1532 3788 sini·

307 3925 368 3976 Cod.
391 3925 471 3974 Bere.
492 3925 526 3974 Vi
551 3923 639 3974 2—3.
737 3927 843 3977 lacios
943 3929 1102 3991 ‘lutrisque
1130 3928 1308 3979 declinationis
1397 3940 1455 3980 suot
1483 3931 1533 3982 alia

237 4009 377 4063 synonyma
398 4011 441 4046 oua
527 3993 704 4060 3omonpmis
792 3993 905 4060 nomina]
932 4010 1067 4062 omonyma
1153 3999 1264 4048 arrabea
1282 4000 1332 4049 ista
1349 4014 1398 4048 non
1418 4000 1499 4050 solum
1516 4017 1532 4050 a

236 4067 351 4133 parribus
368 4064 803 4131 patronymicaappellantorseda
857 4067 997 4117 aeneades
1051 4067 1194 4134 peribeatur
1248 4070 1325 4119 inat
1342 4069 1438 4135 peleias
1454 4073 1533 4121 atrias

306 4135 344 4185 sic
367 4138 427 4184 item
451 4136 512 4184 atris
531 4133 596 4200 pelis
614 4135 682 4185 neria
707 4137 744 4186 sic
767 4136 864 4185 atridae
881 4136 982 4202 pelidae
1000 4139 1103 4188 ueridae
1173 4140 1189 4187 8
1213 4141 1316 4189 :urinae
1344 4140 1445 4206 galatea
1515 4141 1532 4191 9

239 4201 470 4270 AtreiusAtreion]
491 4208 670 4255 atriusatreon
726 4206 814 4257 llalii
832 4207 854 4255 ie
909 4207 1150 4273 lilhabetquioad
1168 4210 1305 4258 exercitum
1361 4210 1392 4261 15
1408 4212 1533 4261 euandios

307 4275 340 4326 16
358 4275 532 4340 possessiuam
605 4275 736 4326 trelino
755 4276 884 4326 melicerte
955 4277 1080 4342 inuusque
1104 4277 1231 4329 melicerta
1301 4279 1533 4332 arachosiorum:

229 4351 231 4355 ’
306 4347 340 4397 23
358 4353 386 4394 ut
401 4341 485 4394 hunus
554 4347 589 4395 24
608 4361 658 4395 non
676 4347 833 4396 declinamus
850 4353 909 4410 post
926 4354 1024 4397 centum
1043 4360 1066 4399 et
1082 4349 1240 4399 declinamus
1256 4358 1316 4412 post
1332 4350 1400 4400 mille
1414 4367 1460 4404 om.

236 4417 270 4467 27
290 4413 362 4482 haec]
384 4413 432 4462 liae
503 4413 658 4465 28alterum
676 4433 721 4467 om.
793 4416 828 4466 29
848 4415 899 4465 mul
917 4433 985 4466 corr.
1003 4420 1038 4470 al.
1057 4435 1124 4468 man.
1146 4420 1231 4469 multis
1301 4419 1336 4470 30
1355 4421 1532 4488 interaliqnid

236 4495 262 4538 et
280 4486 377 4551 aliquid
449 4485 548 4534 abentia
619 4484 651 4535 31
671 4487 739 4548 quod
765 4487 861 4549 aliquid
880 4502 1014 4552 personam
1037 4490 1126 4554 recipit

234 4607 539 4616 ———-——--—-—-——

308 4658 341 4710 10
359 4653 461 4722 Nerine]
486 4659 565 4722 Verp.
579 4657 659 4709 bacol.
680 4659 704 4718 7,
724 4658 756 4707 37
829 4661 859 4710 ll
880 4675 945 4723 quae
964 4661 1184 4711 coniunctionibus
1200 4689 1233 4698 —
1248 4662 1339 4713 doceat
1357 4664 1394 4713 ad
1407 4665 1532 4728 definitio·

237 4744 291 4778 nem
309 4727 471 4791 epitdetoram
489 4731 618 4789 pertinere
638 4731 753 4779 videntur
824 4731 898 4779 liet
918 4727 988 4796 Inoo]
1015 4715 1093 4798 Vdrp.
1111 4747 1198 4797 peorp.
1221 4733 1300 4782 1457
1351 4734 1468 4795 fortasse
1486 4750 1533 4783 nec

235 4798 508 4934 2212]:n2]],]]1m‚p2l
529 4801 702 4863 patronymica
723 4803 899 4864 prmmuota'cus
915 4799 1015 4851 amasae
1038 4804 1137 4853 ridetur
1159 4818 1223 4867 praue
1242 4804 1339 4869 patriae
1358 4806 1462 4854 nomina
1481 4807 1533 4856 Do·
