3346 5498
243 377 307 442 350
788 373 990 436 consulturi

269 501 291 542 p.
305 489 408 528 2031-33
421 486 443 526 Ρ.

244 568 382 630 trilumus
398 565 509 645 plebis,
532 567 627 624 maior
643 571 729 633 uatu;
753 571 802 623 aut
825 565 973 641 posterior
988 582 1057 640 pars
1072 562 1252 630 declinetur,
1277 571 1309 621 ut
1323 562 1532 625 fideicommis-

245 688 323 739 sum,
348 667 548 747 plebiscitum.
593 667 623 725 iu
654 664 804 753 hisquae
832 664 888 723 sub
916 669 1016 742 specie
1044 682 1297 742 quorumcumque
1321 682 1441 724 casuum
1463 683 1533 724 cou-

245 773 339 850 posita
363 778 431 830 scrut
453 768 508 826 lroc
532 767 710 843 regulariter
732 768 861 845 spectari
885 774 1015 845 oportet,
1040 766 1118 845 quocl
1140 784 1175 825 ea
1197 773 1281 844 parte
1304 765 1534 826 vleclinabuntur

245 873 318 933 baec
341 873 474 939 uomina,
497 888 554 948 qua
577 870 755 947 positionem
778 869 853 927 recti
874 864 880 950 Ι
899 886 998 936 casus,
1022 868 1053 927 id
1076 875 1120 927 est
1143 869 1334 936 nominativi,
1358 867 1533 938 habuerint;

245 994 301 1054 qua
325 982 408 1054 parte
438 991 507 1031 vero
536 970 689 1049 oluiquum
717 988 817 1030 casum
846 969 1020 1039 habuerint,
1051 988 1085 1030 ca
1107 978 1191 1049 parte
1215 988 1272 1029 uon
1295 969 1560 1030 declinalruntur.⁵

247 1085 346 1136 cetera
370 1093 439 1133 vero
467 1092 543 1152 quae
572 1075 636 1132 siuc
670 1074 769 1151 specie
804 1074 979 1150 cuiusquam
1011 1091 1098 1132 casus
1130 1073 1347 1150 prioreparte
1382 1074 1534 1151 conposita

246 1185 315 1238 sumt
336 1186 370 1237 ut
391 1175 538 1255 simplicia
561 1172 806 1240 decimabuntur,
832 1179 863 1231 ut
886 1171 988 1252 biceps
1011 1176 1174 1252 municeps.
1218 1182 1373 1253 praeterea
1402 1174 1533 1234 animad-

248 1278 420 1339 vertentium
443 1277 587 1355 estquod
610 1283 680 1335 suut
701 1274 846 1353 ‹pramlam
868 1277 1020 1353 conposita
1043 1279 1176 1345 nomina,
1200 1294 1327 1355 quorum
1349 1277 1457 1354 positio
1480 1277 1534 1335 ali·

246 1390 293 1442 ter
322 1384 351 1440 iu
375 1379 534 1456 singulari,
564 1377 651 1438 aliter
674 1379 704 1435 iu
728 1376 837 1454 plurali
860 1394 984 1436 numero
1006 1377 1186 1447 declinatur,
1218 1387 1249 1438 ut
1271 1377 1320 1438 hic
1342 1383 1426 1456 pater
1448 1378 1534 1437 lami·

246 1485 301 1543 lias
324 1491 354 1542 ol
376 1482 406 1541 lri
429 1478 691 1559 patresfamiliae.
737 1478 898 1538 cavendum
929 1498 999 1537 saue
1028 1486 1073 1538 est
1102 1498 1139 1539 ne
1169 1488 1219 1540 aut
1241 1481 1393 1559 conposita
1415 1482 1573 1540 uomiua1⁰

246 1601 446 1663 coupouamus
469 1589 518 1641 aut
540 1600 615 1661 quae
639 1582 764 1658 conponi
789 1599 847 1640 urm
869 1587 1009 1658 possunt,
1033 1584 1166 1659 vpraruvis
1182 1582 1301 1660 quivlam
1325 1581 1425 1641 (licant
1446 1584 1535 1642 ctiam

246 1704 281 1744 ex
305 1683 441 1763 pluribus
463 1682 600 1762 partibus
623 1700 709 1760 posse
733 1685 873 1760 «vnqvam,
898 1691 930 1740 ιιι
951 1682 1192 1761 inexpugnabilis
1216 1685 1437 1762 inperterritus.
1467 1691 1535 1743 sumt

247 1789 337 1847 etiam
359 1786 511 1864 plerique,
541 1787 592 1863 qui
621 1803 656 1843 ex
679 1801 786 1860 graeco
808 1792 838 1842 et
860 1784 953 1844 latino
976 1792 1080 1862 putant.
1103 1804 1188 1863 posse
1211 1787 1352 1864 conponi,
1378 1792 1410 1846 ut
1432 1786 1535 1865 opricli·

248 1891 330 1948 nium
353 1887 530 1966 epiraclium.

130 2006 188 2066 377,
205 2004 235 2053 15
332 1991 424 2049 Casus
452 1991 603 2048 nominum
631 1994 700 2044 suut
723 2005 791 2054 sex,
822 1988 1019 2047 nominativus
1042 1990 1190 2065 genitivus
1213 1989 1329 2048 (latirus
1351 1990 1536 2048 accusativus
1551 2001 1575 2039 ¹⁵

248 2093 398 2151 vocativus
436 2090 591 2150 ablativus.
637 2107 723 2146 casus
752 2096 811 2157 cst,
848 2098 878 2148 ut
907 2090 1013 2149 Graeci
1042 2091 1202 2159 tlossuiuut,
1237 2092 1365 2151 nominis
1393 2090 1536 2169 quaedam

248 2195 360 2272 positio
382 2192 442 2257 vel,
472 2200 505 2251 ιιι
534 2191 599 2258 alii,
630 2193 821 2250 cornumtatio
843 2191 965 2251 ultimae
988 2192 1118 2270 syllabae
1142 2195 1172 2252 iu
1196 2195 1323 2252 nomine.
1370 2211 1436 2252 uam
1464 2212 1536 2271 quo-

250 2297 328 2354 niam
358 2313 447 2353 urium
476 2292 613 2371 quovlque
642 2306 749 2351 raomeu
779 2295 950 2369 varietatem
981 2296 1137 2372 positionis
1165 2297 1262 2353 sexies
1290 2296 1457 2373 experitur,
1482 2293 1537 2354 liae

249 2397 412 2475 positiones
440 2402 470 2453 ct
497 2395 743 2453 ctrrrmrutatioucs
771 2394 905 2454 oirrsvlem
938 2397 1066 2455 nominis
1100 2414 1186 2455 casus
1218 2396 1414 2474 appellantur.
1459 2396 1536 2455 arride

249 2499 403 2577 quaeritur
426 2516 440 2555 a
464 2496 631 2574 plerisque,
655 2514 724 2553 uum
741 2497 953 2563 irorninativus,
970 2487 1028 2574 ¹qui
1046 2496 1212 2557 alisolutum
1229 2497 1368 2576 quitlclam
1391 2500 1537 2574 siguilicat
1551 2509 1577 2547 ²0

250 2609 279 2658 et
302 2599 427 2658 naturali
452 2600 564 2657 vatione
588 2599 702 2675 primus
725 2596 866 2665 liabetur,
891 2616 977 2658 casus
994 2601 1121 2658 uoruiuis
1137 2598 1244 2659 debeat
1260 2599 1421 2679 appellari,
1444 2602 1537 2678 siqui·

250 2701 316 2761 clem
340 2700 418 2760 uulla
442 2701 500 2760 alia
522 2701 562 2758 sit
584 2701 680 2777 prima
703 2701 831 2757 uomiuis
847 2701 969 2777 positio,
994 2720 1009 2759 a
1030 2701 1263 2784 quaviurliuatus
1278 2710 1327 2761 aut
1344 2707 1539 2761 commutatus

250 2805 299 2864 sit.
344 2810 459 2861 eeteros
488 2820 557 2860 vero
587 2807 666 2859 recte
690 2819 776 2859 casus
805 2801 949 2879 appellavi
971 2802 1117 2870 dicemus,
1147 2802 1224 2881 qumi
1254 2822 1269 2862 a
1293 2805 1389 2881 prirua
1412 2805 1539 2863 uomiuis

251 2906 397 2984 positione
420 2906 495 2963 lacta
519 2904 713 2962 inclinatimre
736 2910 896 2962 mutentur.
928 2903 978 2961 secl
1002 2912 1100 2963 turrieu
1125 2906 1288 2963 rectissima
1312 2907 1427 2964 ratione
1449 2907 1538 2965 etiam

251 3010 347 3086 ipsum
370 3008 582 3066 contractuum
605 3023 705 3063 casum
728 3004 787 3063 clici
811 3005 931 3083 placuit.
976 3007 1086 3084 quiippe
1110 3005 1252 3085 ploraque
1276 3025 1376 3067 rerum
1399 3025 1465 3066 cum
1488 3006 1538 3065 avl·
1552 3018 1577 3055 2⁵

252 3110 308 3168 lure
332 3128 389 3167 uon
412 3113 496 3174 suut,
522 3108 579 3165 iam
602 3116 700 3165 tamen
724 3109 874 3166 nominum
898 3106 1095 3185 appellatione
1118 3110 1249 3175 censeri,
1272 3116 1304 3167 ut
1324 3128 1391 3168 rum
1414 3108 1540 3167 dicimus

251 3209 415 3287 ‘templum
438 3209 637 3275 aedilicatur',
661 3207 738 3286 quml
755 3210 857 3286 utique
874 3208 1002 3267 rrornlum
1024 3209 1165 3286 templum
1189 3216 1250 3279 est;
1274 3213 1317 3268 sic
1341 3212 1431 3286 igitur
1453 3211 1539 3269 istam

252 3312 378 3390 primam
401 3313 578 3388 positionem
602 3312 744 3377 norninis,
775 3309 805 3368 iu
829 3319 873 3368 est
896 3312 1123 3379 nominativum,
1153 3311 1298 3390 appellari
1321 3330 1420 3371 casum
1443 3330 1538 3389 posse,

251 3414 328 3492 qmu
346 3415 439 3490 possit
455 3413 561 3472 eavlcvo
577 3421 606 3470 cl
623 3415 652 3471 iu
669 3412 757 3503 aliam
774 3412 998 3473 inclinationem
1022 3413 1064 3471 vis
1087 3415 1175 3490 positi
1200 3415 1328 3473 uoruinis
1351 3414 1538 3472 cvvurmulari.

252 3515 296 3574 vel
321 3523 401 3573 certe
425 3533 510 3592 posse
534 3532 600 3572 euru
624 3533 678 3592 per
701 3514 1012 3573 cataclrrosin‘casum
1040 3514 1195 3593 appellari.
1241 3515 1284 3574 vel
1309 3522 1389 3574 certe
1412 3534 1479 3574 cum
1503 3514 1578 3573 aaa

252 3615 457 3694 expolicauclaur
485 3614 565 3674 illam
595 3617 768 3674 varietatem
798 3617 927 3674 murrinis
950 3634 1001 3673 sex
1026 3616 1248 3676 inclinationum
1272 3613 1391 3698 lilgurae
1414 3599 1539 3694 opereb-

252 3726 314 3784 tur,
344 3723 373 3774 ot
402 3735 459 3774 uua
488 3734 621 3793 quaeque
651 3718 681 3775 iu
710 3734 763 3774 suo
792 3724 868 3775 statu
899 3736 957 3793 «pro
980 3725 1024 3776 est
1047 3736 1130 3777 suam
1153 3718 1270 3797 plenam
1293 3719 1539 3794 significationem

253 3815 372 3885 lrabeat,
399 3825 535 3894 respectu
559 3824 657 3876 autom
681 3816 802 3875 altmius
825 3819 1053 3892 siguilioatiouis
1076 3820 1217 3879 iucliuata
1233 3821 1380 3888 vivleatur,
1405 3828 1465 3880 tam
1488 3839 1540 3879 uo·

254 3919 412 3977 miuativus
442 3927 578 3996 respectu
607 3926 788 3983 ceterorum,
818 3937 905 3995 quam
934 3922 1027 3978 ceteri
1060 3930 1197 3999 respectu
1220 3925 1285 3981 eius
1308 3931 1336 3980 et
1359 3922 1438 3981 velut
1462 3925 1541 3982 inter

253 4037 284 4076 se
315 4018 499 4094 intellegitur
532 4021 669 4079 varietati
703 4022 916 4080 enuntiationis
950 4020 1104 4082 obnoxius.
1149 4042 1224 4101 quae
1259 4025 1334 4082 ratio
1367 4022 1414 4082 lus
1447 4025 1579 4099 magis³⁵

323 4219 585 4284 ltribuuusplebiB
636 4223 718 4283 aqua
731 4223 941 4286 compositionem
956 4223 1019 4273 ΒΜ
1070 4226 1352 4290 licuiusquamom.B
1402 4227 1542 4290 posteriore

255 4299 326 4354 parte
344 4289 409 4338 BM
481 4292 497 4338 8
515 4307 621 4352 quorum
641 4293 791 4356 compositio
810 4292 920 4342 Clemens
990 4297 1020 4345 11
1041 4311 1115 4357 ιμιιιιιι
1135 4297 1191 4360 (uis
1207 4297 1269 4346 add.
1286 4297 1320 4356 m)
1339 4297 1423 4345 dicant
1442 4296 1473 4343 M

256 4359 286 4411 13
301 4359 345 4423 qui
361 4367 385 4408 ct
403 4375 495 4424 graeco
515 4362 548 4409 M
564 4363 606 4424 qui
626 4363 700 4410 etiam
717 4377 732 4410 a
747 4378 839 4426 graeco
854 4363 878 4411 B
931 4365 1067 4428 epicliuum
1079 4367 1125 4417 M:
1145 4375 1187 4415 aut
1201 4382 1232 4415 ex
1249 4377 1334 4415 nostro
1353 4376 1377 4414 et
1395 4367 1540 4431 peregrino,

254 4440 281 4479 ut
299 4429 446 4489 biclinium,
467 4439 510 4478 arat
523 4442 619 4490 coaua,
639 4442 665 4481 ut
683 4433 822 4497 epitogium
835 4444 859 4481 et
872 4434 996 4495 anticato,
1015 4444 1058 4482 aut
1074 4452 1107 4484 ex
1122 4437 1221 4485 tluobus
1237 4437 1387 4501 peregrinis,
1402 4442 1429 4483 ut
1441 4435 1542 4499 epirhe-

255 4503 325 4550 dium
338 4500 439 4560 Quintil.
455 4501 465 4548 l
483 4501 508 4563 5,
523 4502 556 4551 118
614 4503 645 4551 15
665 4503 744 4552 Casus
763 4527 795 4537 —
813 4502 874 4564 351,
895 4503 926 4552 17
947 4513 1056 4552 remotus
1073 4515 1111 4554 est
1129 4508 1207 4555 Diona.
1221 4523 1250 4570 p.
1267 4505 1327 4563 301,
1344 4504 1379 4555 32
1393 4531 1425 4539 -
1437 4520 1464 4568 p.
1479 4503 1541 4567 302,

254 4569 383 4621 rotaria.
401 4586 428 4634 p.
449 4570 508 4633 154,
527 4569 619 4621 6-11
678 4572 709 4623 18
727 4586 818 4621 nomen
837 4588 883 4637 per
902 4574 1048 4622 uarietatem
1065 4575 1095 4622 M
1153 4577 1186 4624 22
1205 4576 1338 4624 inclinatus
1357 4584 1432 4638 atque
1451 4577 1542 4623 immu-

254 4651 321 4689 tatus
341 4638 366 4686 B
432 4640 466 4689 23
485 4640 597 4689 dicemus
614 4641 785 4704 quiaprima
799 4642 832 4691 M
849 4643 957 4691 dicimus
973 4645 1039 4704 quod
1058 4647 1141 4710 primu
1160 4647 1184 4695 B
1243 4646 1277 4694 25
1292 4646 1475 4694 nominativum
1493 4659 1539 4696 our.

254 4710 318 4759 ΒΜ
386 4711 420 4762 26
443 4720 577 4760 censemur
597 4710 629 4758 M
697 4712 731 4763 30
750 4711 899 4761 crrtuolrrisin
919 4712 943 4760 B
961 4715 1094 4764 eatacrisin
1119 4714 1150 4762 M
1219 4716 1258 4763 uel
1284 4726 1350 4763 certe
1369 4714 1437 4775 quod
1459 4714 1491 4762 ad
1510 4714 1542 4762 M

255 4789 322 4828 certo
347 4795 402 4828 curu
429 4780 460 4828 acl
479 4780 504 4828 Β
574 4779 605 4829 31
627 4780 695 4829 illam
711 4797 757 4832 om,
774 4783 806 4831 M
872 4781 906 4831 32
924 4780 1024 4846 plenam
1045 4784 1256 4851 significationem
1273 4799 1344 4833 suam
1365 4782 1398 4831 M
1465 4784 1542 4835 aaa

255 4861 300 4897 ora.
318 4848 352 4897 M
412 4848 445 4898 35
464 4847 623 4914 intellegatur
641 4850 673 4898 M
742 4854 861 4900 uarietate
875 4851 900 4899 B
