3346 5498
268 373 332 439 394
810 374 1015 439 CONSENTll

293 499 314 540 p.
328 487 402 525 rs-rr
415 483 440 523 Β.
1420 496 1438 524 c.
1453 486 1486 524 11.
1499 485 1532 524 ra.

267 584 319 626 sua
342 563 491 626 similibus
506 566 587 625 vitiis
602 567 756 625 materiam
777 572 938 646 praestant.
969 581 1040 642 ergo
1062 565 1132 624 fient
1155 563 1332 624 barbarismi
1354 565 1442 625 huius
1466 564 1557 634 modi,

267 687 334 728 cum
357 676 406 729 aut
428 669 569 747 pinguius
591 667 703 746 aliquid
726 675 775 728 aut
799 667 906 727 exilius
929 666 1061 736 sonabit,
1085 685 1173 747 quam
1196 669 1273 727 ratio
1296 666 1419 728 Romani
1441 686 1557 728 sermo·
1596 741 1601 750 ι

266 772 314 830 nis
337 773 485 849 exposcit,
509 787 568 830 non
590 771 621 828 in
644 770 716 830 solis
738 771 804 830 istis
830 768 929 829 tribus
951 769 1075 839 litteriS,
1104 768 1156 829 sed
1184 777 1214 829 et
1236 771 1267 829 in
1290 770 1356 830 aliis
1379 768 1559 849 quibusdam

270 870 356 952 [est].
401 892 493 953 quare
516 873 586 932 hina
609 891 724 952 quoque
747 891 841 952 pauca
865 856 1008 932 dicemus.

351 974 555 1054 liptacismum
585 975 701 1044 dicunt,
730 992 796 1035 cum
825 976 856 1034 in
884 974 1015 1036 dictione
1043 974 1155 1053 aliquid
1184 976 1227 1034 sic
1255 976 1404 1035 incuriose
1434 978 1587 1054 punitura

265 1078 358 1138 vocali
374 1086 518 1158 sequente
539 1096 568 1136 m
584 1076 729 1147 litteram,
753 1083 800 1146 ut,
824 1095 861 1137 an
876 1077 913 1137 ad
929 1079 1059 1156 priorem
1083 1077 1231 1155 pertineat
1253 1095 1289 1137 an
1312 1077 1348 1136 ad
1372 1085 1557 1156 sequentem,

268 1182 414 1240 incertum
437 1183 490 1250 sit,
515 1181 593 1240 sicut
616 1179 790 1259 plerumque
806 1181 917 1258 passim
938 1180 1100 1258 loquuntur
1121 1169 1272 1239 ‘dixeram
1294 1179 1355 1239 illis
1363 1182 1383 1248 ’,
1407 1179 1558 1258 ‘speciem

265 1285 369 1352 aceti',
393 1283 519 1342 ‘taciem
535 1283 661 1342 biacis’.
691 1281 780 1342 buius
803 1283 869 1341 vitii
892 1280 1056 1342 remedium
1079 1289 1123 1342 est
1145 1284 1284 1361 primum,
1309 1289 1350 1350 ut,
1373 1285 1489 1360 quoties
1512 1285 1558 1342 sic

265 1392 362 1455 sonat,
392 1403 461 1464 pars
491 1386 635 1445 orationis
663 1383 761 1464 aliqua
790 1380 998 1463 interponatur
1026 1401 1085 1443 non
1114 1403 1129 1444 a
1157 1384 1251 1444 vocali
1281 1386 1444 1463 iucipiens,
1474 1390 1507 1443 ut
1530 1387 1559 1444 si

264 1487 337 1547 haec
360 1489 423 1567 ipsa
452 1485 611 1546 emendare
634 1485 772 1556 velimuS,
802 1486 952 1546 ‘dixeram
974 1492 1044 1546 tunc
1066 1485 1154 1555 illis’,
1184 1487 1333 1564 ‘speciem
1356 1485 1425 1546 boni
1449 1488 1600 1556 aceti',1⁰

264 1590 392 1650 ‘faciem
421 1590 549 1648 furentis
573 1590 698 1648 Aiacis’.
743 1591 928 1649 iotacismum
958 1588 1060 1648 dicunt
1088 1589 1191 1647 vitium
1214 1588 1292 1667 quod
1314 1606 1369 1668 per
1391 1590 1401 1648 i
1424 1588 1558 1649 litteram

264 1691 311 1751 rel
338 1693 479 1771 pinguius
509 1692 555 1751 vel
584 1691 690 1750 exilius
718 1691 863 1770 prolatam
885 1692 927 1751 iit.
973 1690 1050 1750 Galli
1077 1691 1217 1769 pinguius
1246 1691 1321 1750 banc
1349 1697 1487 1761 utuntur,
1523 1700 1558 1752 ut

264 1812 332 1853 cum
360 1794 463 1853 dicunt
489 1796 545 1863 ite,
575 1813 634 1854 non
664 1813 805 1873 expresse
834 1797 929 1874 ipsam
957 1794 1156 1873 proterentes,
1187 1792 1237 1853 sed
1262 1796 1341 1853 inter
1363 1813 1378 1852 e
1402 1801 1432 1853 et
1453 1796 1464 1853 i
1486 1795 1556 1872 pin-

264 1897 399 1973 guiorem
429 1914 533 1956 sonum
562 1898 663 1956 nescio
692 1915 780 1975 quem
807 1904 961 1974 ponentes.
1007 1895 1113 1955 Graeci
1144 1895 1251 1955 exilius
1284 1895 1360 1956 banc
1388 1896 1556 1975 proterunt,

265 1998 336 2059 adeo
360 1993 367 2081 l
390 2000 574 2077 expressioni
604 2001 670 2058 eius
697 2001 779 2060 tenui
808 1999 974 2068 studentes,
1004 2006 1050 2067 ut,
1082 1999 1108 2057 si
1130 1998 1230 2057 diram
1252 2000 1313 2067 ius,
1338 1997 1599 2077 aliquantulumm

265 2100 301 2160 de
324 2102 419 2180 priori
441 2100 540 2161 littera
564 2102 608 2160 sic
629 2101 798 2179 proterant,
823 2108 854 2160 ut
877 2101 977 2160 videas
1001 2099 1179 2178 disyllabum
1202 2118 1267 2160 esse
1290 2100 1409 2160 lartum.
1447 2098 1556 2160 Roma·

263 2221 319 2263 nae
347 2201 465 2280 linguae
495 2205 525 2262 in
555 2202 610 2262 boc
639 2204 695 2263 erit
724 2203 901 2274 moderatio,
931 2210 964 2261 ut
993 2201 1080 2261 exilis
1108 2204 1173 2262 eius
1195 2221 1286 2261 sonus
1308 2205 1360 2271 sit,
1384 2202 1437 2262 ubi
1460 2202 1496 2263 ab
1521 2222 1556 2263 ea

263 2304 386 2365 verbum
410 2306 531 2384 incipit,
556 2313 588 2365 ut
611 2307 667 2374 ito,
692 2314 741 2366 aut
763 2307 917 2386 pinguior,
940 2303 993 2364 ubi
1015 2306 1045 2363 in
1069 2322 1104 2364 ea
1120 2304 1230 2365 desinit
1246 2305 1383 2375 verbum,
1407 2312 1439 2364 ut
1462 2304 1555 2365 babui

262 2410 360 2477 tenui;
384 2407 514 2467 medium
530 2408 676 2486 quendam
693 2427 797 2467 sonum
814 2411 892 2466 inter
915 2414 983 2470 eet
1006 2408 1016 2465 i
1038 2404 1141 2475 halect,
1166 2406 1218 2466 ubi
1240 2409 1269 2466 in
1292 2409 1391 2468 medio
1415 2425 1553 2467 sermone

263 2520 323 2581 est,
347 2519 379 2570 ut
401 2510 561 2569 bominem.
606 2510 679 2569 mibi
703 2517 800 2570 tamen
824 2510 950 2579 videtur,
974 2508 1093 2588 quando
1115 2510 1258 2587 producta
1280 2519 1339 2579 est,
1363 2510 1481 2590 plenior
1506 2510 1554 2570 vel
1569 2526 1597 2565 ao

263 2615 378 2675 acutior
400 2632 480 2683 esse;
510 2612 627 2692 quando
655 2622 754 2673 autem
781 2612 881 2673 brevis
910 2619 969 2682 est,
1001 2610 1131 2671 medium
1160 2631 1264 2672 sonum
1287 2612 1428 2672 exhibere
1453 2611 1553 2683 debet,

262 2720 339 2778 sicut
362 2715 464 2776 eadem
487 2715 638 2794 exempla,
662 2733 738 2794 quae
760 2717 856 2794 posita
879 2722 962 2782 sunt,
985 2722 1107 2792 possunt
1132 2713 1293 2774 declarare.
1338 2714 1552 2775 labdacismum

264 2821 367 2879 vitium
392 2821 421 2878 in
445 2837 479 2877 eo
502 2837 567 2877 esse
591 2818 708 2887 dicunt,
732 2817 809 2896 quod
826 2817 928 2876 eadem
945 2815 1044 2876 littera
1060 2816 1105 2875 vel
1122 2817 1263 2877 subtilius
1279 2835 1298 2875 a
1313 2816 1489 2896 quibusdam
1506 2817 1554 2877 rel

263 2924 405 3001 pinguius
427 2921 569 2980 ecfertur.
607 2928 637 2979 et
659 2939 692 2979 re
716 2938 783 2978 vera
807 2919 983 2979 alterutrum
1006 2920 1110 2978 vitium
1133 2919 1311 2998 quibusdam
1333 2919 1472 2997 gentibus
1496 2926 1553 2979 est.

261 3044 329 3085 nam
358 3043 427 3084 ecce
451 3023 557 3084 Graeci
586 3021 737 3083 subtiliter
765 3022 843 3081 bunc
866 3040 971 3081 sonum
994 3021 1130 3082 eilerunt.
1176 3022 1228 3081 ubi
1251 3025 1331 3082 enim
1354 3023 1456 3083 dieunt
1480 3022 1553 3082 ‘ille
1568 3037 1596 3078 as

261 3126 335 3188 mibi
357 3126 432 3187 dixit
441 3131 460 3195 ',
484 3128 528 3185 sic
551 3132 656 3185 sonant
679 3124 754 3184 duae
777 3123 797 3183 ll
820 3125 935 3202 primae
958 3122 1102 3203 syllabae,
1126 3126 1209 3204 quasi
1232 3144 1286 3204 per
1308 3144 1398 3185 unrrm
1420 3125 1430 3184 l
1452 3142 1554 3185 sermo

261 3232 325 3309 ipse
349 3231 500 3290 consistat.
547 3237 649 3288 contra
673 3227 725 3289 alii
748 3229 790 3286 sic
812 3228 1006 3305 pronuntiant
1029 3226 1097 3286 ‘ille
1119 3246 1216 3287 meum
1237 3229 1394 3288 comitatus
1415 3235 1459 3286 est
1475 3229 1553 3287 iter’

261 3341 290 3393 et
313 3333 416 3392 ‘illum
440 3350 494 3409 ego
516 3350 571 3410 per
594 3331 725 3391 flammas
747 3331 873 3408 eripui',
897 3337 929 3389 ut
951 3328 1062 3408 aliquid
1086 3329 1147 3389 illic
1170 3332 1233 3390 soni
1256 3333 1344 3391 etiam
1361 3334 1553 3392 consonantis

263 3438 437 3496 ammiscere
460 3433 631 3503 videantm,
655 3433 733 3513 quod
756 3434 970 3511 pinguissimae
993 3431 1169 3510 prolationis
1197 3441 1251 3493 est.
1298 3432 1427 3493 Romana
1449 3433 1553 3511 lingua

260 3538 498 3599 emendationem
526 3536 615 3596 babet
642 3538 673 3595 in
702 3535 757 3594 boc
780 3553 896 3613 quinque
927 3534 1129 3594 distinctione.
1175 3554 1242 3596 nam
1264 3534 1375 3596 alicubi
1399 3538 1595 3614 pinguius,ao

261 3639 371 3700 alieubi
396 3639 484 3699 debet
507 3639 615 3698 exilius
637 3638 783 3717 prolerri;
807 3637 961 3716 pinguius,
986 3654 1052 3695 cum
1075 3637 1120 3697 vel
1144 3636 1335 3717 bsequium,
1365 3647 1396 3698 ut
1418 3641 1450 3697 in
1473 3637 1552 3709 albo,

260 3742 305 3801 vel
329 3761 359 3812 o,
383 3752 415 3802 ut
437 3744 467 3800 in
491 3741 631 3820 pulchro,
656 3741 701 3800 rel
724 3740 750 3808 l,
775 3741 859 3798 utin
884 3737 999 3808 aderas,
1024 3740 1069 3799 vel
1091 3759 1123 3818 g,
1153 3749 1185 3799 ut
1213 3744 1244 3800 iu
1274 3741 1351 3816 alga,
1382 3740 1427 3800 vel
1449 3757 1494 3808 m,
1518 3749 1553 3801 ut

261 3844 264 3925 l
289 3846 320 3902 in
343 3843 497 3923 pulmone,
527 3842 572 3902 vel
594 3862 628 3922 p,
660 3853 691 3900 ut
720 3843 750 3899 in
778 3840 910 3919 scalpro;
940 3842 1048 3901 exilius
1077 3851 1176 3903 autem
1197 3843 1375 3921 proterenda
1399 3849 1458 3912 est,
1483 3841 1552 3901 ubi·
1612 3835 1619 3846 ’

259 3964 384 4024 cumque
408 3945 444 4005 ab
468 3964 502 4004 ea
525 3944 648 4004 verbum
672 3945 793 4021 incipit,
817 3951 851 4002 ut
874 3945 903 4001 in
927 3942 1027 4022 lepore
1051 3944 1117 4006 lana
1140 3945 1223 4025 lupo,
1249 3945 1292 4004 vel
1317 3945 1367 4004 ubi
1390 3947 1422 4003 in
1445 3943 1553 4005 eodem

259 4046 350 4106 verbo
377 4057 406 4106 et
434 4051 517 4125 prior
544 4045 655 4125 syllaba
683 4048 713 4105 in
742 4045 797 4105 bac
824 4046 942 4116 finitur,
974 4055 1003 4106 et
1031 4066 1158 4126 sequens
1181 4048 1218 4107 ab
1241 4068 1274 4107 ea
1299 4048 1420 4124 incipit,
1444 4054 1476 4106 ut
1497 4045 1551 4106 ille
1567 4060 1593 4101 sa

259 4159 287 4209 et
311 4148 395 4209 Allia.

347 4322 359 4370 l
380 4322 520 4385 ergalium
540 4348 571 4356 —
592 4322 676 4371 sonuit
694 4323 816 4372 Clemens:
835 4336 895 4388 ergo
914 4322 974 4371 fient
994 4324 1142 4372 barbarismi
1162 4322 1307 4371 huiusmodi
1326 4338 1376 4370 uon
1392 4324 1415 4370 in
1436 4322 1497 4371 solis
1517 4349 1551 4360 -

259 4391 420 4455 quibusdam,
435 4406 492 4438 cum
509 4400 553 4439 aut
568 4419 599 4425 —
618 4395 740 4458 exposcit.
757 4409 834 4455 qraare
854 4395 1014 4443 Heinricbius
1032 4395 1102 4455 apud
1120 4395 1291 4443 Buttmannum
1343 4389 1450 4457 tiarati]
1473 4394 1550 4443 arieti

259 4461 292 4510 M
360 4458 631 4525 marcennacum
700 4464 730 4513 ll
748 4464 864 4514 furientis
880 4463 910 4511 M
982 4465 1012 4513 12
1025 4465 1150 4527 prolatum
1170 4465 1202 4513 sit
1221 4464 1252 4512 M
1322 4463 1353 4513 13
1367 4463 1504 4512 relerentes
1519 4466 1551 4513 M

329 4532 361 4582 16
377 4532 507 4597 proterunt
526 4543 552 4580 ut
567 4532 639 4581 uides
656 4535 686 4584 M
745 4537 777 4585 18
791 4546 834 4582 aut
850 4535 953 4600 pingior
968 4532 1000 4580 M
1054 4536 1086 4582 ¹22
1102 4534 1275 4583 lautacismum
1292 4535 1323 4581 M
1375 4535 1501 4585 23aoat.
1519 4535 1551 4582 M

327 4603 359 4652 25
377 4598 430 4668 ubi]
452 4613 479 4649 ut
498 4602 531 4651 M
587 4604 619 4651 27
639 4606 801 4668 pronuntiant
818 4614 843 4652 ut
863 4607 903 4654 ille
920 4605 953 4654 M
1010 4604 1043 4652 28
1060 4605 1154 4666 aliquid
1175 4607 1182 4652 i
1201 4605 1297 4652 litterae
1317 4605 1372 4652 soni
1392 4604 1465 4652 etiam
1486 4618 1550 4652 eon—

258 4673 357 4720 sonunti
378 4673 548 4722 Buttmannus.
569 4678 621 4722 eius
641 4682 721 4723 tuanen
741 4677 952 4738 pronuntiationis
970 4689 1018 4723 noa
1041 4676 1181 4725 mentionem
1202 4676 1318 4737 fecerunt
1335 4676 1489 4736 grammatici
1507 4677 1553 4740 qui

258 4741 290 4791 de
302 4742 477 4792 lambdacismo
488 4746 645 4806 scripserant
698 4748 846 4795 consonanti
862 4746 892 4794 M
945 4744 978 4793 29
997 4758 1114 4792 romanae
1127 4745 1228 4810 linguae
1242 4746 1440 4793 emendationem
1455 4744 1553 4793 babent

258 4812 284 4858 in
303 4811 350 4860 boc
366 4812 412 4861 M:
431 4813 537 4862 Romani
555 4814 688 4865 Cramerur
758 4817 790 4866 31
812 4826 837 4863 ut
858 4816 916 4863 albo
936 4814 975 4862 uel
996 4830 1009 4862 e
1027 4815 1051 4861 in
1072 4814 1177 4877 pulchro
1194 4815 1225 4862 M
1295 4814 1327 4864 32
1347 4817 1429 4879 algam
1449 4814 1477 4862 M

257 4879 290 4930 33
310 4883 335 4929 in
353 4883 438 4945 scalpe
455 4885 584 4949 adscripto
602 4888 626 4934 in
640 4901 718 4951 marg,
741 4886 824 4951 scalpo
842 4885 873 4934 M
