3346 5498
227 336 291 400 264
797 335 950 398 ΡΟΜΡΕΙΙ

253 460 275 501 p.
288 448 378 489 arc—rs
391 446 414 486 t.

227 539 287 590 tam
310 527 360 588 diu
382 534 452 588 suut
472 526 637 606 participia,
661 542 749 604 quam
772 522 823 585 diu
845 542 905 585 non
926 525 1076 603 recipiunt
1097 524 1356 605 conparationem
1384 543 1452 587 cum
1473 542 1521 586 ro·

229 631 372 711 ceperint,
396 630 472 689 liunt
493 629 623 689 nomina.
667 629 809 688 incensus
830 627 1023 708 praeteritum
1045 634 1163 707 tempus
1186 635 1245 696 est;
1274 634 1415 709 acceptus
1435 647 1521 710 prae·

230 735 349 796 teritum
377 738 496 812 tempus
523 738 579 790 εει.
624 747 696 808 ergo
725 737 864 809 acceptus
893 736 923 789 et
944 730 1084 791 incensus
1106 730 1226 791 nomina
1248 738 1328 791 sunt
1373 732 1523 812 acceptior

230 819 260 897 εὶ
281 835 446 903 incensior,
474 832 533 894 iam
561 849 621 893 non
650 851 667 892 a
688 832 853 912 participiis
876 839 941 893 orta
962 839 1031 893 sunt
1051 832 1126 894 haec
1148 832 1222 902 duo,
1250 831 1302 893 sed
1326 839 1394 894 orta
1415 840 1524 897 sunto

231 939 359 999 nomine.
1536 948 1549 991 s

314 1038 378 1100 Hoc
399 1037 480 1117 quod
503 1036 575 1098 dicit
603 1034 664 1097 noli
690 1034 734 1096 illi
762 1036 901 1097 credere:
931 1035 1003 1098 dicit
1029 1020 1167 1098 adverbia
1195 1035 1232 1098 de
1256 1053 1289 1096 se
1312 1035 1412 1097 lacere
1433 1038 1525 1118 perti·

231 1143 307 1223 cipia
331 1139 379 1221 [ut
401 1151 447 1201 est
468 1137 635 1200 scribenter
662 1135 822 1218 legenter}
866 1155 927 1198 non
955 1145 1001 1199 est
1026 1156 1146 1207 verum,
1174 1137 1226 1199 scd
1256 1145 1328 1200 tunc
1355 1137 1414 1200 hoc
1441 1139 1528 1202 nobis

231 1251 357 1325 possunt
378 1248 532 1323 praestare
553 1238 709 1316 adverbia,
736 1241 873 1319 quotiens
894 1239 1007 1302 ducunt
1036 1242 1181 1319 originem
1203 1258 1220 1301 a
1242 1241 1421 1321 participiis,
1451 1259 1529 1320 quae

231 1346 386 1427 partitipia
409 1345 556 1422 originem
578 1342 690 1403 ducunt
712 1361 729 1402 a
752 1343 881 1402 nomine.
917 1348 949 1402 ut
970 1343 1049 1422 siqui
1071 1342 1150 1403 dicat
1170 1338 1386 1423 indulgenlter:
1408 1342 1529 1425 qnando

233 1448 300 1509 dico
321 1445 521 1525 indulgenter,
544 1462 604 1504 non
627 1443 729 1505 videor
751 1445 897 1523 originem
920 1443 1039 1507 duxisse
1062 1444 1149 1506 lruius
1171 1442 1304 1505 adverbii
1329 1443 1367 1506 ah
1390 1464 1426 1507 eo
1448 1446 1566 1528 quodie

234 1557 280 1611 est
300 1547 472 1626 indulgens,
499 1545 599 1607 id'est
626 1565 643 1608 a
665 1547 837 1627 participio,
868 1544 921 1606 sed
944 1564 962 1606 a
984 1547 1113 1609 nomine.
1160 1565 1227 1608 narn
1257 1548 1364 1628 recipit
1385 1565 1530 1629 conpara·

233 1653 354 1721 tionem,
377 1648 587 1728 indulgentior.
633 1654 663 1708 et
685 1657 718 1709 ut
740 1649 816 1709 scias
837 1665 942 1709 verum
965 1666 1046 1719 esse,
1070 1666 1180 1729 quaere
1202 1650 1408 1729 participium,
1431 1650 1532 1714 idest

233 1772 297 1814 rem
321 1770 381 1813 non
409 1752 603 1830 recipientem
626 1752 883 1831 conparationem,
908 1749 984 1811 aude
1007 1750 1078 1812 inde
1099 1750 1199 1812 lacere
1222 1749 1403 1813 adverbium.
1449 1753 1532 1815 unde

236 1863 360 1935 apparet
381 1855 523 1934 quoniam
546 1872 606 1914 non
629 1852 765 1914 ducimus
787 1851 925 1914 adverbia
949 1852 1005 1912 nisi
1028 1872 1044 1914 n
1066 1854 1187 1914 nomine
1208 1850 1313 1933 [orta].
1344 1852 1424 1915 unde
1445 1873 1532 1917 error

237 1964 284 2018 εει
305 1957 447 2036 quoniam
469 1956 506 2017 de
528 1955 692 2035 participiis
714 1962 877 2016 nascuntur
900 1953 1048 2016 adverbia.
1545 1968 1570 2011 ιε

705 2125 754 2187 DE
777 2123 1055 2187 coulvuuutoun

139 2268 228 2332 418‚4
324 2246 497 2307 Coniunctio
520 2253 563 2306 est
586 2264 656 2325 pars
678 2246 822 2307 orationis
844 2245 930 2315 dicta,
954 2244 1033 2324 quod
1047 2246 1209 2323 coniungat
1224 2244 1432 2308 elocutionem.
1464 2266 1535 2311 nam

121 2338 180 2401 515,
194 2337 307 2410 3‘lideo
330 2347 407 2409 dicta
431 2348 612 2409 coniunctio.
656 2347 831 2409 naturaliter
863 2348 941 2407 enim
964 2356 1065 2409 nostra
1094 2347 1189 2408 oratio
1217 2346 1363 2408 dissidens
1385 2357 1416 2409 et
1437 2348 1536 2413 soluta

240 2458 293 2521 est,
318 2469 373 2511 nec
395 2457 493 2530 potest
514 2450 545 2509 in
568 2450 762 2510 conexionenr
785 2450 886 2509 venire
908 2451 966 2510 nisi
987 2450 1171 2529 interpositis
1192 2448 1249 2511 illis
1263 2448 1427 2531 particulis.
1459 2469 1537 2530 quae

239 2550 402 2632 particulae
433 2553 459 2613 si
486 2570 546 2612 non
577 2552 690 2612 luerint
714 2551 923 2629 interpositae,
958 2552 1069 2612 faciunt
1097 2550 1300 2613 soloecismos.
1350 2553 1429 2633 siqui
1457 2553 1576 2617 meatu

240 2655 313 2732 ‘ego
336 2662 368 2715 tu
391 2657 520 2725 enmus’,
545 2672 606 2715 non
629 2661 674 2714 est
701 2652 788 2732 plena
817 2655 872 2713 ista
895 2651 1037 2721 clocutio;
1073 2653 1124 2714 sed
1154 2656 1178 2715 si
1200 2656 1373 2735 interponas
1396 2663 1440 2726 et,
1463 2656 1538 2718 lacis

241 2755 360 2837 plenam
386 2754 599 2824 elocutionem,
632 2755 662 2816 id
691 2763 736 2816 εει
763 2755 836 2816 lacis
865 2747 968 2833 ὑφέν,
1001 2754 1031 2815 id
1061 2765 1106 2816 est
1133 2758 1303 2817 continuam
1326 2757 1536 2821 elocutionem.

242 2866 332 2938 atque
358 2840 428 2919 lruic
454 2860 502 2919 rei
529 2858 698 2919 contrarius
726 2865 772 2919 εει
799 2853 849 2918 ille
882 2864 1000 2936 tropus,
1035 2858 1193 2937 asyndetus
1222 2857 1339 2939 [dicunt
1372 2860 1538 2941 asyndeton

243 2970 362 3040 tropum
384 2957 508 3040 unum];
532 2961 591 3020 iam
614 2958 731 3020 videtur
753 2967 857 3019 contra
880 2960 1119 3021 coniunctionem
1142 2978 1207 3022 esse
1229 2959 1279 3022 hic
1300 2962 1469 3042 asyndetos,

1304 3064 1371 3134 lie,
1550 3075 1574 3119 rt

396 3164 493 3225 lerte
516 3165 583 3225 citi
604 3158 789 3232 flammas,
814 3160 898 3224 date
920 3162 1010 3233 tela,
1035 3162 1212 3243 inpellite
1233 3163 1385 3248 remos!

245 3285 315 3328 ecce
345 3266 402 3328 hoc
430 3266 497 3327 loco
524 3265 604 3328 nulla
634 3266 803 3326 coniunctio
833 3273 892 3341 est,
926 3273 955 3326 et
982 3272 1080 3345 potest
1106 3273 1185 3326 stare
1217 3264 1344 3328 elocutio
1373 3269 1439 3330 sine
1468 3287 1539 3332 con·

244 3370 405 3430 iunctione.
436 3386 507 3447 ergo
529 3375 629 3448 potest
650 3368 715 3428 lieri
737 3366 952 3447 utaliquando
974 3366 1052 3428 desit
1073 3369 1250 3429 coniunctio.
1286 3367 1365 3429 aliud
1388 3378 1435 3432 εει
1450 3371 1540 3435 verba

246 3469 400 3550 copulare,
431 3468 509 3531 aliud
538 3479 583 3532 est
612 3487 733 3531 sensum
762 3450 910 3549 copulare.
962 3468 1052 3531 verba
1086 3471 1151 3531 sine
1178 3471 1388 3533 coniunctione
1417 3475 1540 3537 omnlno

246 3591 313 3633 esse
340 3590 401 3634 non
429 3581 566 3653 possunt,
600 3588 706 3634 sensus
732 3572 796 3631 siue
825 3571 1034 3632 coniunctione
1066 3590 1131 3633 esse
1164 3579 1272 3652 potest.
1322 3573 1440 3652 quando
1473 3575 1576 3639 moon

246 3676 316 3742 tite,
339 3674 415 3736 lerte
437 3676 488 3736 citi
510 3673 653 3742 llammas,
677 3673 745 3734 date
760 3672 826 3743 tela,
850 3672 984 3753 inpellite
1003 3679 1126 3744 renros’,
1150 3673 1252 3736 videor
1275 3674 1364 3737 verba
1386 3695 1447 3738 non
1470 3697 1542 3741 con·

246 3775 385 3852 iungere,
409 3777 462 3838 sed
485 3795 607 3838 sensum
629 3776 819 3853 coniungere.
867 3772 932 3855 [aut
954 3775 1043 3836 verba
1066 3794 1125 3837 non
1149 3777 1316 3858 coniungit,
1344 3779 1397 3840 sed
1418 3798 1542 3844 sensum

248 3877 410 3954 coniungit.
457 3895 515 3938 non
543 3877 632 3939 modo
662 3876 699 3937 de
727 3878 891 3938 conexione
919 3876 1078 3939 verborum
1101 3880 1212 3957 agitur,
1242 3879 1295 3940 sed
1318 3880 1354 3941 de
1376 3883 1544 3946 conexione

248 3975 378 4058 sensus]
412 3997 479 4040 nam
502 3979 609 4057 singuli
631 3997 737 4041 sensus
759 3977 840 4060 pleni
861 3986 943 4040 sunt:
975 3980 1070 4041 ‘icrte
1093 3980 1142 4040 citi
1164 3981 1324 4052 flammas',
1348 3981 1480 4063 inpletus
1501 3995 1546 4047 est

249 4097 369 4149 sensus;
393 4079 474 4140 ‘date
496 4078 575 4152 tela',
598 4080 728 4161 inpletus
751 4087 795 4142 est
810 4100 929 4150 sensus;
952 4081 1097 4162 ‘inpellite
1118 4090 1239 4154 remos',
1263 4084 1393 4165 inpletus
1412 4071 1461 4149 'est
1475 4103 1576 4149 sen-u

249 4200 309 4243 sus.
354 4198 414 4259 quo
436 4190 571 4262 tempore
593 4182 646 4243 tibi
668 4182 738 4243 licet
760 4182 916 4245 detrahere
938 4185 1181 4246 coniunctiones?
1210 4205 1268 4266 quo
1292 4198 1427 4266 tempore
1443 4197 1545 4269 potest

250 4284 315 4345 lieri
337 4290 370 4344 nt
390 4291 506 4345 remoto
528 4283 578 4345 illo
599 4303 688 4346 sensu
711 4293 770 4348 stet
790 4303 896 4347 seusus
917 4287 970 4365 qui
992 4286 1178 4366 relinquitur.
1211 4307 1227 4349 e
1250 4290 1401 4350 contrario
1423 4291 1545 4369 quando

220 4582 223 4586 .
322 4543 411 4594 lcum
424 4542 568 4606 reciperent
586 4540 611 4588 A
664 4540 774 4607 xlidicit
786 4545 930 4604 posteriore
947 4543 1002 4592 loco
1021 4557 1068 4595 om.
1087 4544 1120 4607 A,
1139 4543 1200 4597 odd.
1221 4543 1255 4593 a*
1325 4543 1479 4608 8quotlene
1497 4548 1547 4600 dn-

251 4620 311 4661 cnnt
329 4611 455 4679 originem
470 4626 485 4660 n
503 4610 635 4677 participio
655 4610 742 4676 Alto,
757 4612 842 4662 om.O
925 4610 943 4661 9
960 4613 1093 4678 participia
1111 4615 1136 4663 in
1153 4616 1259 4664 liturae
1335 4613 1368 4667 13
1387 4616 1454 4666 nude
1471 4614 1544 4686 inde]

252 4690 294 4731 aut
309 4682 401 4732 deinde
419 4682 504 4734 ABG
558 4681 592 4731 23
611 4682 748 4745 asyndeton
766 4681 910 4744 (asindetos
928 4680 962 4743 B)
981 4682 1068 4732 dicunt
1086 4685 1199 4733 asindeto
1213 4684 1270 4734 AB
1287 4700 1437 4737 neruomoo
1456 4687 1547 4738 dicunt

252 4753 411 4803 ncrudeteG
479 4753 513 4802 ¹24
530 4766 608 4800 unum
626 4766 673 4802 om.
692 4752 731 4811 Α,
749 4752 809 4801 add.
823 4767 840 4801 α
892 4749 989 4817 atine]
1012 4755 1092 4819 Verp.
1114 4753 1179 4806 Aen.
1199 4753 1311 4807 1111593
1372 4755 1407 4808 26
1425 4757 1546 4824 inpellelo

252 4821 278 4871 A
348 4837 434 4872 remus
457 4838 527 4876 corr.
547 4839 589 4873 -os
607 4820 633 4871 A
703 4819 952 4874 edessenam
