3346 5498
582 343 586 356 ’
670 387 905 449 cunuunrvu
1375 385 1435 451 155

1250 508 1272 549 p.
1285 495 1375 537 11141
1386 494 1408 535 1.

224 577 330 657 Incipit
361 582 489 636 tractare
521 593 569 635 res
598 573 741 635 tenendas
770 574 907 636 omnihus
937 575 1063 646 virihus,
1102 577 1277 656 praesertim
1306 576 1373 652 quia
1406 582 1435 635 et

140 679 292 740 doctiores
314 696 369 738 nos
390 678 504 738 iaciunt
526 685 556 736 et
577 684 728 755 praestant
745 678 965 739 excusationem
982 677 1059 739 male
1080 676 1278 756 loquentibus.
1302 676 1434 755 plerum·

139 798 200 858 que
227 781 371 858 contingit
399 787 432 840 ut
460 796 594 839 erremus
620 780 652 837 in
680 777 820 845 dictione;
853 797 923 857 ergo
946 775 1097 861 praestent
1120 780 1349 840 excusationem.
1394 779 1434 839 ait

139 885 197 951 sic,
221 881 397 963 plerumque
411 881 560 942 invenitur
575 877 713 948 elocutio,
736 886 770 940 ut
792 883 997 962 conparativus
1018 888 1217 963 praeponatur
1240 878 1433 959 superlativo.

113 986 243 1063 entique
271 1003 329 1064 quo
351 981 440 1046 modo
467 983 611 1062 positivus
637 979 787 1061 paululum
811 984 970 1061 significat,
999 983 1204 1062 conparativus
1226 981 1293 1061 plus
1314 1000 1331 1042 a
1354 982 1432 1060 posi·
1518 965 1521 971 ¹

137 1087 214 1157 tivo,
244 1084 441 1165 superlativus
473 1081 540 1163 plus
572 1103 588 1144 a
621 1085 824 1162 conparatho,
860 1087 899 1144 ita
929 1084 1021 1146 debes
1049 1084 1145 1164 loqui,
1180 1092 1211 1143 ut
1237 1082 1434 1163 superlativus

138 1195 340 1268 praeponatur
356 1185 543 1266 conparativo
567 1195 596 1245 et
618 1186 743 1263 positivo
765 1189 981 1264 conparativus,
1007 1205 1043 1246 ne
1066 1186 1208 1265 positivus
1230 1193 1433 1265 praeponatur

140 1290 339 1369 conparativo.
383 1295 428 1348 est
456 1306 472 1347 e
501 1288 650 1347 contrario
677 1295 710 1348 ut
739 1289 946 1366 conparatirus
974 1295 1174 1367 praeponatur
1202 1286 1380 1366 superlativo
1402 1287 1433 1346 iu

139 1389 192 1451 tali
221 1390 405 1456 elocutione,
436 1389 568 1449 ‘doctior
595 1389 697 1467 quovis
720 1388 926 1459 doctissimo'‚
951 1390 1087 1451 ‘stultior
1106 1391 1210 1469 quovis
1231 1388 1432 1458 stultissimo’,

102 1493 166 1552 resi
188 1493 228 1552 ita
251 1492 342 1551 dicas.
369 1488 373 1570 l
397 1491 573 1572 plerumque
596 1492 811 1569 comparativus
834 1493 955 1571 ponitur
971 1499 1059 1552 otest
1080 1493 1238 1570 positivus;
1260 1487 1435 1571 plerumque
1446 1503 1534 1559 tate

142 1595 349 1674 conparatirus
371 1595 493 1671 ponitur
515 1600 545 1653 et
567 1609 623 1652 nec
644 1593 787 1671 positivus
810 1603 862 1654 est.
894 1593 965 1654 duas
988 1612 1037 1655 res
1060 1593 1146 1653 dixit:
1171 1592 1328 1672 aliquando
1351 1594 1433 1672 poni·

139 1703 188 1756 tur
210 1696 431 1774 conparativus,
461 1702 490 1753 et
512 1702 557 1754 est
578 1693 644 1799 loco¹
667 1695 801 1772 positivi;
830 1694 990 1773 aliquando
1018 1696 1138 1775 ponitur
1160 1695 1381 1774 conparativus,
1405 1702 1435 1754 et

141 1814 200 1857 non
228 1796 317 1857 modo
346 1797 551 1875 conparativus
580 1814 639 1856 uon
669 1805 728 1865 est,
759 1796 810 1855 sed
839 1815 894 1857 uec
920 1798 1075 1877 positivus.
1119 1804 1151 1856 ut
1176 1804 1247 1874 puta
1274 1804 1345 1856 sunt
1375 1795 1434 1855 duo

142 1890 289 1978 exempla,
323 1915 414 1958 unum
448 1897 526 1975 apud
554 1896 728 1975 Vergilium,
762 1917 854 1958 nnuvn
887 1898 963 1978 apud
997 1897 1181 1958 Sallustium.
1226 1897 1371 1975 Vergilius
1393 1899 1435 1957 ait

99 2022 127 2064 rs
142 2001 228 2061 ‘iarn
251 2001 378 2060 senior
401 1999 463 2059 sed
488 1998 600 2059 cruda
623 1998 719 2058 deo’.
751 2018 820 2059 ecce
843 2001 931 2060 modo
955 2002 1055 2061 senior
1074 2000 1279 2079 conparativus
1302 2005 1356 2067 est,
1381 1996 1434 2058 sed

141 2120 196 2182 pro
218 2102 351 2180 positivo.
383 2113 440 2177 qua
462 2101 595 2164 ratione?
618 2103 686 2180 quia
702 2100 834 2171 Charon,
860 2100 929 2161 licet
944 2120 1003 2162 non
1019 2103 1057 2161 sit
1079 2102 1196 2170 senior,
1221 2109 1320 2162 tamen
1342 2119 1433 2162 senex

142 2211 196 2263 est.
240 2220 400 2280 numquam
431 2203 509 2261 enim
537 2220 696 2281 possumus
722 2201 823 2263 dicere
850 2204 1014 2272 seniorem,
1045 2205 1102 2263 nisi
1123 2202 1159 2263 ad
1182 2205 1433 2283 comparationem

142 2303 256 2366 similis.
287 2313 356 2384 puta
380 2303 512 2364 ‘doctior
535 2312 579 2364 est
600 2304 792 2365 scholasticus
807 2304 983 2365 scholastico
992 2308 1011 2374 ',
1037 2304 1156 2366 ‘clarior
1180 2313 1223 2365 cst
1245 2313 1365 2366 senator
1387 2324 1433 2365 se·

142 2412 274 2468 natore'.
319 2426 379 2467 non
407 2424 565 2486 possumus
593 2406 692 2467 dicere
720 2406 846 2467 ‘clarior
873 2414 993 2468 senator
1019 2404 1165 2484 plebeic’.
1211 2406 1284 2467 haec
1307 2425 1367 2467 non
1390 2414 1435 2467 est

100 2528 210 2573 novera
239 2510 426 2588 conparatio,
455 2506 507 2568 sed
535 2507 669 2576 ahnsira;
698 2507 746 2570 illa
775 2516 819 2569 est
842 2527 909 2569 vera
938 2511 1125 2587 conparatio,
1149 2526 1224 2586 quae
1246 2510 1324 2569 inter
1346 2527 1434 2588 pares

142 2612 184 2672 fit.
215 2629 288 2690 ergo
312 2630 369 2690 quo
392 2608 480 2670 modo
504 2609 577 2669 dixit
592 2609 769 2671 Charonteur
793 2612 958 2679 seniorem,
982 2628 1049 2673 cum
1066 2610 1165 2672 nullus
1187 2612 1225 2670 sit
1247 2609 1321 2671 alter
1343 2628 1434 2671 senex

143 2711 279 2774 Chamn‘.l
301 2712 350 2772 illa
374 2729 445 2790 ergo
467 2713 639 2790 conparatio
662 2712 819 2791 positivum
835 2714 988 2791 significat.
1020 2731 1087 2773 nam
1103 2712 1172 2772 licet
1188 2730 1248 2772 non
1263 2713 1302 2771 sit
1317 2711 1434 2772 Charon

144 2816 259 2883 senior,
284 2820 382 2875 tamen
405 2811 520 2873 videtur
535 2832 636 2874 senex.
669 2821 714 2874 est
737 2815 815 2874 enim
832 2812 877 2873 vel
900 2815 951 2893 qni
973 2832 1064 2876 senex
1085 2815 1139 2883 sit,
1164 2812 1192 2873 id
1216 2820 1262 2874 est
1283 2813 1352 2874 licet
1374 2832 1433 2874 non

142 2919 201 2977 sint
223 2916 282 2977 duo
305 2916 481 2983 Charentes,
505 2922 537 2975 ut
558 2914 607 2975 ille
631 2917 668 2976 sit
690 2923 758 2994 puta
781 2933 886 2985 senex,
912 2914 962 2975 ille
985 2917 1099 2985 senior,
1123 2916 1175 2976 sed
1191 2934 1267 2976 unus
1282 2915 1362 2975 idem
1378 2924 1433 2976 est.

105 3017 150 3098 ul
175 3037 245 3097 ergo
269 3020 294 3078 si
316 3036 393 3079 unus
416 3025 475 3086 est,
503 3016 573 3077 licet
599 3035 659 3077 non
681 3018 719 3076 sit
740 3019 854 3088 senior,
881 3026 979 3078 tamen
1003 3026 1047 3078 est
1069 3016 1115 3077 vel
1137 3036 1236 3078 senex.
1283 3016 1352 3078 licet
1374 3036 1435 3078 non

143 3122 181 3180 sit
203 3122 423 3199 conparativus,
448 3126 546 3179 tamen
570 3127 615 3179 est
636 3117 681 3178 vel
703 3120 854 3198 positivus.
900 3121 930 3178 in
952 3120 1007 3179 ista
1030 3127 1128 3180 tauma
1152 3118 1318 3180 elocutione
1340 3117 1435 3179 Sallu·

144 3224 237 3282 stiana
265 3240 325 3282 non
354 3220 450 3282 solum
478 3239 538 3281 non
566 3223 606 3282 ait
634 3221 871 3301 cooperativum,
900 3221 952 3280 sed
983 3240 1037 3303 nec
1068 3223 1224 3299 positivum
1247 3217 1380 3298 quidem,
1404 3228 1436 3281 ut

144 3328 257 3385 ‘mare
288 3323 477 3384 Ponticum
506 3320 653 3382 dulcius
681 3340 786 3402 quam
815 3325 961 3383 eetera'
992 3320 1087 3403 [mare
1115 3321 1230 3383 dulcius
1252 3320 1433 3403 Ponticum].

144 3434 213 3487 tunc
246 3427 321 3488 hene
355 3424 466 3484 diceret
498 3443 578 3485 mare
600 3424 755 3485 Ponticum
789 3443 853 3484 esse
888 3423 1017 3495 dulcius,
1048 3426 1073 3483 si
1101 3430 1178 3483 esset
1205 3422 1324 3503 aliquod
1353 3442 1435 3484 marc

105 3525 239 3594 mdulce.
284 3546 351 3588 cum
380 3534 477 3587 autern
505 3525 619 3588 nullum
647 3545 728 3587 mere
756 3528 795 3586 sit
821 3525 922 3597 dulce,
952 3545 1040 3605 quem
1067 3525 1104 3587 ad
1132 3524 1252 3586 modum
1274 3544 1435 3605 possumus

145 3629 243 3690 dicere
271 3628 345 3690 illud
374 3627 507 3689 dulcius?
536 3646 607 3705 ergo
637 3628 718 3688 vides
747 3630 828 3706 quia,
858 3627 974 3708 quando
997 3628 1063 3688 dico
1085 3629 1185 3688 ‘mare
1208 3627 1350 3698 dulcim’,
1374 3646 1435 3688 non

145 3730 237 3792 solum
260 3730 390 3799 dulcius,
421 3729 473 3789 sed
501 3748 538 3790 ne
568 3730 653 3791 dulce
676 3731 810 3808 quidem,
839 3733 908 3809 quia
936 3730 1049 3791 nullum
1072 3748 1154 3791 mare
1176 3748 1232 3790 nec
1256 3730 1369 3803 dulcius
1392 3738 1437 3792 est

145 3851 200 3893 nec
223 3832 317 3893 dulce.
361 3834 402 3892 ita
430 3833 580 3892 invenitur
602 3832 650 3893 hic
678 3833 886 3913 conparativus
908 3851 967 3894 non
991 3831 1087 3894 solum
1111 3834 1352 3910 conparationem
1374 3850 1435 3893 non

146 3936 326 4014 significans,
356 3933 408 3992 sed
437 3951 491 3993 nec
521 3935 686 4013 positivum.
723 3952 790 3994 nam
819 3954 872 4014 per
900 3953 1001 3996 rerum
1030 3942 1164 3995 naturam
1188 3952 1247 3993 non
1271 3942 1369 4014 potest
1390 3935 1435 3996 in·

108 4055 248 4107 oeiessll'l.

214 4240 230 4290 3
247 4240 282 4289 eit
299 4255 344 4289 om.
363 4240 398 4298 A,
417 4241 477 4289 cdd.
496 4259 512 4290 a
566 4243 581 4288 5
599 4241 729 4305 paululum
746 4243 877 4307 siguificat
895 4244 1074 4306 conparatinus
1092 4252 1262 4305 praeponatur
1280 4242 1435 4307 superlatino

147 4310 231 4375 utique
250 4311 377 4372 quomodo
394 4311 522 4375 positiuus
542 4309 671 4374 paululum
691 4313 821 4377 signifieat
833 4313 857 4361 A
909 4313 925 4363 6
943 4312 1021 4360 debes
1039 4312 1121 4373 eloqui
1138 4310 1163 4358 A
1216 4309 1296 4374 aest]
1317 4323 1341 4359 et
1353 4311 1438 4361 Aac

213 4379 230 4429 9
254 4387 344 4430 doctus
362 4381 471 4441 (doctior
488 4381 549 4432 udd.
572 4384 597 4430 io
620 4383 711 4446 uturp.)
734 4383 773 4432 uel
794 4383 886 4432 stultus
905 4384 997 4443 quouis
1016 4380 1204 4430 stultissimoC
1226 4381 1316 4430 doctus
1339 4381 1437 4430 doctior

147 4450 250 4512 (quouis
273 4451 419 4499 doctissimo
438 4451 499 4503 add.
520 4450 564 4509 o*)
586 4450 686 4500 stultior
713 4453 803 4514 quouis
825 4451 976 4500 stultissimo
995 4453 1019 4499 A
1038 4454 1062 4501 in
1082 4453 1158 4500 litura
1230 4451 1261 4499 lo
1280 4450 1349 4499 dicas
1369 4449 1437 4514 quod

148 4519 232 4569 senior
251 4534 297 4587 pro
312 4535 390 4570 senex
409 4520 474 4570 dixit
492 4519 609 4584 uirgilius
626 4522 774 4585 plerumque
792 4520 828 4569 B:
846 4521 914 4582 quod
934 4522 1019 4571 senior
1038 4536 1083 4584 pro
1097 4534 1177 4570 senex
1192 4521 1257 4570 dixit
1273 4520 1391 4585 uirgiliua
1411 4521 1436 4568 in

147 4604 224 4654 mara.
245 4606 262 4639 a
335 4587 445 4657 latam]
472 4589 768 4654 Ver9.Aert,V1304
839 4590 902 4638 deeo
920 4592 940 4641 C
959 4593 1006 4640 deo
1021 4590 1163 4655 uiridisque
1181 4599 1298 4641 senectus
1316 4605 1333 4636 a
1404 4587 1437 4639 19

148 4672 197 4707 non
217 4673 322 4724 possum
342 4661 366 4709 A
435 4661 469 4708 20
493 4659 599 4709 abusiue
618 4658 642 4706 A
713 4661 744 4711 21
767 4660 974 4711 nullnssicAC
1041 4660 1076 4711 to
1095 4669 1233 4710 tamenest
1252 4659 1319 4722 quod
1338 4658 1437 4708 dulcius

147 4729 231 4777 minus
250 4730 361 4794 positiuo
385 4729 511 4795 significo
536 4729 576 4776 uel
599 4730 723 4792 positione
741 4728 782 4781 B:
806 4729 874 4792 quod
894 4731 995 4780 dulcius
1020 4731 1103 4781 minus
1131 4730 1240 4795 positino
1267 4728 1394 4793 significet
1411 4729 1437 4777 t'rr

147 4813 224 4863 uturp,
249 4814 266 4847 a
335 4798 369 4849 28
386 4800 486 4849 dulcius
506 4814 580 4861 quarn
599 4798 703 4848 BCu*:
724 4799 823 4848 dulrius
835 4802 919 4849 ornA
991 4802 1023 4850 32
1040 4816 1070 4848 nr
1089 4800 1163 4848 dulce
1182 4797 1283 4861 quidem
1299 4798 1356 4847 dico
1377 4798 1438 4847 Lin-

148 4865 281 4919 demeum
