3346 5498
266 381 331 446 254
526 386 529 394 '
834 380 987 445 PObll'Ell

292 504 314 545 p.
327 492 417 533 sot-sc
430 491 451 531 lu

267 570 375 632 lacere.
420 583 486 632 nam
510 589 584 651 quae
607 571 683 630 ratio
705 570 801 630 estin
825 571 944 638 metris,
969 567 1072 629 eadem
1096 575 1141 629 est
1163 576 1193 629 et
1214 569 1244 629 in
1267 586 1354 648 prosa
1378 567 1457 648 apud
1480 566 1558 628 bene

266 672 439 735 scribentes.
485 691 557 751 orgo
579 672 604 731 sl
626 670 663 732 ad
686 671 783 733 locum
808 672 967 750 significas,
997 669 1161 731 secundum
1184 673 1398 744 accusativum,
1428 669 1465 730 de
1491 668 1558 730 loco

266 775 430 836 secundum
453 774 626 854 septimum,
650 782 684 833 ut
705 773 827 834 Romam
851 772 939 842 vado,
963 771 1056 833 lloma
1078 773 1173 833 venio.
1210 773 1234 832 si
1256 773 1287 833 in
1309 771 1375 833 loco
1398 771 1557 850 significas,

266 885 336 937 tunc
365 875 529 938 secuudum
556 876 742 953 genetivum,
771 893 840 936 cum
868 875 1064 935 nominativus
1090 873 1248 952 singularis
1276 891 1310 934 us
1331 872 1377 933 vel
1398 891 1449 935 um
1470 873 1560 934 luerit

265 980 457 1047 terminatus
482 985 514 1037 ut
535 976 714 1038 Adrumetus
736 976 936 1037 Beneventum
959 975 1054 1038 llium.
1087 974 1258 1037 adverbium
1280 973 1337 1035 loci
1359 976 1389 1036 in
1412 974 1478 1036 loco
1500 991 1590 1054 quos

265 1080 353 1141 modo
376 1080 464 1141 taciti
487 1079 648 1141 Beneventi
671 1080 728 1147 lui,
758 1077 910 1139 Adrumeti
934 1078 990 1148 lui,
1019 1076 1064 1139 llii
1087 1078 1137 1138 lui.
1183 1078 1209 1138 si
1238 1084 1335 1138 autem
1359 1077 1561 1138 nominativus

267 1201 364 1263 neque
386 1184 416 1243 in
439 1200 475 1242 us
497 1199 594 1260 neque
616 1182 647 1241 in
669 1198 720 1240 um
743 1181 856 1249 exierit,
880 1182 937 1240 iarn
961 1178 1125 1241 secundum
1148 1180 1278 1240 delirum
1302 1178 1385 1240 dicis.
1428 1177 1482 1240 sed
1504 1175 1561 1238 bas

266 1279 524 1366 praepositiolnes‚
549 1301 621 1362 quas
643 1280 827 1343 detrahimus
850 1280 1020 1343 nominibus
1041 1282 1206 1349 civitatum,
1232 1280 1368 1342 addimus
1389 1278 1562 1341 nominibus

266 1387 495 1465 provinciarum.
538 1402 598 1445 non
626 1382 721 1444 debeo
750 1382 849 1444 dicere
871 1382 1017 1444 ‘Africam
1040 1388 1164 1462 pergo':
1193 1382 1424 1462 ‘llartbaginem
1446 1384 1562 1461 pergo’

265 1486 342 1548 bene
371 1487 453 1557 dico,
483 1487 551 1565 qnia
581 1504 689 1546 nomen
718 1492 763 1545 est
789 1485 928 1552 civitatis:
963 1484 1017 1545 ‘ad
1044 1486 1173 1547 dirioam
1195 1488 1316 1564 pergo',
1351 1493 1381 1546 et
1400 1485 1458 1546 boc
1481 1484 1561 1546 bene
1577 1499 1604 1540 ιο

266 1589 349 1658 dico,
378 1591 446 1667 quia
474 1605 583 1649 nomen
612 1594 657 1648 est
686 1570 866 1666 provinciaef
910 1589 935 1647 si
963 1586 1043 1648 dicas
1071 1587 1247 1666 ‘Campania
1274 1589 1388 1657 veuio’,
1423 1588 1562 1649 vitiosum

266 1698 319 1752 est.
352 1692 401 1752 ‘in
424 1689 522 1752 Sicilia
545 1693 627 1750 sum'
651 1687 727 1749 bene
749 1688 830 1755 dico;
854 1688 877 1748 si
901 1695 932 1748 tu
955 1687 1025 1749 velis
1047 1688 1147 1750 dicere
1176 1687 1311 1749 ‘Siciliae
1333 1692 1426 1759 sum',
1451 1696 1481 1749 et
1503 1688 1563 1749 hoc

266 1795 400 1853 vitiosum
425 1800 477 1852 ost.
523 1808 594 1870 ergo
623 1789 794 1852 nominibus
821 1791 1040 1870 provinciarum
1066 1790 1209 1851 debemus
1231 1790 1341 1851 addere
1363 1791 1563 1870 praepositio·

267 1913 329 1956 nes.
367 1913 405 1955 ne
427 1900 458 1954 te
479 1892 561 1953 lallat
581 1892 630 1954 illa
653 1909 715 1953 res:
739 1891 865 1970 legimus
888 1892 965 1972 apud
989 1891 1165 1970 Vergilium,
1190 1900 1219 1952 et
1241 1895 1273 1952 in
1295 1895 1414 1972 antiqua
1437 1891 1563 1954 historia

266 1996 323 2057 boo
355 1997 514 2064 invenitur,
548 2014 603 2056 nec
633 1995 766 2055 iuvenies
799 1993 868 2054 alibi
901 1995 986 2054 istam
1020 1995 1279 2073 significationem,
1315 1997 1394 2055 ‘aut
1426 1994 1605 2054 Cretaeis

188 2096 193 2107 '
265 2099 380 2159 iussit
408 2097 610 2157 considere
637 2094 794 2176 Apollo'.
841 2103 870 2155 et
897 2094 1042 2156 debuerat
1074 2095 1174 2157 dicere
1202 2094 1297 2176 ‘apud
1326 2098 1443 2158 Cretam
1474 2080 1564 2157 iussit

266 2198 370 2278 Apollo
393 2198 575 2266 considere’,
599 2216 666 2258 cunr
690 2199 924 2278 praepositione,
949 2205 978 2257 et
1000 2206 1099 2258 tamen
1120 2199 1163 2258 sic
1187 2217 1257 2259 usus
1274 2205 1319 2258 est
1333 2198 1452 2266 Cretae,
1476 2216 1511 2259 ao
1534 2199 1563 2259 si

266 2301 381 2363 diceret
402 2300 533 2380 Capuae,
564 2300 593 2360 id
617 2308 662 2360 est
692 2301 775 2378 quasi
798 2317 908 2360 nomeu
931 2307 1008 2359 esset
1030 2301 1164 2360 civitatis.
1210 2298 1331 2377 etquid
1354 2300 1507 2361 invenitur
1527 2300 1584 2368 in,

267 2403 387 2482 antiqua
409 2401 550 2462 historia?
572 2403 701 2462 maiores
724 2403 818 2462 nostri
829 2420 870 2479 ex
886 2400 1057 2462 nominibus
1080 2420 1180 2463 rernm
1197 2400 1306 2463 dabant
1327 2401 1414 2462 etiam
1438 2384 1563 2462 nomina

266 2503 337 2583 ipsis
358 2501 489 2583 oppidis:
699 2503 700 2506 ’
1521 2519 1525 2526 ’
1575 2517 1602 2558 so

370 2590 372 2594 ⁷
417 2607 654 2685 inmanisque
676 2603 763 2666 Gela
785 2603 893 2665 lluvii
916 2606 1136 2683 cognomine
1160 2604 1269 2667 dicta.

233 2759 239 2772 ,
268 2708 293 2768 si
316 2707 352 2767 de
375 2709 491 2767 civitate
518 2706 639 2785 loquor,
671 2705 765 2767 debeo
793 2706 846 2766 tibi
869 2706 969 2767 dicere
991 2706 1099 2767 ‘Gelae
1121 2707 1198 2777 lui';
1222 2709 1247 2768 si
1269 2706 1306 2767 de
1328 2707 1417 2768 llnrio
1439 2705 1560 2784 loquor,

266 2827 326 2869 non
359 2827 479 2888 possum
514 2808 613 2870 dicere
645 2807 751 2869 ‘Gelae
784 2809 852 2878 lui’,
886 2807 937 2868 sed
968 2807 1062 2887 ‘apud
1091 2807 1193 2869 Gelam
1223 2811 1292 2869 lui',
1338 2809 1374 2870 da
1407 2808 1561 2870 bominem

267 2912 462 2982 nescientem,
488 2918 517 2972 et
538 2919 621 2991 putat
644 2929 691 2971 me
706 2911 736 2970 iu
753 2908 893 2971 alterutra
911 2909 1077 2971 elocutione
1100 2911 1206 2972 iecisse
1228 2910 1447 2973 soloecismum.
1481 2911 1561 2987 siqui

266 3012 320 3074 tibi
343 3012 421 3073 dioat
443 3011 551 3074 ‘Gelae
573 3012 643 3083 lui',
668 3012 733 3073 dico
756 3011 812 3082 illi,
843 3014 980 3073 vitiosum
1003 3021 1056 3073 est.
1102 3032 1157 3093 qua
1180 3013 1313 3074 ratione?
1342 3013 1481 3093 quoniam
1503 3012 1558 3072 llu-
1572 3026 1598 3068 as

267 3116 329 3175 rius
352 3122 398 3175 est
419 3113 505 3186 Gela,
536 3122 566 3174 et
587 3113 676 3174 debet
698 3113 809 3175 babere
831 3115 1097 3194 praepositionem,
1128 3123 1158 3175 et
1180 3121 1212 3174 tu
1235 3113 1385 3175 exclusisti
1407 3114 1559 3194 praeposi·

266 3215 395 3299 tioluem.
428 3218 527 3277 nescio
552 3236 588 3277 an
611 3215 660 3277 ille
676 3235 707 3277 se
722 3216 832 3277 relerat
848 3225 874 3278 et
899 3216 991 3285 dicat,
1016 3216 1067 3277 sed
1092 3222 1136 3277 est
1159 3217 1274 3285 civitas,
1298 3216 1326 3276 id
1350 3222 1396 3277 est
1418 3214 1560 3277 habuisse

265 3336 376 3379 nomen
397 3318 456 3380 tale
479 3321 641 3387 civitatem,
666 3326 695 3378 et
716 3317 829 3378 idcirco
852 3319 894 3378 sic
909 3337 995 3378 usum
1012 3336 1090 3387 csse,
1115 3317 1152 3378 de
1166 3320 1286 3379 nomine
1301 3319 1425 3379 civitatis
1440 3316 1557 3388 dixisse,

267 3439 326 3481 non
354 3420 391 3481 de
419 3421 538 3481 nomine
565 3419 709 3490 fluminis,
739 3420 817 3481 unde
845 3421 908 3499 ipsa
937 3421 1039 3481 civitas
1069 3419 1245 3481 vocabulum
1274 3419 1445 3500 adsumpsit.
1492 3418 1558 3480 ideo

267 3539 338 3599 ergo
365 3524 390 3582 si
418 3522 495 3584 dicat
522 3523 561 3582 ita
589 3522 713 3592 dixisse,
742 3524 784 3583 sic
812 3541 844 3583 se
872 3524 986 3601 integre
1014 3521 1105 3583 luisse
1132 3520 1262 3583 locutum
1294 3521 1441 3602 probabit.
1486 3522 1600 3582 tremor

265 3624 391 3702 legimus
413 3624 490 3703 apud
514 3625 688 3686 Ciceronem
712 3624 901 3704 ‘Olympus
923 3626 961 3685 in
984 3625 1193 3686 inmensum
1218 3623 1368 3685 editus’.
1415 3622 1558 3704 Olympus

267 3743 353 3785 mons
382 3733 425 3785 est
452 3733 481 3786 et
511 3727 621 3787 civitas.
668 3743 727 3803 quo
756 3725 843 3785 modo
867 3724 957 3786 babes
980 3725 1099 3786 dicere?
1130 3727 1156 3786 si
1177 3724 1307 3786 volueris
1329 3725 1465 3806 ‘Olympi
1487 3724 1557 3794 lui’,

266 3825 324 3887 tale
352 3834 397 3886 est
430 3845 464 3887 ac
491 3829 515 3887 si
544 3827 626 3887 dicas
658 3827 750 3888 ‘Naxi
777 3827 851 3894 lui';
886 3827 1051 3905 significare
1081 3826 1173 3888 babes
1202 3829 1357 3889 civitatem.
1404 3829 1430 3888 si
1459 3835 1558 3889 autem

266 3926 346 3987 dicas
374 3928 470 4007 ‘opud
494 3927 650 4008 Olympum
672 3929 740 4002 lui',
769 3929 934 4006 significare
962 3929 1053 3990 babes
1082 3937 1222 3990 montem.
1269 3947 1339 4008 ergo
1366 3933 1445 3991 scire
1472 3930 1560 3990 debes

266 4031 405 4109 quoniam
427 4037 497 4091 sunt
518 4029 613 4110 aliqua
636 4029 771 4107 ambigua
794 4031 824 4089 in
847 4032 982 4099 nomine,
1014 4038 1044 4091 et
1065 4049 1157 4091 uuum
1181 4041 1226 4092 est
1248 4031 1413 4109 significare
1437 4038 1467 4091 et
1488 4049 1557 4111 pro·
1571 4044 1601 4086 ss

267 4133 390 4193 vinciam
419 4133 513 4212 ipsam
543 4140 572 4192 et
600 4133 744 4193 civitatem
774 4132 942 4210 provinciae
975 4135 1077 4213 ipsius.
1124 4151 1195 4212 ergo
1222 4133 1390 4211 significare
1415 4132 1558 4195 babemus

338 4371 368 4421 15
389 4377 432 4420 ant
450 4367 548 4435 Cretae]
572 4372 650 4434 Verp.
672 4370 739 4424 Aen.
762 4371 795 4420 lll
817 4369 865 4420 162
938 4371 970 4421 16
991 4372 1129 4422 consedere
1148 4372 1231 4422 ABG
1300 4375 1331 4425 17
1349 4372 1488 4424 consedere
1507 4372 1560 4424 Ae

335 4441 365 4490 21
385 4438 554 4507 inmanlsque]
581 4442 660 4507 Verp.
678 4441 744 4491 Aen.
765 4442 796 4490 lll
815 4441 866 4492 702
930 4442 962 4492 27
981 4441 1022 4490 ille
1039 4457 1067 4492 se
1080 4457 1126 4495 om.
1147 4443 1185 4503 A,
1204 4444 1265 4495 add.
1286 4460 1317 4494 a:
1332 4445 1448 4507 sortasse
1464 4442 1507 4492 ille
1525 4442 1558 4492 od

267 4510 382 4578 regulum
400 4526 427 4560 se
446 4510 539 4560 relerat
590 4509 624 4560 29
643 4511 793 4562 uocabulum
813 4511 956 4577 adsumpsit
968 4511 992 4559 A
1012 4513 1164 4562 uocabulum
1182 4514 1278 4579 aceepit
1291 4513 1334 4563 Ca
1351 4527 1444 4563 nomen
1462 4513 1559 4578 accepit

265 4582 291 4633 B
353 4579 387 4633 30
405 4581 513 4631 locutum
532 4581 677 4646 probabita
694 4582 819 4631 elocutum
838 4582 955 4647 probauit
970 4582 1022 4631 AB
1038 4581 1149 4633 locutum
1163 4583 1314 4647 probauitC
1380 4582 1411 4634 31
1432 4584 1559 4634 &emonis

272 4667 358 4702 nomen
376 4652 412 4701 ad
424 4653 561 4717 exemplam
579 4668 595 4701 a
613 4651 731 4702 Cledonio
746 4667 774 4714 p.
792 4651 858 4702 1922
876 4653 1030 4715 adscriptum
1047 4654 1097 4703 ‘ad
1110 4653 1264 4703 Messanam'
1281 4668 1326 4717 pro
1340 4652 1484 4704 Messanam
1496 4667 1558 4716 per·

265 4724 345 4772 liuere
357 4724 464 4775 videtur.
481 4729 706 4788 praesequantur,
726 4721 849 4787 Olympus
866 4723 891 4770 in
909 4722 1052 4772 inmensum
1072 4724 1170 4785 editus,
1189 4725 1212 4771 in
1226 4722 1297 4772 libris
1311 4722 1439 4773 Ciceronis
1456 4725 1501 4789 qui
1516 4738 1560 4773 su-

263 4801 371 4856 persani
384 4809 433 4843 uon
451 4795 575 4858 tepenter.
592 4790 689 4857 Olympi
701 4793 771 4842 urbis
781 4793 923 4843 mentionem
933 4793 997 4856 feeit
1010 4794 1098 4845 Cicero
1116 4795 1141 4843 in
1162 4794 1186 4842 V
1187 4809 1238 4843 err.
1252 4800 1301 4846 uri.
1316 4807 1367 4846 see.
1385 4795 1395 4843 l
1413 4796 1456 4854 21,
1470 4792 1505 4846 56

266 4860 300 4913 34
319 4863 384 4912 scire
402 4863 480 4914 debes
494 4879 540 4915 om.
558 4861 641 4911 ABG
709 4861 742 4913 36
760 4861 883 4912 habemus
901 4865 922 4911 si
941 4865 1007 4913 inter
1025 4863 1108 4913 ABG
