3346 5498
522 332 721 394 excubent
744 331 947 394 nontunsta
969 329 1086 392 3-13
1386 325 1449 391 633

1259 449 1280 489 p.
1296 437 1384 476 let-93
1397 435 1424 475 V.

159 518 237 575 tinos
268 516 378 594 syllaba
408 536 462 576 nec
491 518 657 578 adiectione
680 539 734 579 nee
757 522 973 598 permutatione
997 521 1138 578 variatur.
1184 536 1251 576 narn
1274 519 1335 576 sive
1364 534 1449 595 prae·

160 635 229 676 sens
256 626 372 697 teinpus
399 622 524 698 incipiat
550 640 565 679 a
594 621 701 689 vocali,
729 621 831 681 eadem
867 621 977 680 vocalis
1004 623 1035 680 in
1063 621 1222 699 inperfecti
1252 618 1449 678 declinatione

160 727 303 789 servatur,
328 728 360 779 ut
383 738 436 798 ago
460 721 592 799 agebam,
616 725 677 782 sive
700 725 850 801 praesenti
874 724 1000 802 tempori
1022 723 1141 781 initium
1163 739 1328 781 consonans
1349 720 1448 783 faciat..

160 819 237 880 ovilla
261 823 425 900 inperfecto
448 825 574 902 tempori
596 824 705 884 vocalis
728 825 851 893 accedit,
876 843 947 902 rogo
970 823 1120 901 rogabam.

245 923 317 983 ltcm
349 927 516 984 necessario
540 925 717 1002 regulariter
745 944 970 1005 praemonemus
997 927 1075 1005 quod
1114 926 1190 1005 apml
1219 926 1347 986 Graecos
1380 942 1447 1003 per·
1466 938 1566 991 strant

161 1025 270 1084 fcetum
300 1034 417 1106 ternpus
445 1045 502 1087 non
532 1047 548 1087 a
577 1032 741 1107 praesenti,
770 1031 820 1088 sed
849 1049 886 1088 ex
914 1030 1014 1089 futuro
1037 1028 1116 1087 velut
1143 1028 1179 1086 de
1202 1028 1326 1106 quadam
1350 1029 1447 1106 prima

161 1127 305 1204 positione
329 1136 358 1187 et
379 1131 494 1206 origine
517 1132 562 1188 sui
586 1121 739 1207 figuratur.
785 1150 839 1190 nec
862 1139 960 1191 tamen
992 1139 1020 1190 te
1044 1137 1167 1193 moveat.
1195 1147 1248 1188 cur
1270 1138 1449 1190 transactum

161 1227 197 1287 de
221 1229 346 1289 necdum
369 1231 446 1289 facto
469 1233 590 1309 tignuari
613 1231 731 1300 dicitur,
756 1235 960 1293 aestimantem
983 1231 1060 1312 quod
1083 1235 1276 1311 praeteritum
1300 1233 1451 1311 antiquius

161 1333 199 1389 sit
222 1332 332 1392 futuro.
362 1332 413 1391 sed
436 1352 493 1392 non
516 1335 557 1393 ita
580 1339 633 1393 est.
667 1354 753 1394 omne
776 1337 856 1395 euim
878 1335 955 1415 «quod
978 1336 1089 1395 factum
1112 1342 1157 1393 est
1178 1335 1261 1413 prius
1284 1333 1450 1393 faciendum

126 1451 148 1488 ro
162 1434 226 1500 fuit,
251 1434 358 1494 deinde
375 1435 553 1503 factumest,
577 1444 606 1495 et
621 1436 676 1496 boc
692 1436 770 1516 quod
786 1439 981 1516 praeteritum
997 1445 1042 1496 est
1057 1437 1214 1515 aliquando
1236 1437 1367 1495 futurum
1384 1437 1451 1495 fnit.

162 1538 226 1595 iure
249 1554 321 1614 ergo
343 1537 379 1595 de
402 1545 526 1596 venturo
549 1539 626 1616 quod
650 1542 707 1600 iam
731 1541 810 1598 veuit
833 1539 970 1606 eflicitur,
993 1534 1189 1618 quia'natura
1210 1539 1274 1598 fore
1298 1540 1382 1617 prius
1404 1544 1452 1594 est

161 1657 249 1716 quam
270 1639 372 1699 fuisse.
402 1640 473 1699 item
495 1639 571 1718 apud
583 1639 712 1701 Graecos
729 1660 888 1720 numquam
900 1642 1094 1721 praeteritum
1106 1642 1272 1719 perfeetum
1285 1642 1315 1699 in
1332 1639 1449 1699 dualuvs

161 1739 281 1818 syllabis
309 1742 472 1809 iuvenitur,
502 1741 553 1801 sed
582 1750 627 1801 est
653 1743 801 1802 interdum
823 1742 860 1802 vt
883 1741 1074 1821 syllabarum,
1102 1751 1134 1802 ut
1156 1736 1448 1821 πεπολεμάρχηκα,

162 1850 207 1901 cst
229 1841 267 1910 V,
291 1850 323 1901 ut
346 1837 576 1922 arcentemque,
600 1852 644 1904 est
660 1845 705 1914 tv,
729 1853 762 1904 ut
784 1843 964 1922 πεποίηκα,
995 1853 1041 1904 est
1061 1846 1163 1911 trium,
1187 1852 1219 1903 ut
1235 1838 1371 1921 λέλυκα,
1395 1861 1449 1902 nec

125 1959 301 2023 numquam
324 1946 456 2003 invenies
478 1944 633 2023 trisyllabo
656 1948 764 2006 miuus.
802 1965 923 2006 neeesse
947 1953 993 2005 est
1014 1949 1093 2006 enim
1116 1954 1149 2006 ut
1171 1947 1209 2005 sit
1224 1947 1320 2023 prima
1337 1944 1449 2023 syllaba

160 2046 378 2113 «inclinationis,
392 2047 520 2106 secunda
537 2049 671 2124 originis
684 2050 771 2107 tertia
788 2048 895 2116 finalis,
910 2056 942 2107 ut
955 2044 1094 2108 λε’λυκαε
1112 2047 1149 2107 λε
1160 2049 1256 2125 prima
1273 2046 1385 2125 syllaba
1398 2046 1448 2105 de-

161 2147 330 2207 clinationis
343 2155 400 2217 est,
419 2166 494 2226 quac
508 2147 623 2208 induxit
637 2167 774 2226 magnum
787 2159 986 2226 augmentum,
1004 2149 1046 2208 fv
1058 2151 1184 2226 originis
1197 2157 1250 2217 est,
1268 2151 1336 2227 quia
1353 2151 1449 2227 prima

161 2249 244 2308 verbi
261 2251 369 2328 positio
385 2249 421 2308 ab
436 2246 439 2328 1
453 2251 507 2309 bac
529 2251 644 2330 incipit,
661 2270 704 2309 κα
719 2250 815 2310 ferialis
830 2259 885 2311 est.
915 2270 969 2311 nec
985 2260 1014 2311 te
1028 2257 1143 2311 moveat
1154 2241 1241 2328 οἶδα,
1264 2249 1343 2328 quod
1359 2250 1449 2329 disyl-

160 2351 259 2411 labum
275 2359 334 2410 est:
360 2370 425 2411 nam
442 2350 686 2431 παρακείμενος
700 2351 836 2412 babetur.
881 2353 937 2412 hoc
953 2356 1032 2413 enim
1051 2353 1258 2431 multipliciter
1275 2361 1449 2432 corruptum

122 2453 297 2513 niloeetur:
322 2471 388 2512 nam
412 2462 531 2532 praeter
551 2453 607 2513 lioc
627 2454 739 2514 nullum
755 2456 919 2533 perfeetum
941 2464 1059 2534 tempus
1081 2455 1118 2514 ab
1141 2474 1174 2514 οι
1196 2454 1380 2533 diphthongo
1402 2456 1448 2513 in·

161 2557 243 2634 cipit.
288 2554 376 2614 ludus
398 2554 481 2614 verbi
497 2558 580 2632 origo
603 2565 647 2616 est
670 2552 761 2633 εἴδω,
785 2564 814 2615 et
829 2559 937 2617 mutari
961 2576 990 2617 ει
1012 2559 1042 2617 in
1065 2576 1098 2616 οι
1121 2556 1199 2617 salva
1222 2564 1253 2616 et
1274 2558 1446 2634 incorrupta

160 2660 273 2717 ratione
298 2676 355 2716 uon
378 2656 493 2716 babuit.
539 2657 606 2718 inde
631 2656 735 2718 efdetv
757 2657 861 2718 debuit
883 2677 948 2718 csse
964 2660 1129 2737 praeterito
1145 2657 1446 2737 plusquamperfecto.

243 2758 317 2819 ltem
341 2758 381 2817 lll
404 2767 472 2818 sum
494 2761 614 2819 omniuo
636 2760 775 2839 syllabae,
799 2779 874 2839 quae
898 2762 927 2819 in
951 2762 1066 2836 graecis
1081 2759 1181 2820 verbis
1198 2760 1300 2819 futuro
1316 2761 1444 2838 tempori
1463 2772 1565 2832 eulpa-2

161 2862 320 2920 terminum
343 2862 471 2921 faciunt:
495 2870 545 2921 aut
568 2863 647 2921 enim
670 2864 701 2922 io
717 2874 765 2921 σω
788 2863 849 2921 exit
871 2870 920 2921 aut
943 2863 973 2920 in
990 2857 1035 2933 ξω
1058 2869 1108 2921 aut
1123 2863 1154 2920 in
1176 2869 1240 2938 ψω,
1263 2869 1297 2921 ut
1311 2856 1447 2940 λαλήσω

122 2979 147 3018 es
161 2957 274 3039 πράξω
296 2959 426 3040 γράψω.
485 2965 558 3022 item
581 2981 667 3023 omne
691 2979 831 3042 praesens
855 2961 931 3041 apud
948 2961 1076 3021 Graecos
1098 2965 1129 3022 in
1153 2982 1179 3022 ω
1202 2962 1341 3022 ‹lesinens
1364 2962 1442 3022 modi
1462 2974 1559 3030 bosut

160 3064 313 3125 indicativi
336 3067 455 3142 generis
478 3065 566 3124 activi
588 3064 671 3123 verbi
695 3066 910 3142 perispomeni,
940 3065 965 3123 si
988 3063 1134 3125 sectandae
1157 3066 1374 3140 coniugatiouis
1396 3066 1445 3132 sit,

162 3166 282 3226 adliibet
306 3167 355 3226 noi
380 3185 433 3224 suo
448 3184 506 3244 μαι
522 3164 664 3244 syllabam
680 3167 796 3225 etfacit
812 3165 848 3224 de
864 3184 896 3225 se
911 3167 1075 3244 passivum,
1099 3164 1169 3243 βοῶ
1191 3162 1338 3244 decipere,
1361 3166 1446 3246 τιμῶ

159 3267 318 3348 τιμῶμαιε
343 3270 367 3328 si
391 3286 460 3326 vero
483 3269 520 3327 sit
544 3269 656 3345 primae
678 3268 724 3327 vel
747 3268 868 3334 tertiae,
894 3286 919 3326 ω
938 3269 968 3326 in
984 3285 1026 3326 ου
1049 3275 1160 3328 mutato
1182 3275 1212 3327 et
1227 3276 1347 3347 accepta
1363 3270 1445 3328 simi·

161 3370 229 3429 liter
258 3388 315 3448 μαι
344 3371 493 3448 passivum
522 3376 604 3428 creat
626 3367 714 3446 φιλῶ
738 3366 917 3447 φιλοῦμαι,
946 3368 1060 3446 χρυσῶ
1079 3359 1280 3447 ’χρυσοῦμαι
1327 3388 1445 3448 permu-

121 3488 147 3525 :ro
160 3474 301 3530 tationem
326 3479 423 3530 autem
447 3488 472 3529 ω
495 3472 526 3529 in
548 3489 590 3529 ου
612 3469 648 3529 de
671 3469 862 3544 circumflexo
884 3477 1008 3531 accentu
1029 3470 1173 3529 indicium
1196 3478 1242 3530 est
1263 3492 1282 3526 a

243 3572 285 3631 lle
319 3563 474 3632 defectivis
495 3571 595 3631 verbis
616 3571 661 3631 vel
689 3570 878 3631 dictionibus
925 3579 984 3631 tam
1008 3572 1084 3650 apud
1108 3572 1235 3632 Graecos
1256 3591 1345 3652 quam
1367 3574 1444 3653 apud
1462 3585 1559 3644 ezerr

159 3673 280 3732 Latinos
307 3673 403 3752 aliqua
432 3672 522 3733 verba
549 3676 581 3733 in
610 3672 806 3734 declinatione
843 3673 993 3734 deliciunt.
1038 3675 1074 3733 de
1101 3674 1149 3735 his
1175 3674 1356 3735 Graecorum
1389 3677 1445 3737 ista

159 3775 293 3835 «infinitio
315 3783 375 3835 est:
399 3775 439 3837 lll
461 3778 540 3836 enim
562 3775 658 3835 modis
680 3775 783 3836 dicunt
812 3777 931 3835 evenire
954 3775 1111 3845 defectum,
1135 3784 1186 3836 aut
1208 3776 1360 3837 intellectu
1383 3781 1445 3839 exi·

158 3885 245 3953 gente
269 3885 318 3937 aut
340 3876 449 3938 litteris
472 3896 530 3937 non
553 3877 799 3939 convenientibus
822 3885 872 3937 aut
899 3895 954 3937 usu
969 3877 1139 3938 desistente.
1170 3897 1206 3937 ex
1222 3878 1314 3938 bisin
1330 3879 1446 3940 duobus
1527 3949 1529 3953 ¹

120 3997 145 4035 es
160 3978 310 4059 prioribus
333 3979 428 4040 modis
451 3981 597 4039 servimus
619 3982 804 4048 necessitati,
832 3982 863 4039 in
893 3982 982 4039 tertio
1004 3981 1190 4039 reverentiae
1218 3983 1371 4040 vetustatis
1393 3980 1445 4040 ob-

158 4083 321 4159 sequimur.
351 4100 405 4160 per
427 4069 610 4141 intellectum
634 4081 638 4160 1
664 4081 752 4141 verba
775 4081 917 4141 deliciunt
938 4083 1036 4141 omnia
1051 4099 1127 4160 quae
1150 4081 1289 4141 dicuntur
1304 4098 1445 4161 πεποιη-

156 4176 253 4262 μένα,
276 4183 307 4243 id
330 4190 375 4242 est
396 4202 470 4262 quae
494 4183 529 4242 ad
553 4182 777 4243 similitudinem
799 4185 864 4247 soni
887 4183 1011 4243 alicuius
1038 4201 1177 4261 expressa
1200 4191 1277 4253 sunt,
1301 4192 1333 4243 ut
1355 4178 1445 4260 λίγξε

157 4279 241 4363 βιός,
271 4284 338 4360 otte
360 4277 536 4364 ὀφθαλμός
558 4291 588 4344 et
610 4285 729 4345 similia.
773 4288 804 4345 in
827 4285 875 4345 his
897 4287 976 4345 enim
1000 4284 1100 4346 verbis
1127 4305 1182 4346 nec
1205 4286 1278 4346 aliae
1301 4303 1444 4364 personae

157 4387 344 4465 quaerendae
361 4394 438 4454 sunt,
462 4405 516 4446 nec
539 4388 570 4446 in
593 4386 667 4446 alios
688 4387 790 4447 modos
812 4387 957 4448 flectenda
980 4387 1146 4459 declinatio,
1168 4391 1237 4467 quia
1260 4394 1373 4447 tantum
1397 4405 1444 4444 vo·

118 4518 143 4555 a.
157 4508 207 4549 ees
228 4497 298 4548 seint
319 4506 476 4568 expressae
500 4488 535 4548 ad
558 4490 622 4548 soni
645 4490 840 4549 imitationem
862 4508 950 4568 quem
974 4489 1129 4567 adsignare
1149 4490 1292 4550 volumus.

224 4624 646 4692 2eadembiesertptumdobetll
698 4623 877 4689 3temporeB
927 4623 1151 4678 briecesariumB
1209 4620 1441 4673 llforced.l'fnd.

157 4708 200 4741 eor
218 4694 525 4758 ‘pranetfsauperpooitie'
543 4691 568 4740 B
637 4684 932 4758 13πεποὶεμάρχηκα]
962 4694 1203 4756 πεπολεμαρανκα
1220 4691 1245 4740 Β
1315 4693 1346 4739 19
1359 4691 1442 4739 nouiti-

157 4761 330 4826 plicationell
392 4763 424 4810 22
443 4761 578 4826 praeterito
596 4759 746 4824 perfeetoB
812 4763 845 4809 24
858 4759 912 4824 ψω]
928 4760 1003 4825 zon
1071 4752 1370 4825 ἳὸγρᾶψωῙτραχωΒ

207 4901 383 4945 ‹inanioranu
399 4901 487 4942 tarini
504 4901 530 4941 v.
791 4960 794 4966 .
1200 4893 1239 4956 41
