3346 5498
260 367 321 433 156
694 363 700 382 ’
826 364 979 427 ΡΟΜΡΕΙΙ

300 505 305 517 .
321 478 409 518 ras-oa
423 476 445 515 t„

139 569 245 630 431,14
285 491 298 532 p
341 557 510 617 Tractatum
526 563 571 615 est
586 554 642 615 boc
657 553 787 614 aProbo
803 551 903 622 aliter,
920 571 936 613 a
951 552 1064 614 Donato
1080 550 1176 613 aliter.
1203 551 1334 612 Donatus
1349 549 1390 610 ait
1405 548 1550 628 ‘quinque

258 666 327 719 sunt
348 655 503 726 adverbia,
532 674 608 736 quae
630 674 690 716 non
713 655 856 716 debemus
878 656 1002 732 iungere
1024 655 1081 715 nisi
1102 654 1229 733 positivo
1251 660 1380 723 tantum,
1403 657 1463 712 tam
1485 667 1548 710 ma·

257 763 301 837 gis
324 760 451 821 maxime
474 759 572 819 miuus
594 765 623 818 et
644 758 796 818 minime’.
826 758 882 818 ista
903 758 1032 836 quinque
1054 763 1124 817 sunt
1144 773 1198 836 per
1220 773 1253 815 se
1274 774 1290 815 a
1308 754 1422 815 Donato
1444 755 1548 832 posita.

258 869 327 941 puta
347 869 408 922 tam
431 860 535 921 doctus
558 858 653 921 debeo
675 859 790 929 dicere,
815 867 957 920 nontam
980 858 1109 928 doctior,
1139 863 1200 918 tam
1222 856 1427 925 doctissimns;
1456 855 1550 931 magis

257 963 376 1033 doctus,
405 981 465 1024 nou
493 963 589 1040 magis
612 961 740 1031 doctior,
770 961 864 1038 magis
886 960 1090 1029 doctissimus;
1114 960 1241 1021 maxime
1263 958 1380 1028 doctus,
1404 975 1464 1018 non
1486 967 1576 1017 ma·⁵

257 1067 336 1126 xime
364 1065 493 1133 doctior,
521 1065 648 1124 maxime
677 1063 876 1124 doctissimus.
905 1060 908 1142 l
939 1070 969 1122 et
995 1061 1109 1123 reddita
1139 1069 1183 1122 est
1204 1061 1280 1121 ratio
1302 1077 1363 1121 non
1385 1078 1402 1122 a
1424 1058 1548 1126 Donato,

257 1166 310 1227 sed
333 1165 370 1227 ab
393 1165 472 1235 aliis,
497 1183 587 1245 quare
610 1182 670 1225 non
693 1166 857 1242 iunguntur
879 1166 934 1225 ista
950 1162 1088 1224 adverbia
1104 1164 1294 1243 conparativo
1309 1168 1339 1222 et
1361 1159 1548 1241 superlativo,

257 1268 309 1330 sed
339 1275 453 1329 tantum
482 1268 615 1346 positivo.
662 1268 803 1344 quoniam
830 1267 1076 1344 significationem
1103 1264 1214 1325 babent
1240 1265 1385 1342 augentis.
1430 1260 1550 1340 quando

257 1370 323 1431 ilico
346 1371 455 1448 magis,
478 1370 580 1448 utique
603 1369 696 1446 magis
718 1368 963 1445 significationem
986 1366 1076 1428 babet
1096 1369 1245 1445 augentis,
1269 1374 1303 1426 ut
1323 1367 1348 1427 si
1371 1364 1452 1426 dicas
1478 1371 1549 1443 puta

256 1473 329 1532 ‘iste
352 1471 472 1541 stultus,
494 1471 551 1530 iste
573 1471 667 1547 magis
690 1469 798 1530 stultus
813 1473 890 1538 est';
914 1487 984 1530 ecce
999 1468 1080 1529 vides
1096 1469 1236 1546 quoniam
1257 1477 1447 1546 augmentum
1461 1467 1546 1528 lecit:
1562 1477 1587 1517 1⁰

256 1580 325 1654 puta
354 1573 427 1633 ‘iste
456 1571 563 1632 stultus
590 1580 649 1640 est,
677 1573 734 1632 iste
762 1571 889 1633 maxime
916 1569 1024 1632 stultns
1052 1577 1131 1640 est';
1155 1579 1347 1648 augmentum
1370 1570 1546 1648 significant.

257 1692 329 1751 ergo
351 1674 424 1735 istae
446 1672 609 1753 particulae
632 1673 743 1734 babent
764 1679 967 1751 augmentum.
997 1674 1022 1733 si
1044 1671 1156 1733 babent
1177 1681 1382 1751 augmentum,
1406 1689 1550 1751 conpara-

257 1777 369 1838 tionem
397 1773 509 1836 babent
537 1773 719 1835 elocutionis.
765 1792 925 1854 numquam
954 1775 1032 1834 enim
1061 1782 1251 1852 augmentum
1274 1775 1321 1847 fit,
1345 1774 1401 1835 nisi
1423 1773 1456 1834 iu
1478 1790 1550 1833 con-

255 1878 387 1957 parativo
410 1886 439 1936 et
461 1877 648 1956 superlativo.
693 1878 735 1937 sic
758 1893 829 1953 ergo
850 1877 923 1937 istae
945 1875 1108 1954 particulae
1130 1894 1251 1937 sensum
1275 1875 1384 1938 babent
1406 1880 1457 1937 aut
1479 1893 1550 1936 con-

255 1981 386 2059 parantis
413 1986 465 2039 aut
490 1978 701 2058 praeferentis,
731 1995 789 2055 quo
818 1978 907 2039 modo
929 1977 1040 2038 babent
1062 1979 1267 2056 conparativus
1290 1984 1320 2038 et
1341 1975 1547 2057 superlativus.
1563 1983 1588 2023 1⁵

256 2080 374 2159 quando
398 2079 464 2141 dico
488 2091 547 2142 tam
570 2081 694 2149 doctior,
719 2079 776 2141 tale
799 2089 845 2142 est
867 2099 900 2141 ae
922 2081 948 2141 si
969 2079 1064 2141 dicam
1081 2080 1195 2140 doctior
1210 2079 1338 2148 doctior;
1363 2087 1424 2140 tam
1439 2077 1550 2140 doctis·

260 2184 366 2252 simus,
391 2182 578 2243 doctissimus
607 2182 801 2243 doctissimus.
846 2181 904 2242 boc
926 2184 1005 2243 enim
1027 2183 1124 2261 ipsum
1146 2189 1207 2243 tam
1229 2188 1281 2242 aut
1302 2182 1484 2259 conparativi
1506 2189 1551 2242 est

255 2293 306 2345 aut
327 2283 506 2363 superlativi.
552 2285 576 2344 si
599 2291 698 2344 autem
720 2283 914 2364 superlativus
942 2292 972 2344 et
993 2286 1200 2362 comparativus
1223 2285 1281 2344 vim
1304 2282 1414 2344 babent
1435 2301 1547 2362 augen-

255 2386 367 2456 tis,.id
396 2395 440 2446 est
468 2405 531 2447 rem
560 2405 633 2466 quac
661 2384 728 2466 plus
755 2387 938 2468 significata
961 2387 1099 2465 positivo,
1129 2385 1197 2446 ideo
1220 2404 1279 2447 non
1302 2381 1452 2466 iungthur.
1497 2384 1549 2446 sed

256 2490 281 2549 si
303 2487 359 2548 boc
383 2506 484 2548 verum
508 2495 566 2557 est,
595 2489 735 2565 quoniam
763 2489 836 2548 istae
864 2486 1026 2568 particulae
1048 2486 1115 2547 ideo
1138 2506 1198 2548 non
1220 2489 1383 2566 iunguntur
1404 2504 1549 2566 conpara·
1563 2503 1589 2545 ao

256 2591 314 2650 tivo
338 2598 367 2650 et
389 2588 583 2669 superlativo,
609 2588 688 2666 quod
711 2591 792 2668 ipsae
814 2588 924 2649 babent
946 2590 1193 2667 significationem
1216 2597 1266 2650 aut
1287 2590 1485 2669 conparantis,
1499 2597 1551 2650 aut

255 2692 468 2771 praeferentis,
499 2690 596 2751 nullae
623 2710 673 2751 res
699 2689 809 2751 debent
836 2692 932 2769 iungi,
962 2707 1038 2769 quae
1065 2709 1185 2752 sensum
1213 2690 1326 2752 babent
1352 2691 1551 2772 praeferentis

255 2802 306 2854 ant
327 2794 525 2873 conparantis.
571 2803 603 2854 ut
630 2799 699 2872 puta
727 2793 751 2852 si
779 2791 859 2852 dicas
885 2795 958 2855 satis
986 2792 1105 2863 doctus,
1134 2801 1324 2872 augmentum
1347 2793 1452 2863 babet;
1484 2794 1551 2873 plus

256 2894 375 2964 doctus,
406 2903 598 2972 augmentum
626 2894 729 2963 babct;
758 2893 944 2956 abundanter
972 2894 1091 2965 doctus,
1121 2904 1312 2975 augmentum
1345 2894 1443 2956 babet.
1488 2913 1550 2956 non

255 2996 399 3058 debemus
426 2996 526 3057 dicere
553 2996 739 3058 abundanter
767 2995 896 3067 doctior,
926 2995 1110 3058 abundanter
1138 2997 1339 3065 doctIssimus;
1370 3015 1429 3058 non
1453 2996 1588 3059 deboo²⁵

257 3099 357 3160 dicere
380 3098 506 3159 multum
529 3097 735 3172 doctissimus,
759 3100 899 3177 quoniam
922 3100 977 3159 ista
993 3101 1092 3160 omnia
1108 3101 1349 3180 conparationem
1372 3100 1549 3178 significant,

254 3201 285 3264 id
308 3209 354 3262 est
375 3208 576 3278 augmentum.
622 3209 652 3260 et
680 3200 737 3260 boc
759 3200 875 3262 Probus
902 3202 1036 3279 seqnitur
1064 3211 1094 3261 ct
1122 3204 1163 3262 ait
1190 3202 1247 3271 sic,
1271 3201 1387 3262 ‘omnia
1410 3200 1549 3261 adverbia

255 3302 300 3364 vel
316 3320 431 3364 'ornnes
458 3302 635 3382 particulae,
666 3319 869 3380 quaecumque
898 3311 980 3373 sunt,
1011 3321 1085 3381 quae
1115 3302 1227 3363 babent
1254 3320 1374 3364 sensum
1401 3305 1548 3380 angentis,

256 3422 315 3464 non
342 3404 490 3482 iungenda
516 3414 586 3465 sunt
613 3423 669 3465 nec
697 3407 886 3486 conparativo
919 3424 974 3466 nec
1005 3405 1201 3486 superlativo,
1238 3404 1290 3465 sed
1319 3411 1433 3466 tantum
1459 3405 1549 3467 modo

256 3505 408 3584 positivo'.
456 3507 587 3567 Donatus
615 3515 714 3567 autem
741 3508 888 3587 praestitit
916 3507 1001 3568 nobis
1029 3507 1182 3577 auxilium,
1217 3515 1251 3568 ut
1278 3509 1408 3586 quinque
1436 3514 1588 3569 tantumno

256 3605 344 3666 modo
366 3606 558 3669 observemus
579 3627 638 3668 res.
683 3610 782 3668 omnia
803 3608 868 3677 illa,
892 3628 1096 3689 quaecumque
1119 3616 1200 3677 suut,
1224 3608 1402 3689 superlativo
1425 3619 1455 3670 et
1476 3628 1547 3671 con·

257 3710 388 3786 parativo
417 3710 578 3786 iunguntur
606 3709 770 3770 secundnm
799 3712 1004 3771 auctoritatem
1032 3710 1147 3772 Donati.
1191 3721 1290 3773 tamen
1314 3720 1344 3772 tu
1373 3712 1398 3771 si
1420 3709 1550 3772 volucris

255 3827 360 3889 puram
386 3810 486 3871 lacere
515 3792 729 3881 elocutionem,
759 3830 814 3872 nec
842 3811 908 3872 illas
934 3830 984 3873 res
1011 3811 1102 3874 debes
1129 3815 1281 3892 iungeret
1307 3815 1497 3892 conparativo
1520 3822 1551 3874 et

203 3969 208 3979 ,
257 3910 452 3990 superlativo,
470 3930 545 3989 quae
560 3930 680 3971 sensum
696 3912 808 3973 babent
823 3915 967 3991 augentis.
997 3923 1110 3976 tautum
1122 3914 1211 3976 modo
1226 3914 1350 3976 ostendo
1365 3917 1396 3976 in
1413 3915 1549 3996 exemplo

255 4032 319 4074 csse
341 4013 479 4092 positum.
524 4012 663 4072 Horatius
685 4015 726 4074 ait
1562 4024 1589 4064 ³5

257 4185 344 4192 —nu—

326 4285 340 4335 1
360 4293 398 4334 est
415 4300 461 4338 om.
482 4285 520 4347 A,
540 4284 601 4339 add.
617 4301 634 4334 a
704 4301 720 4335 a
744 4283 835 4352 Probo]
859 4289 936 4339 instit.
956 4298 1008 4340 ort.
1031 4305 1058 4352 p.
1075 4288 1154 4349 73,e
1224 4292 1239 4340 7
1258 4290 1414 4356 superlatiuo
1433 4291 1480 4340 sed
1496 4291 1550 4342 AC

255 4354 412 4419 superlatiuo
432 4357 560 4418 quaeritur
582 4356 627 4405 scd
645 4353 710 4405 Ba*
779 4355 796 4407 9
814 4365 842 4406 ut
858 4354 890 4423 si]
912 4372 941 4405 ao
959 4359 980 4407 si
998 4360 1081 4409 ABC
1152 4359 1183 4410 10
1200 4370 1364 4423 augmentum
1384 4359 1466 4411 iecisti
1486 4361 1549 4411 Lia-

255 4427 390 4477 demnnoua
460 4426 492 4476 12
516 4440 576 4491 ergo
599 4426 704 4476 istaeA
726 4441 788 4494 ergo
811 4429 834 4476 si
856 4429 920 4476 istac
938 4428 1014 4478 BCo
1086 4430 1117 4479 ll
1139 4431 1162 4479 si
1184 4429 1264 4495 (corr.
1285 4429 1381 4494 sica⁸i
1399 4447 1460 4497 ergo

256 4496 331 4560 (istae
349 4494 379 4559 a)
394 4495 532 4560 particulas
547 4495 572 4543 A
642 4498 806 4564 cooperantis
824 4499 1010 4547 Lindemnnncs
1032 4501 1189 4565 conparatini
1209 4501 1292 4551 ABG
1363 4500 1394 4551 15
1414 4515 1549 4566 compara-

255 4567 323 4615 tinns
348 4575 391 4615 aut
413 4565 584 4630 superlatiuus
604 4566 660 4616 AB
749 4566 782 4619 18
799 4569 822 4617 si
848 4577 931 4618 autem
951 4569 1120 4633 superlationis
1139 4572 1219 4632 (corr.
1238 4572 1308 4631 ·tini)
1326 4581 1350 4619 et
1368 4573 1549 4636 conparatione

255 4637 335 4695 (corr.
355 4636 425 4700 -tiui)
441 4637 493 4685 nim
507 4635 605 4686 liabens
618 4638 736 4703 augentis
755 4637 780 4687 id
800 4647 838 4687 est
855 4654 872 4687 α
889 4639 911 4686 si
929 4646 1013 4687 autern
1032 4653 1110 4704 super
1125 4681 1248 4695 ,,,,,,,
1268 4650 1306 4690 est
1325 4640 1349 4689 A
1399 4640 1494 4690 babent
1507 4640 1548 4692 Cb

256 4704 354 4755 habens
371 4706 397 4756 B
466 4706 576 4772 erigendi
594 4705 618 4755 B
688 4709 720 4759 21
736 4718 779 4757 aut
795 4709 962 4774 praeferentis
978 4708 1061 4758 nullae
1077 4711 1101 4759 A
1120 4721 1162 4762 nut
1177 4711 1361 4778 superferentis
1380 4711 1464 4761 nullae
1476 4710 1548 4761 Bca

345 4775 549 4826 tauroentum
585 4775 777 4828 meleremisB
866 4781 896 4830 {ll
922 4788 980 4827 som
1000 4778 1139 4844 iunguntur
1162 4782 1316 4843 superlatino
1335 4787 1360 4828 et
1380 4784 1547 4847 conparatiuo

220 4917 221 4921 Ἰ
256 4845 436 4911 iungunturA
489 4844 522 4896 33
542 4790 599 4895 itis
616 4847 869 4897 resLindemuanuo:
890 4864 929 4896 ros
947 4864 991 4899 om.
1011 4851 1097 4899 ABG
1146 4849 1548 4917 3ollormios]oorm,l18,15
