3346 5498
273 359 333 423 128
840 365 992 428 POlthEll
1048 395 1050 404 ι

295 470 440 524 poe-nr.

270 549 354 621 lieri,
379 550 499 611 ultimus
522 556 551 611 et
572 550 779 630 paenultimus,
823 552 889 612 vide
917 559 1024 632 quanta
1052 551 1194 614 brevitate
1222 551 1335 631 colligis
1362 554 1439 614 hanc
1465 555 1554 616 ratio·

271 671 348 715 nem.
381 653 458 732 apud
473 652 594 714 Latinos
611 653 710 715 ultima
729 653 839 733 syllaba
859 661 1013 715 accentum
1034 673 1093 717 non
1113 653 1216 722 habet;
1241 674 1301 716 non
1322 654 1398 717 licet.
1433 664 1554 737 excepta

270 757 323 816 ista
346 754 447 816 ultima
470 754 593 834 syllaba,
616 776 710 837 ›quam
739 776 799 818 non
825 756 896 817 lieet
922 756 1034 817 babere
1062 764 1232 826 accentum,
1260 756 1330 836 quirl
1358 758 1443 819 nobis
1464 758 1555 819 relin-

271 860 389 936 quitur?
410 853 415 940 l
433 865 466 917 nt
488 867 592 921 acutus
615 866 753 920 accentus
776 858 851 938 apud
875 859 993 919 Latinos
1016 858 1090 920 duos
1104 858 1212 920 habeat
1227 858 1316 929 locos
1340 860 1555 939 paenultimum

271 967 300 1020 et
322 959 618 1038 antepaenultimum,
642 961 850 1023 eircumllexus
872 969 1011 1024 accentus
1033 979 1125 1021 unum
1148 960 1257 1022 habeat
1279 960 1385 1032 locum,
1407 962 1582 1042 paeanitis

270 1054 360 1122 mum.
405 1061 485 1122 rides
508 1081 593 1142 ergo,
617 1071 725 1143 quanta
747 1063 888 1125 brevitate
910 1064 967 1124 hoc
989 1064 1027 1124 sit
1048 1064 1167 1124 lactum.
1208 1071 1268 1125 tres
1291 1073 1376 1126 erant
1397 1063 1453 1125 loci
1475 1065 1556 1124 acuti

271 1173 409 1224 accentus
432 1163 508 1243 apud
532 1164 673 1236 Graecos,
696 1166 829 1237 ultimus,
853 1165 1066 1246 paenultimus‚
1084 1166 1360 1247 antepaenultimus‚
1385 1174 1414 1227 et
1429 1168 1555 1227 circum-

270 1265 338 1326 llexi
361 1273 500 1326 accentus
522 1266 580 1327 duo
603 1274 687 1327 erant
708 1267 780 1338 loci,
805 1267 923 1329 ultimus
946 1276 975 1329 et
996 1269 1203 1350 paenultimus.
1241 1287 1360 1329 remove
1388 1270 1474 1329 istum
1505 1269 1557 1347 qni

270 1369 346 1449 apud
369 1368 489 1429 Latinos
511 1376 665 1430 accentum
688 1389 748 1430 non
776 1369 866 1431 habet
886 1372 1017 1449 penitus,
1048 1371 1077 1431 io
1108 1378 1151 1431 est
1179 1370 1323 1432 ultimum.
1360 1369 1417 1431 hoc
1439 1378 1556 1431 remoto

270 1472 328 1532 hoe
349 1478 500 1550 superest,
524 1478 556 1532 ut
577 1471 626 1532 ille
649 1471 870 1541 circumflexus,
899 1474 950 1551 qui
973 1472 1075 1533 habuit
1102 1473 1177 1533 duos
1199 1471 1294 1543 locos,
1323 1472 1430 1534 habeat
1451 1487 1595 1542 ununr,1⁰

271 1581 300 1633 et
322 1582 435 1641 acutus,
460 1574 510 1649 qui
532 1572 633 1634 babuit
655 1583 717 1635 tres
740 1573 834 1643 locos
859 1573 965 1635 babeat
987 1575 1069 1635 duos.
1104 1576 1190 1635 tertia
1214 1593 1285 1653 ergo
1308 1594 1324 1635 a
1346 1576 1405 1635 line
1427 1593 1486 1635 non
1501 1594 1555 1655 po·

271 1683 327 1736 test
348 1674 458 1737 babere
478 1677 535 1735 nisi
558 1684 712 1738 accentum
734 1683 868 1746 acutum,
891 1677 1028 1756 quoniam
1045 1676 1172 1738 diximus
1187 1684 1303 1737 acutum
1319 1695 1378 1737 non
1394 1676 1556 1737 ascendere

271 1779 326 1838 nisi
347 1797 440 1858 usque
468 1776 502 1836 ad
531 1780 651 1838 tertium
680 1777 790 1839 locum.
834 1796 904 1855 ergo
927 1780 1013 1838 tertia
1038 1777 1149 1858 syllaba
1176 1785 1248 1839 tune
1275 1777 1365 1839 habet
1388 1786 1554 1849 accentum,

270 1880 388 1959 quando
410 1877 591 1959 paenultima
614 1879 711 1941 brevis
734 1889 785 1941 est.
831 1879 897 1940 icleo
920 1873 1006 1939 tertia
1026 1879 1116 1940 habet
1138 1887 1255 1941 acutum
1283 1880 1395 1950 solum,
1426 1881 1554 1946 secunda

271 1983 366 2042 abne
395 1988 567 2059 utrumque,
597 1989 626 2042 et
653 1989 769 2042 acutum
798 1990 827 2042 et
854 1982 1084 2042 eircumllexum.
1129 1968 1187 2042 his
1203 1981 1317 2060 legibus
1345 1981 1437 2043 semel
1459 1985 1555 2062 captis
1568 2000 1594 2040 15

269 2085 328 2144 iam
351 2083 438 2145 modo
460 2083 611 2144 rideamus
634 2085 670 2145 de
693 2082 815 2162 singulis
837 2084 970 2163 partibus
993 2085 1148 2154 orationis,
1179 2093 1207 2145 et
1228 2085 1356 2164 primum
1378 2085 1555 2164 incipiemus

269 2194 396 2248 tractare
419 2185 455 2245 de
478 2185 696 2266 monosyllabis.
740 2195 895 2265 praeterea
918 2195 1072 2266 antequam
1096 2194 1264 2258 tractemus,
1288 2186 1344 2247 hoe
1367 2188 1462 2266 ipsum
1478 2188 1556 2247 scire

270 2288 374 2357 debes,
399 2290 466 2368 quia
490 2289 595 2367 positio
618 2289 648 2347 in
671 2288 840 2348 accentibus
857 2306 914 2348 non
931 2295 1108 2368 conputatur
1122 2291 1153 2348 in
1170 2287 1388 2369 monosyllabis.
1419 2287 1484 2348 talis
1500 2297 1554 2358 est,

270 2392 294 2450 si
316 2393 353 2452 sit
375 2392 519 2470 positione
542 2389 637 2467 longa,
661 2408 695 2450 ac
717 2391 742 2449 si
756 2392 803 2471 sit
824 2389 998 2450 naturaliter
1020 2389 1131 2450 brevis:
1156 2409 1214 2450 non
1230 2389 1299 2450 licet
1315 2398 1346 2450 ut
1361 2389 1472 2468 aliquid
1488 2389 1556 2469 plus

200 2517 205 2527 ·
269 2491 389 2562 lrabeat,
419 2492 560 2572 quantuni
588 2491 623 2551 ao
647 2499 786 2552 accentus
812 2494 955 2570 pertinet;
988 2493 1133 2572 positione
1161 2489 1248 2570 longa
1276 2490 1385 2572 syllaba
1408 2493 1433 2552 si
1455 2493 1596 2562 lueritso

271 2594 336 2655 talis
358 2603 415 2664 est,
440 2614 474 2655 ae
496 2597 520 2654 si
543 2612 602 2654 non
625 2595 662 2653 sit
684 2595 829 2672 positione
852 2593 947 2672 longa,
971 2593 1022 2652 secl
1045 2596 1083 2653 sit
1106 2592 1276 2654 naturaliter
1299 2588 1431 2675 brevis}

354 2695 551 2775 ltlonosyllaba
574 2715 642 2775 pars
665 2696 807 2755 orationis
830 2697 854 2755 si
874 2695 1050 2756 naturaliter
1077 2695 1251 2775 productam
1280 2694 1409 2755 vocalem
1438 2694 1553 2766 babeat

270 2797 491 2859 eircumllenum
514 2796 603 2858 habet
624 2806 787 2858 accentum.
833 2803 954 2877 utputa
978 2797 1044 2865 dcis,
1075 2796 1247 2858 naturaliter
1274 2796 1360 2876 longa
1389 2804 1447 2866 est;
1475 2801 1554 2877 spes,

270 2899 442 2961 naturaliter
471 2898 557 2978 longa
586 2908 642 2968 est;
666 2903 730 2967 aes,
760 2899 932 2960 naturaliter
960 2898 1046 2976 longa
1075 2907 1120 2959 est
1147 2897 1241 2979 [unde
1269 2899 1339 2959 lacit
1365 2898 1458 2980 aera]‚
1483 2900 1552 2978 quia

269 3003 468 3083 diphthongus
491 3008 543 3062 est.
588 2999 788 3080 monosyllaba
813 3019 883 3080 ergo
911 3020 980 3080 pars
1003 3003 1156 3071 orationis,
1186 3003 1211 3061 si
1233 2999 1405 3063 naturaliter
1426 2999 1556 3081 produc·
1570 3010 1597 3053 25

270 3114 328 3166 tam
353 3103 482 3165 vocalem
506 3103 655 3172 habuerit,
679 3103 899 3164 cneumllexnm
922 3103 1043 3164 habebit
1060 3110 1222 3164 accentum.
1268 3103 1338 3184 quill
1365 3106 1390 3165 si
1412 3102 1556 3164 naturali·

271 3216 316 3267 ter
339 3213 506 3287 correptam
530 3206 685 3266 babuerit?
714 3213 816 3267 acutus
844 3207 913 3275 erit,
943 3213 975 3265 ut
1002 3212 1071 3284 puta
1094 3214 1123 3266 et
1145 3225 1294 3286 necque:
1323 3206 1556 3284 ‘primusque

270 3309 471 3377 blaclraon’‚
497 3315 529 3368 nt
550 3310 588 3367 sit
611 3309 787 3369 coniunctio.
820 3307 891 3387 quid
915 3310 941 3368 si
962 3309 1108 3387 positione
1131 3306 1217 3386 longa
1240 3309 1295 3367 siti
1318 3307 1389 3367 illud
1406 3306 1485 3385 qnorl
1500 3308 1556 3368 tibi

270 3411 344 3480 dixi,
367 3413 410 3471 sic
432 3412 589 3489 accipitur,
614 3413 698 3490 quasi
720 3396 893 3471 naturaliter
916 3409 1021 3470 brevis.
1054 3428 1123 3487 ergo
1146 3408 1211 3470 talis
1234 3419 1279 3470 est
1293 3411 1440 3490 positione
1456 3408 1554 3488 longa,

270 3513 363 3594 qualis
386 3521 429 3574 est
451 3512 624 3574 naturaliter
648 3512 755 3573 brevis.
802 3521 831 3573 et
853 3513 980 3573 diximus
1002 3513 1032 3572 in
1056 3510 1139 3571 brevi
1161 3517 1279 3571 acutum
1302 3519 1454 3572 accentum
1479 3530 1553 3572 esse.
1569 3522 1596 3563 ³⁰

269 3619 295 3676 si
317 3634 387 3695 ergo
410 3615 508 3676 brevis
529 3623 646 3676 acutum
670 3622 824 3677 accentum
848 3614 952 3684 habet,
976 3623 1112 3692 superest
1126 3620 1159 3674 ut
1173 3614 1319 3693 positione
1334 3613 1421 3693 longa
1436 3623 1555 3675 acutum

269 3719 377 3779 lrabeat
398 3726 564 3779 accentum.
609 3726 641 3778 ut
663 3724 733 3795 puta
755 3719 804 3797 pix
827 3718 973 3796 positione
996 3725 1041 3777 est
1063 3714 1165 3793 longa;
1194 3715 1245 3776 secl
1274 3717 1413 3794 quoniam
1436 3725 1555 3778 natura·

270 3820 338 3881 liter
360 3839 418 3881 non
443 3828 487 3881 est
509 3818 606 3898 longa,
629 3828 745 3878 acutum
769 3818 857 3879 habet
879 3826 1043 3879 accentum.
1074 3818 1131 3878 hoc
1154 3824 1212 3888 est,
1237 3818 1315 3898 quod
1337 3824 1495 3879 tractatum
1511 3827 1558 3878 est

270 3923 307 3983 de
336 3932 420 3984 acuto
449 3929 572 3982 accentu
603 3930 631 3981 et
659 3920 859 3981 circumflexo.
910 3922 1008 3981 omnia
1037 3937 1108 3998 ergo
1136 3922 1165 3981 in
1194 3920 1366 3981 accentibus
1393 3919 1557 3982 secundum

273 4035 407 4086 naturam
431 4024 616 4102 colliguntur.
648 4025 672 4082 si
695 4024 785 4082 luerit
807 4020 866 4083 illic
887 4023 996 4086 vocalis
1019 4021 1191 4083 naturaliter
1206 4023 1311 4104 longa,¹
1331 4023 1555 4085 circnmllenum
1570 4036 1597 4074 :aa

272 4128 362 4188 babet
383 4135 551 4194 accentuum
575 4128 598 4185 si
621 4126 711 4186 luerit
733 4123 830 4185 brevis
853 4124 1039 4196 naturaliter,
1070 4126 1157 4185 etiam
1186 4128 1211 4185 si
1233 4128 1270 4185 sit
1292 4126 1437 4205 positione
1460 4124 1557 4203 longa,

274 4239 392 4290 acutum
416 4227 513 4288 habet.
544 4247 613 4289 ecce
636 4226 727 4287 habos
750 4226 785 4287 cle
808 4226 1030 4308 monosyllabis;
1054 4227 1205 4288 rideamus
1227 4228 1315 4288 motlo
1338 4227 1375 4286 de
1397 4225 1557 4305 disyllabis.

154 4346 215 4409 tae,
229 4346 260 4395 31
358 4329 503 4411 llisyllaba
526 4349 595 4408 pars
618 4331 758 4390 orationis
779 4349 838 4390 uno
861 4330 949 4390 modo
972 4331 1076 4409 recipit
1099 4330 1319 4390 circumflexum
1343 4335 1464 4395 tantum,
1487 4330 1560 4389 siet

272 4436 354 4515 prior
376 4432 548 4494 naturaliter
570 4431 659 4512 leriga
682 4434 720 4494 sit
743 4441 772 4493 et
794 4431 896 4493 ultima
918 4431 1091 4492 naturaliter
1114 4430 1226 4510 brevis,
1250 4441 1283 4494 ut
1305 4435 1398 4492 meta:
1434 4449 1481 4491 me
1506 4448 1558 4492 na-

342 4659 357 4708 5
377 4672 453 4705 unum
470 4656 551 4704 locum
568 4653 643 4705 babet
661 4656 685 4704 A
735 4654 752 4705 8
771 4655 874 4704 ultimus
893 4662 917 4704 et
938 4654 1151 4720 antepenultimas
1164 4653 1247 4704 ABG
1305 4654 1363 4716 qnia
1381 4655 1449 4718 upurl
1466 4654 1560 4703 latinos

273 4738 403 4777 accentum
424 4742 472 4776 non
493 4726 584 4774 liabent
596 4725 620 4772 A
693 4726 724 4775 lt
742 4726 881 4790 penultima
898 4725 982 4773 breuis
1001 4734 1038 4773 cst
1057 4726 1081 4773 A
1099 4725 1237 4789 penultima
1256 4725 1401 4772 naturaliter
1417 4725 1501 4773 breuis
1521 4737 1561 4775 est

274 4799 357 4848 Boe*
412 4796 638 4849 22voralemom
658 4797 710 4845 AG
761 4798 794 4844 ‘27
814 4811 861 4858 que
881 4796 1258 4860 utprimnsqner'nliturae:
1284 4795 1443 4858 Verp.Aen.
1465 4795 1559 4845 itari-3

342 4869 375 4916 2³8
394 4869 436 4917 tibi
457 4867 509 4915 uixi
528 4868 583 4916 Cu:
604 4869 646 4916 tilii
664 4882 708 4914 orti.
725 4866 777 4914 AB
847 4866 877 4915 at
897 4873 922 4913 ut
943 4866 1067 4930 positione
1087 4866 1110 4913 A
1128 4873 1155 4911 nt
1174 4866 1197 4912 iu
1219 4866 1343 4929 positione
1362 4864 1432 4914 BGn
