3346 5498
678 383 913 446 conuentum
1382 380 1442 444 109
1466 407 1473 418 ·

382 522 387 528 .
1271 503 1292 543 p.
1305 489 1417 530 29-311,

156 568 235 629 multi
257 567 338 629 illud.
376 586 443 629 nam
466 567 544 630 aliud
568 578 699 631 estesse
722 572 753 631 in
776 579 872 630 metro
895 588 950 631 nec
973 571 1143 650 conputari,
1172 568 1251 630 aliud
1280 576 1325 629 est
1347 571 1441 649 proici

155 669 188 730 de
210 677 317 730 metro.
362 678 431 750 puta
459 672 484 730 si
513 669 595 731 dicas
623 670 751 732 ‘lumina
773 674 902 752 prima’,
930 670 1041 731 lumina
1065 669 1198 751 dactylus
1221 679 1278 740 est,
1302 671 1372 731 licet
1395 690 1441 731 se·

154 779 258 852 quatur
280 790 300 852 p
323 779 387 832 etr
413 779 442 832 et
464 773 557 852 possit
578 772 676 834 lacere
705 775 890 852 superiorem
913 771 1045 850 longam;
1076 780 1105 832 et
1132 772 1202 832 licet
1223 773 1261 833 sit
1282 771 1322 832 ibi
1346 791 1375 842 r,
1400 781 1441 831 ta-

153 892 218 934 men
254 892 316 934 non
348 872 390 934 ibi
423 881 610 953 conputatur.
655 893 714 935 non
743 875 810 935 dico
837 878 970 936 ‘lumina
995 877 1106 950 pima’,
1134 875 1189 934 sed
1215 874 1281 933 dico
1313 872 1441 934 ‘lumina

131 977 282 1054 sprtma’:
308 993 377 1035 ecce
399 974 441 1035 ibi
464 985 509 1037 est
530 995 546 1036 r
568 985 597 1037 et
618 983 717 1037 tamen
741 995 799 1037 non
829 985 1016 1056 conputatur.
1061 979 1248 1037 econtrario
1270 976 1300 1035 in
1323 974 1371 1034 illa
1394 973 1440 1034 lit·

152 1085 226 1145 tera,
250 1075 304 1138 ubi
327 1087 422 1146 ests,
448 1096 506 1138 non
530 1085 614 1157 potes
630 1096 694 1139 eam
711 1077 752 1138 ibi
775 1080 946 1159 permittere
969 1086 999 1138 et
1019 1080 1061 1138 sic
1084 1077 1228 1158 prolerre,
1251 1077 1303 1138 sed
1319 1094 1441 1157 neccsse

152 1178 242 1238 babes
270 1177 351 1239 illam
379 1178 546 1240 excludere.
592 1198 649 1240 non
678 1198 800 1260 possum
828 1179 928 1241 dicere
956 1182 1076 1260 ‘ponite
1104 1198 1172 1259 spes
1202 1179 1258 1239 sibi
1286 1179 1439 1258 quisque’‚

151 1279 200 1340 sed
224 1279 327 1341 dicere
349 1279 446 1341 babeo
468 1283 588 1361 ‘ponite
610 1301 663 1362 pes
684 1281 740 1342 sibi
762 1284 913 1362 quisque’.
946 1282 1026 1342 rides
1041 1282 1179 1362 quoniam
1195 1280 1345 1353 dillerunt,
1361 1279 1440 1359 quod

151 1381 216 1442 illae
243 1390 328 1452 snut,
355 1382 407 1443 sed
440 1401 500 1444 non
534 1391 748 1463 conputantnr;
783 1386 838 1444 ista
872 1402 928 1444 nec
959 1392 1002 1444 est
1025 1383 1160 1464 quidem,
1184 1401 1252 1443 nam
1276 1382 1441 1443 excluditur

122 1483 225 1544 uinde.
272 1483 329 1545 lioc
359 1484 478 1565 quidem
506 1484 568 1546 leve
598 1493 655 1552 est;
687 1495 731 1546 est
753 1484 846 1555 aliud,
875 1484 954 1566 quod
978 1493 1023 1546 est
1044 1487 1157 1554 verius,
1181 1501 1241 1562 qno
1264 1484 1441 1545 dillernnta

151 1603 188 1644 se.
233 1583 364 1663 liquidae
391 1586 459 1648 illae
487 1604 650 1665 numquam
678 1587 858 1667 liquescunt,
888 1589 945 1647 nisi
972 1585 1148 1648 antecedant
1175 1586 1265 1656 aliae;
1293 1588 1347 1647 ista
1371 1604 1441 1647 vero

153 1705 310 1767 numquam
326 1668 482 1767 liquescit,
507 1691 564 1748 uisi
586 1690 648 1768 ipsa
671 1689 835 1750 antecedat.
871 1708 939 1750 ecce
963 1688 1104 1766 liquidam
1127 1691 1183 1749 nisi
1205 1684 1354 1749 interieris
1376 1696 1442 1767 post

151 1798 258 1850 mutam
283 1797 334 1850 aut
356 1789 457 1869 posti
480 1789 696 1860 semivocalem,
721 1809 779 1851 non
803 1791 946 1870 liquescit,
971 1793 1108 1871 quoniam
1132 1810 1190 1851 non
1214 1799 1311 1871 potest
1332 1789 1441 1870 liques·

151 1910 233 1962 cere,
262 1892 320 1952 nisi
342 1890 479 1952 babuerit
501 1901 552 1953 aut
573 1900 685 1954 mutam
708 1901 758 1953 ant
779 1892 985 1954 semivocalem
1009 1892 1244 1954 antecedentem.
1283 1911 1299 1952 e
1321 1901 1439 1952 cttttlt'd·

121 1995 191 2054 urio
218 2013 233 2053 s
263 2012 324 2054 noo
350 2001 448 2073 potest
475 1992 655 2071 liquescere,
685 1995 741 2055 nisi
769 1996 832 2074 ipsa
860 1995 1023 2056 antecedat.
1055 1991 1058 2072 l
1089 1996 1237 2074 ‘ponite
1259 2012 1345 2073 spes
1368 1991 1441 2054 sibi

150 2097 334 2175 quisque',
373 2099 501 2175 ‘saepe
541 2095 668 2157 stilum
711 2102 870 2156 vertas’:
915 2097 995 2157 vides
1038 2097 1104 2173 quia
1143 2095 1191 2156 ubi
1228 2094 1342 2155 tollitur
1378 2096 1440 2173 ipsa

148 2199 227 2276 prior
252 2206 307 2258 cst.

296 2317 376 2360 nam
400 2300 490 2360 lieri
513 2301 669 2360 iuvenes
690 2299 814 2360 subito
837 2318 878 2360 ex
902 2299 1113 2360 infantibus
1134 2300 1291 2379 parvis':

148 2400 249 2480 incipis
272 2420 287 2461 s
310 2400 477 2462 excludere.
523 2400 579 2462 hoc
602 2404 726 2462 interest
747 2403 825 2463 inter
848 2402 974 2481 liquidas
997 2409 1026 2461 et
1048 2403 1133 2462 istam
1155 2421 1171 2462 s
1192 2401 1336 2468 litteram,
1360 2399 1439 2477 quod

119 2501 213 2563 uillae
235 2511 307 2564 tunc
330 2502 541 2573 excluduntur,
570 2522 636 2564 cum
660 2505 843 2583 postpositae
866 2504 977 2564 luerint
1000 2513 1110 2573 mutae,
1140 2505 1195 2564 ista
1218 2513 1288 2564 tunc
1311 2502 1440 2562 excludi·

149 2611 204 2675 tur,
227 2604 348 2686 quando
371 2606 535 2684 anteposita
558 2605 657 2665 tuerit.

227 2707 306 2768 Sunt
332 2717 430 2768 autem
459 2706 587 2785 liquidae
615 2715 768 2786 quattuor,
798 2706 850 2767 sed
879 2725 939 2767 non
963 2725 1067 2768 omnes
1089 2706 1216 2787 liquidae
1239 2715 1316 2767 sunt.
1361 2704 1438 2785 apud
1451 2707 1511 2769 42²,
1523 2708 1557 2757 26

149 2807 274 2869 Graecos
297 2808 416 2886 quidem
439 2828 544 2870 onmes
566 2808 746 2889 liquescunt,
771 2808 848 2889 apud
871 2808 992 2877 Latinos
1013 2807 1089 2869 duae
1111 2810 1299 2886 frequenter,
1323 2806 1332 2867 Ι
1355 2817 1385 2868 et
1406 2827 1437 2876 r;

149 2926 173 2968 m
193 2928 263 2971 vero
286 2928 447 2990 numquam
476 2911 553 2991 apud
582 2909 704 2971 Latinos
731 2910 881 2990 liquescit,
918 2911 976 2970 nisi
1002 2911 1032 2971 in
1060 2911 1175 2988 graecis
1205 2909 1388 2979 nominibus;
1418 2928 1437 2969 n

121 3025 214 3072 sucro
241 3029 325 3081 raro,
355 3011 364 3071 l
392 3020 420 3073 et
448 3032 463 3073 r
492 3013 740 3093 frequentissime.
786 3012 838 3072 sed
867 3011 985 3089 quando
1013 3010 1197 3091 liquescunt?
1225 3030 1285 3072 non
1308 3030 1435 3091 semper,

149 3112 195 3173 sed
219 3115 488 3192 quotienscumque
510 3117 690 3195 postpositae
713 3115 833 3175 inerint.
866 3123 896 3174 et
918 3114 974 3174 hoc
996 3112 1087 3174 debes
1110 3115 1152 3174 sic
1175 3112 1360 3191 intellegere,
1377 3130 1436 3190 quo

149 3215 231 3275 nodo
261 3224 290 3274 et
318 3213 390 3275 illud
419 3216 498 3296 qnod
527 3216 653 3277 diximus
676 3216 713 3276 de
735 3218 928 3295 aspiratione,
954 3218 1091 3293 quoniam
1115 3233 1188 3284 non,
1217 3218 1436 3295 quotienscum-

149 3334 200 3394 que
222 3318 403 3396 postpositae
425 3318 549 3387 iuerint,
572 3317 753 3398 liquescunt;
776 3316 828 3378 sed
845 3319 1110 3395 quotienscumque
1125 3317 1305 3396 liquescunt,
1329 3318 1438 3377 totiens

149 3427 378 3498 postponuntur,
410 3419 440 3478 id
469 3428 514 3479 est
541 3437 600 3480 non
624 3421 890 3499 quotienscumque
919 3421 1098 3499 postpositae
1121 3426 1204 3486 sunt,
1229 3421 1317 3479 etiam
1339 3420 1437 3478 statim

122 3517 324 3599 uliquescuot,
362 3519 414 3581 sed
452 3523 718 3600 quotienscumque
755 3519 939 3601 liquescunt,
978 3539 1100 3581 necesse
1138 3529 1183 3581 est
1220 3527 1252 3581 ut
1288 3522 1436 3600 postposi-

149 3629 190 3681 tae
215 3624 284 3682 sint.

226 3725 369 3801 Sequitur
392 3726 479 3784 etiam
509 3725 529 3784 i.
574 3727 627 3785 ista
651 3725 664 3784 l
685 3724 746 3786 sola
770 3728 966 3807 praeponitur
989 3725 1122 3805 liquidis,
1148 3724 1226 3786 nulla
1250 3726 1306 3787 alia
1330 3725 1366 3786 de
1389 3744 1436 3786 se·

149 3824 341 3886 miuocalibns.
373 3825 377 3901 Ι
406 3844 475 3886 nam
503 3829 695 3906 praeponitur
723 3827 843 3906 liquidis
866 3826 981 3889 duabus
1003 3827 1064 3888 sola
1088 3827 1112 3896 i;
1143 3830 1336 3907 praeponitur
1358 3827 1368 3887 l
1391 3827 1436 3887 lit-

150 3934 238 3997 tcrae,
262 3929 287 3988 si
310 3927 391 3988 dicas
406 3927 537 3998 Flavius;
560 3930 753 4009 praeponitur
776 3949 791 3989 r
813 3928 943 4000 litterae,
968 3932 993 3991 si
1016 3930 1096 3990 dicas
1119 3929 1218 3990 irater.
1254 3937 1299 3989 est
1321 3928 1438 3989 libellus

120 4026 180 4088 zue
207 4028 341 4110 syllabis,
371 4028 460 4108 legite
487 4028 580 4091 illum.
625 4049 684 4091 non
712 4030 749 4091 de
777 4029 897 4108 syllabis
924 4030 996 4093 dicit
1023 4031 1058 4092 ad
1087 4041 1181 4091 artem
1214 4034 1436 4108 grammaticam

147 4131 373 4208 pertinentibus,
398 4131 450 4191 sed
472 4131 543 4192 dicit
566 4131 619 4193 tibi
641 4153 657 4194 r
679 4132 775 4193 littera
792 4140 864 4212 quot
885 4131 1011 4212 syllabas
1031 4134 1116 4209 lacit,
1141 4141 1171 4193 et
1193 4140 1344 4213 conputat,
1366 4141 1436 4213 puta

149 4285 448 4295 —-—.-.——-.-—-...

210 4390 225 4437 t
246 4402 296 4438 non
322 4388 379 4437 dico
401 4386 497 4438 lumina
520 4388 635 4453 (lirinens
654 4387 724 4451 Au)
744 4389 825 4453 prima
848 4402 907 4437 eece
926 4387 1035 4439 unct
1104 4388 1122 4439 6
1145 4403 1193 4438 non
1219 4398 1302 4455 potest
1326 4388 1436 4441 ABGL

146 4507 150 4514 ,
210 4458 227 4508 9
251 4458 303 4506 illic
326 4465 385 4505 som
408 4459 454 4508 sed
480 4473 529 4508 non
552 4467 721 4524 conputantur
740 4461 764 4507 in
789 4461 803 4508 ἓ
824 4459 926 4522 quidem
944 4474 956 4507 s
977 4473 1022 4508 nec
1040 4457 1084 4506 sed
1103 4459 1247 4509 excluditur
1268 4460 1327 4508 inde
1348 4460 1369 4509 C

146 4524 202 4591 luta]
222 4539 259 4576 est
280 4528 306 4577 L
325 4529 466 4577 sialituro
486 4529 520 4583 A.
541 4543 586 4577 om.
601 4527 627 4577 B
713 4530 746 4579 lo
764 4527 853 4594 saepe]
873 4529 939 4577 Hor.
958 4537 1008 4580 sut.
1030 4525 1096 4583 110,
1116 4530 1149 4578 72
1167 4529 1226 4592 (stt)
1315 4530 1374 4590 quia
1392 4527 1435 4576 nbi

145 4597 237 4646 tollitur
254 4597 337 4646 BCL
355 4600 413 4660 quia
430 4601 471 4647 ubi
492 4599 536 4647 irbi
557 4597 651 4647 tollitur
667 4600 692 4647 Α
752 4609 791 4647 est
810 4615 855 4650 om.
875 4598 987 4648 Altcl.
1059 4597 1092 4648 18
1108 4613 1165 4646 nam
1183 4626 1216 4634 —
1234 4597 1369 4647 excludere
1387 4613 1433 4647 om.

146 4666 176 4726 0,
193 4681 251 4716 nam
265 4669 399 4731 -parvis
419 4670 511 4719 addc
532 4670 558 4716 in
578 4683 673 4731 uturp:
693 4669 798 4717 Lucret.
821 4671 828 4717 l
853 4668 902 4720 186
990 4667 1024 4718 tu
1040 4667 1067 4715 id
1087 4678 1190 4717 estnon
1210 4670 1433 4730 quotienscumque

145 4739 300 4802 postpositae
319 4735 413 4786 luerint
430 4739 475 4786 sed
493 4749 552 4786 tunc
569 4737 711 4799 liquescunt
724 4753 779 4787 eum
794 4748 862 4787 muta
879 4753 935 4786 eum
954 4739 1117 4788 semiuoeotis
1134 4739 1246 4803 procedit
1264 4736 1344 4785 isola
1362 4753 1434 4803 prae·

145 4808 242 4869 ponitur
262 4807 286 4855 l.
355 4805 388 4857 3¹2
405 4809 508 4870 liquidis
525 4808 623 4856 duabus
644 4808 712 4856 oolla
731 4809 756 4858 Α
827 4808 860 4859 36
878 4808 1268 4874 pertinentibusbpeniuentes
1288 4806 1375 4857 ABG

144 4875 187 4928 ted
205 4877 266 4927 dicit
284 4876 318 4925 ibi
337 4875 410 4928 BGa
428 4878 473 4927 sed
493 4879 526 4927 ibi
549 4879 571 4925 .·i
625 4888 685 4942 quot
704 4877 816 4943 syllabas
835 4878 886 4928 Bu
904 4880 972 4941 qnod
988 4877 1102 4943 syllabas
1121 4878 1145 4926 Α
1165 4887 1226 4943 quot
1245 4876 1351 4942 syllabis
1370 4877 1391 4931 0
