3346 5498
683 392 918 455 COMMENTVM
1070 426 1080 449 ι
1387 392 1450 458 293

1264 515 1285 554 p.
1299 504 1388 546 aas-xo
1400 502 1423 545 ι.

626 595 674 656 DE
696 596 855 657 catanis
879 594 988 658 VlTllS

240 714 413 794 Acyrologia
450 715 652 796 cacenphaton
688 714 875 794 pleonasmos
911 715 1105 794 perissologia
1141 718 1320 797 macrologia
1355 728 1449 780 tauto·

152 815 233 895 logia
257 816 374 896 eclipsis
396 818 537 897 tapinosis
567 817 797 897 cacosyntheton
826 817 1021 897 amphibolia:
1067 818 1193 878 diximus
1221 817 1449 899 barbarismum,

153 917 284 978 diximus
306 919 530 989 soloecismum;
553 921 704 980 veniamus
729 917 734 1000 Ι
758 920 793 980 ad
821 919 871 979 illa
901 920 1003 981 decem
1027 922 1104 980 vitia.
1149 921 1316 1001 acyrologia
1340 932 1385 984 est
1405 923 1449 984 in·

123 1022 278 1100 5propria
300 1021 405 1091 dictio,
435 1023 512 1101 siqui
535 1023 687 1101 inproprie
711 1020 791 1101 loqui
813 1020 974 1092 volueriut,
1003 1031 1036 1083 ut
1057 1024 1082 1082 si
1105 1021 1185 1082 dicas
1215 1023 1337 1085 ‘dentes
1367 1044 1451 1086 meos

152 1140 256 1202 pugno
277 1122 384 1193 iudit'‚
408 1142 469 1183 non
498 1132 544 1183 est
565 1124 733 1203 proprium,
757 1122 809 1183 sed
831 1123 954 1184 ‘dentes
981 1144 1064 1185 meos
1092 1142 1192 1205 pugno
1220 1126 1336 1202 lregit':
1381 1145 1450 1187 nam

154 1243 222 1285 ossa
245 1225 341 1304 lrangi
361 1235 500 1304 possunt,
523 1244 584 1286 non
607 1224 705 1293 lundi;
744 1227 801 1285 ista
827 1225 993 1304 acyrologia
1016 1234 1069 1287 est.
1115 1236 1144 1287 ct
1171 1236 1203 1288 ut
1231 1234 1299 1306 puta
1323 1229 1348 1288 si
1371 1227 1451 1289 dicas

152 1325 250 1388 ‘inste
279 1345 366 1387 crura
389 1329 452 1388 eius
480 1327 639 1405 pertudit',
664 1346 718 1388 nec
742 1326 798 1387 hoc
820 1328 975 1406 proprium
999 1336 1053 1398 est,
1076 1329 1129 1389 scd
1156 1329 1250 1390 ‘suste
1276 1347 1363 1392 crura
1386 1331 1449 1391 cius

153 1429 271 1506 lregit'.
316 1430 371 1488 ista
395 1437 441 1488 est
461 1430 662 1508 inproprietas
684 1429 858 1489 dictionum.
903 1427 995 1489 babes
1017 1434 1048 1490 in
1071 1421 1214 1507 Vergilio¹

108 1559 139 1599 10
307 1531 403 1590 hunc
427 1548 494 1608 ego
514 1532 546 1590 si
568 1531 671 1609 potui
694 1539 837 1591 tantum
860 1549 1019 1609 sperare
1041 1530 1221 1592 dolorem.

153 1650 310 1711 speramus
333 1632 420 1703 bona,
444 1634 582 1692 timemus
604 1631 690 1692 mala.
722 1650 793 1710 ergo
815 1635 872 1693 ista
894 1650 953 1693 non
976 1636 1098 1712 proprie
1120 1633 1236 1695 locutus
1259 1643 1304 1695 est
1323 1634 1449 1697 dicendo

154 1733 289 1795 dolorem
312 1752 443 1814 sperare,
467 1752 535 1794 curn
558 1732 709 1794 debuisset
724 1734 824 1794 dicere
847 1734 981 1796 dolorem
997 1737 1113 1805 timere,
1138 1735 1236 1798 ‘hunc
1257 1755 1312 1815 ego
1327 1739 1353 1797 si
1366 1739 1450 1816 potui

152 1843 269 1898 tantum
292 1839 432 1915 sperare'
455 1854 509 1913 pro
533 1854 567 1895 eo
591 1835 669 1915 quod
693 1845 737 1897 est
759 1838 874 1897 timere.

240 1937 448 2017 Cacenphaton
471 1938 577 1998 dicitur
600 1936 729 1998 obscena
752 1939 927 1999 enuntiatio.
971 1940 1003 1999 tit
1025 1946 1122 1999 autem
1151 1948 1201 1999 aut
1228 1942 1259 2000 in
1283 1959 1340 2001 una
1364 1951 1518 2020 partettt,
1536 1955 1567 2001 15

109 2068 140 2106 ιε
155 2042 297 2101 orationis
319 2049 369 2100 aut
390 2041 421 2100 in
444 2047 585 2099 contextu
606 2041 734 2118 partium
758 2040 900 2099 orationis
921 2042 1016 2100 autin
1036 2059 1136 2109 sensu,
1161 2042 1239 2118 qnod
1263 2051 1308 2102 est
1329 2061 1447 2104 revera

154 2141 315 2203 vitandum.
354 2143 385 2202 fit
407 2150 505 2202 autem
528 2142 558 2200 in
581 2160 638 2200 uua
661 2149 746 2220 parte
769 2143 921 2210 orationis,
945 2150 978 2202 ut
1001 2151 1046 2202 est
1068 2141 1140 2203 illud
1163 2142 1240 2222 apud
1264 2143 1447 2215 Terentium,

153 2246 299 2322 ‘arrige
327 2262 435 2303 aures
463 2241 686 2321 Pamphile’;
720 2249 817 2321 potest
845 2251 874 2303 et
901 2242 1061 2304 obscenam
1090 2263 1154 2305 rem
1183 2263 1305 2305 souare:
1337 2255 1389 2306 aut
1416 2248 1447 2307 in

153 2353 293 2406 contextu
316 2347 444 2424 partium
467 2345 618 2413 orationis,
642 2347 852 2405 ‘numerum
880 2364 959 2405 cum
982 2344 1142 2430 paribus
1165 2351 1332 2426 aequet';
1359 2345 1363 2426 Ι
1386 2347 1447 2409 col·

151 2448 250 2508 lidunt
276 2449 358 2526 ipsae
383 2458 484 2526 partes
514 2455 543 2505 et
571 2445 733 2507 obscenum
762 2445 871 2526 aliquid
900 2454 1015 2507 sonant.
1064 2449 1120 2508 ista
1150 2450 1181 2507 in
1211 2467 1301 2509 sensu
1329 2450 1447 2511 vitanda

112 2577 140 2616 an
154 2558 225 2612 sunt
245 2569 279 2610 re
301 2567 380 2609 vera.
412 2548 460 2608 illa
484 2549 563 2608 enirn
586 2549 674 2608 etiam
696 2550 784 2626 pueri
804 2557 931 2627 possunt
953 2550 1039 2618 scire,
1062 2551 1092 2609 in
1117 2568 1176 2609 una
1197 2559 1282 2629 parte
1305 2553 1448 2612 orationis

154 2651 232 2730 quod
261 2653 294 2712 lit
321 2653 424 2711 autin
452 2657 589 2710 contextu
618 2651 746 2728 partium
774 2651 926 2711 orationis.
976 2650 1180 2730 cacenphaton
1210 2669 1329 2732 quoque
1356 2654 1389 2713 lit
1416 2654 1446 2714 in

153 2772 251 2822 sensu,
274 2753 353 2832 quod
377 2771 409 2813 re
431 2770 501 2812 vera
523 2751 682 2812 vitandum·
696 2757 749 2819 εει,
773 2762 805 2812 nt
827 2760 873 2811 est
894 2751 967 2812 illud
989 2752 1068 2832 apud
1091 2751 1273 2823 Sallustium,
1297 2755 1376 2834 quod
1392 2773 1445 2816 no·

155 2865 290 2917 taverunt
312 2874 424 2923 omnes
447 2854 659 2934 ‘proiectus
682 2851 827 2930 quidam
850 2853 963 2932 Ligus
986 2854 1026 2915 ad
1049 2856 1235 2932 requisita
1260 2859 1444 2918 naturae'.

154 2957 246 3017 voluit
267 2957 367 3017 dicere
389 2955 548 3017 obscenam
571 2975 645 3017 rem.
690 2974 766 3034 quae
788 2958 952 3017 necessitas
974 2958 1080 3024 iuerat,
1105 2965 1138 3017 ut
1160 2956 1196 3017 ad
1219 2965 1278 3017 tam
1302 2956 1444 3017 humilem
1482 3013 1484 3016 Α

112 3086 141 3124 25
155 3066 184 3118 et
208 3058 294 3119 vilem
318 3059 546 3137 descriptionem
571 3055 828 3135 historiographus
850 3057 1063 3119 descenderet?
1091 3076 1161 3119 ecce
1183 3058 1385 3139 cacenphaton
1401 3068 1446 3120 est

153 3161 251 3229 modo,
274 3161 325 3220 sed
348 3163 379 3220 in
402 3178 502 3219 seusu.
546 3178 613 3219 nam
637 3166 778 3237 quantum
807 3157 843 3217 ad
866 3158 955 3219 verba
978 3162 1122 3238 pertinet,
1153 3159 1276 3220 honesta
1305 3158 1441 3220 elocutio.

154 3282 225 3341 ergo
248 3264 303 3322 ista
326 3261 442 3321 vitanda
465 3269 541 3331 suut,
565 3279 641 3338 quae
664 3260 761 3337 turpia
783 3259 919 3320 videntur
943 3280 1008 3321 esse
1030 3263 1061 3322 iu
1084 3280 1182 3321 sensu.
1217 3259 1332 3322 habetis
1355 3264 1442 3344 etiam

152 3364 229 3444 apud
253 3363 406 3423 Horatium
430 3365 484 3421 ‘et
506 3371 587 3424 tuos
611 3360 745 3422 rubros
768 3360 956 3421 obstetrix
979 3380 1116 3440 pannos
1139 3362 1259 3424 lavit’.
1295 3382 1358 3424 rem
1382 3370 1443 3424 tur·

152 3467 303 3546 pissiniani
326 3466 413 3533 dixit,
443 3463 530 3523 rerba
553 3467 668 3542 integra
691 3470 760 3524 sunt
782 3471 811 3522 ct
832 3482 916 3532 sana,
946 3482 1050 3524 seusus
1077 3465 1143 3543 ipse
1165 3466 1315 3543 pessimus
1338 3473 1368 3525 cl
1389 3465 1441 3525 ob·

112 3587 268 3633 aescenus
315 3585 385 3644 ergo
413 3567 467 3625 ista
491 3565 607 3625 vitanda
628 3575 698 3625 sunt
726 3566 867 3642 graviter,
900 3583 960 3625 non
982 3584 1122 3626 concessa
1152 3574 1220 3626 sunt
1245 3567 1303 3628 ista
1324 3567 1443 3645 penitus

153 3671 209 3729 nisi
231 3670 365 3728 satiricis.
1227 3678 1229 3680 ·

223 3891 255 3939 10
273 3885 354 3954 laune]
376 3891 456 3953 Vcrp.
475 3888 541 3940 Aen,
561 3889 605 3936 1111
624 3887 676 3939 tlt]
729 3890 761 3938 14
777 3898 820 3936 aut
835 3891 915 3952 primo
931 3891 986 3939 loco
1004 3904 1050 3938 om.
1066 3888 1144 3938 Bos
1214 3887 1329 3954 tcaput
1348 3890 1443 3939 Teren-

154 3957 226 4026 tium]
246 3960 371 4011 Αἰνείην
389 3961 415 4022 4,
434 3957 468 4008 30
537 3959 570 4008 17
589 3959 659 4007 auris
678 3956 824 4025 phamphlle
842 3959 867 4007 B
955 3954 1150 4023 assumerem]
1177 3958 1256 4024 terp.
1278 3959 1342 4008 Aen.
1363 3961 1373 4008 l
1394 3958 1442 4010 193

222 4040 314 4091 aequat
332 4030 356 4077 P
424 4027 555 4077 conlidunt
577 4029 648 4092 ipsae
665 4027 679 4076 d
704 4029 823 4077 callidum
839 4030 911 4093 ipsae
930 4027 955 4077 B
974 4029 1065 4077 callide
1083 4030 1154 4091 ipsas
1173 4028 1194 4077 0
1210 4028 1303 4078 calidet
1321 4030 1392 4093 ipsas
1410 4028 1442 4078 S:

153 4100 259 4148 callidae
280 4101 351 4163 ipsae
370 4108 455 4163 partes
471 4099 606 4147 obscenum
626 4097 723 4159 aliquid
739 4109 831 4147 sonent
849 4113 939 4148 reuera
957 4100 982 4147 P
1051 4097 1083 4148 19
1098 4108 1187 4146 sonant
1205 4109 1248 4148 ant
1266 4100 1314 4147 ista
1329 4099 1355 4148 B
1369 4108 1443 4149 sonat

154 4179 196 4217 aut
215 4171 263 4218 ista
277 4170 297 4219 G
313 4180 384 4217 sonet
402 4179 445 4216 aut
465 4169 514 4217 ista
530 4171 551 4219 S
619 4169 651 4217 21
671 4165 783 4234 quoque]
801 4168 868 4231 quod
885 4167 992 4218 BCSP
1059 4167 1094 4217 23
1107 4166 1235 4232 perlectus
1253 4169 1356 4232 qnidam
1374 4168 1442 4234 ligus

152 4240 183 4288 ad
203 4240 348 4301 requisitam
374 4250 488 4287 naturam
514 4239 545 4287 P.
564 4238 678 4287 Sallustii
694 4237 859 4303 srnpmentum
875 4238 955 4288 edidit
974 4239 1116 4288 Ludoot'ms
1131 4236 1222 4288 Cama'o
1244 4254 1279 4286 ear
1296 4238 1446 4303 Flodepart'a'

151 4311 323 4359 commentario
340 4311 365 4359 t'n
385 4310 514 4367 lineatum,
532 4309 565 4358 de
584 4323 632 4372 quo
650 4309 686 4357 itu
703 4309 806 4374 scripsit
822 4307 899 4360 sttol.
918 4310 944 4356 t'n
956 4308 1060 4359 Sallust.
1077 4308 1163 4357 ht'stor.
1176 4322 1202 4370 p.
1223 4307 1273 4357 234
1293 4307 1347 4370 (ed.
1365 4308 1441 4358 Anto.

153 4397 178 4427 a.
193 4379 272 4440 toto)
290 4379 481 4442 ‘flodegarius
496 4378 528 4427 dc
545 4394 593 4442 quo
607 4377 669 4426 alibi
685 4377 746 4428 nibil
762 4381 846 4443 tepere
862 4379 965 4442 manant,
983 4380 1008 4425 t'n
1025 4378 1202 4428 Commutatio
1216 4378 1253 4427 aet
1263 4376 1443 4427 Barbarismoa

153 4451 256 4512 Donati,
275 4449 317 4512 qui
337 4452 362 4497 in
379 4447 527 4499 bibliotheca
543 4448 683 4498 Etnonenst'
699 4449 796 4497 calamo
813 4455 939 4497 exaratus
955 4454 1056 4508 exstat,
1078 4448 1120 4511 ut,
1139 4450 1219 4511 inquit
1239 4445 1395 4511 cacophaton
1415 4447 1441 4495 in

153 4587 358 4653 historiographo
381 4588 419 4636 vel
440 4588 557 4651 prudenti
577 4598 700 4636 narratur.
729 4588 796 4637 unde
816 4585 963 4635 Sallustius:
982 4585 1111 4651 proiectus
1129 4587 1232 4650 quidam
1251 4585 1330 4649 Ligus
1350 4584 1383 4633 ad
1401 4600 1441 4633 re·

153 4659 246 4720 quisita
267 4669 380 4708 naturae.
405 4660 464 4707 item
485 4658 616 4720 Horatius,
637 4667 661 4706 et
677 4667 732 4707 tuos
752 4656 841 4705 rubros
860 4655 981 4705 obstetrix
1002 4670 1099 4721 pannos
1115 4656 1185 4708 lauit.
1217 4657 1243 4703 in
1261 4654 1354 4716 quibus
1372 4654 1440 4717 qnod

153 4728 185 4776 ad
205 4729 280 4777 verba
299 4729 395 4789 attinet,
416 4727 521 4776 honesta
540 4738 578 4777 est
596 4727 713 4786 elocutio,
733 4728 765 4775 de
783 4742 809 4773 re
828 4736 913 4773 tamen
934 4725 1098 4789 turpissima'
1168 4727 1202 4773 ⁴24
1218 4738 1283 4787 quae
1301 4726 1441 4773 necessitas

152 4797 236 4846 BSP
253 4798 297 4846 sed
318 4813 382 4858 quae
398 4799 533 4847 necessitas
554 4797 594 4848 Ob
647 4797 681 4845 ‘28
695 4797 764 4862 eptrd
782 4792 927 4861 Horatium]
945 4795 1018 4859 epod.
1038 4796 1079 4858 17,
1093 4795 1127 4846 50
1143 4804 1167 4843 ει
1181 4804 1224 4844 tuo
1241 4808 1330 4844 cruore
1349 4796 1440 4843 rubros

153 4867 274 4916 obstetrix
293 4881 391 4932 pannos
411 4867 469 4914 lavit
