<?xml version="1.0" encoding="UTF-8"?>
<!DOCTYPE html PUBLIC "-//W3C//DTD XHTML 1.0 Transitional//EN"
    "http://www.w3.org/TR/xhtml1/DTD/xhtml1-transitional.dtd">
<html xmlns="http://www.w3.org/1999/xhtml" xml:lang="en" lang="en">
 <head>
  <title>
</title>
<meta http-equiv="Content-Type" content="text/html;charset=utf-8" />
  <meta name='ocr-system' content='tesseract 3.04.00' />
  <meta name='ocr-capabilities' content='ocr_page ocr_carea ocr_par ocr_line ocrx_word'/>
</head>
<body>
  <div class='ocr_page' id='page_1' title='image "./grammaticilatin03keilgoog_0170.png"; bbox 0 0 3346 5498; ppageno 0'>
   <div class='ocr_carea' id='block_1_1' title="bbox 660 372 1426 438">
    <p class='ocr_par' dir='ltr' id='par_1_1' title="bbox 660 372 1426 438">
     <span class='ocr_line' id='line_1_1' title="bbox 660 372 1426 438; baseline 0 -2"><span class='ocrx_word' id='word_1_1' title='bbox 660 375 897 438; x_wconf 78' lang='lat' dir='ltr'><strong>cunundrvu</strong></span> <span class='ocrx_word' id='word_1_2' title='bbox 1368 372 1426 436; x_wconf 71' lang='lat'><strong>157</strong></span> 
     </span>
    </p>
   </div>
   <div class='ocr_carea' id='block_1_2' title="bbox 48 481 1542 3996">
    <p class='ocr_par' dir='ltr' id='par_1_2' title="bbox 48 481 1542 3996">
     <span class='ocr_line' id='line_1_2' title="bbox 1244 481 1404 534; baseline -0.006 -12"><span class='ocrx_word' id='word_1_3' title='bbox 1244 481 1404 534; x_wconf 73' lang='lat' dir='ltr'><strong>praa-⁴⁰1.</strong></span> 
     </span>
     <span class='ocr_line' id='line_1_3' title="bbox 286 561 1261 642; baseline -0.002 -19"><span class='ocrx_word' id='word_1_4' title='bbox 286 573 321 624; x_wconf 91' lang='lat' dir='ltr'><strong>et</strong></span> <span class='ocrx_word' id='word_1_5' title='bbox 345 561 482 623; x_wconf 89' lang='lat' dir='ltr'><strong>tollens</strong></span> <span class='ocrx_word' id='word_1_6' title='bbox 505 581 657 624; x_wconf 87' lang='lat' dir='ltr'><strong>vacuum</strong></span> <span class='ocrx_word' id='word_1_7' title='bbox 680 561 763 642; x_wconf 86' lang='lat' dir='ltr'><strong>plus</strong></span> <span class='ocrx_word' id='word_1_8' title='bbox 785 563 899 623; x_wconf 90' lang='lat' dir='ltr'><strong>nimio</strong></span> <span class='ocrx_word' id='word_1_9' title='bbox 921 561 1048 640; x_wconf 91' lang='lat' dir='ltr'><strong>gloria</strong></span> <span class='ocrx_word' id='word_1_10' title='bbox 1071 563 1261 621; x_wconf 87' lang='lat' dir='ltr'><strong>verticem.</strong></span> 
     </span>
     <span class='ocr_line' id='line_1_4' title="bbox 132 663 1428 745; baseline -0.003 -18"><span class='ocrx_word' id='word_1_11' title='bbox 132 667 228 727; x_wconf 92' lang='lat' dir='ltr'><strong>nimio</strong></span> <span class='ocrx_word' id='word_1_12' title='bbox 258 667 465 745; x_wconf 86' lang='lat' dir='ltr'><strong>conparatims</strong></span> <span class='ocrx_word' id='word_1_13' title='bbox 493 672 551 735; x_wconf 88' lang='lat' dir='ltr'><strong>est,</strong></span> <span class='ocrx_word' id='word_1_14' title='bbox 580 664 647 744; x_wconf 92' lang='lat' dir='ltr'><strong>plus</strong></span> <span class='ocrx_word' id='word_1_15' title='bbox 677 666 883 744; x_wconf 87' lang='lat' dir='ltr'><strong>conparativus</strong></span> <span class='ocrx_word' id='word_1_16' title='bbox 906 671 965 731; x_wconf 90' lang='lat' dir='ltr'><strong>est;</strong></span> <span class='ocrx_word' id='word_1_17' title='bbox 993 682 1063 724; x_wconf 88' lang='lat' dir='ltr'><strong>ecee</strong></span> <span class='ocrx_word' id='word_1_18' title='bbox 1084 663 1143 724; x_wconf 92' lang='lat' dir='ltr'><strong>dno</strong></span> <span class='ocrx_word' id='word_1_19' title='bbox 1164 664 1259 724; x_wconf 80' lang='lat' dir='ltr'><strong>iunxit</strong></span> <span class='ocrx_word' id='word_1_20' title='bbox 1285 680 1428 742; x_wconf 88' lang='lat' dir='ltr'><strong>conpara·</strong></span> 
     </span>
     <span class='ocr_line' id='line_1_5' title="bbox 132 765 1429 845; baseline -0.003 -16"><span class='ocrx_word' id='word_1_21' title='bbox 132 770 200 829; x_wconf 89' lang='lat' dir='ltr'><strong>tiva.</strong></span> <span class='ocrx_word' id='word_1_22' title='bbox 246 767 298 828; x_wconf 88' lang='lat' dir='ltr'><strong>sed</strong></span> <span class='ocrx_word' id='word_1_23' title='bbox 326 767 404 828; x_wconf 87' lang='lat' dir='ltr'><strong>lorte</strong></span> <span class='ocrx_word' id='word_1_24' title='bbox 432 766 525 835; x_wconf 86' lang='lat' dir='ltr'><strong>dicas,</strong></span> <span class='ocrx_word' id='word_1_25' title='bbox 555 766 622 845; x_wconf 93' lang='lat' dir='ltr'><strong>plus</strong></span> <span class='ocrx_word' id='word_1_26' title='bbox 652 777 682 826; x_wconf 90' lang='lat' dir='ltr'><strong>et</strong></span> <span class='ocrx_word' id='word_1_27' title='bbox 710 767 888 834; x_wconf 76' lang='lat' dir='ltr'><strong>nimionon</strong></span> <span class='ocrx_word' id='word_1_28' title='bbox 919 765 1023 826; x_wconf 88' lang='lat' dir='ltr'><strong>eadem</strong></span> <span class='ocrx_word' id='word_1_29' title='bbox 1054 773 1130 826; x_wconf 74' lang='lat' dir='ltr'><strong>sumt.</strong></span> <span class='ocrx_word' id='word_1_30' title='bbox 1176 783 1304 842; x_wconf 90' lang='lat' dir='ltr'><strong>sequens</strong></span> <span class='ocrx_word' id='word_1_31' title='bbox 1325 783 1429 826; x_wconf 90' lang='lat' dir='ltr'><strong>versus</strong></span> 
     </span>
     <span class='ocr_line' id='line_1_6' title="bbox 131 870 503 949; baseline -0.008 -18"><span class='ocrx_word' id='word_1_32' title='bbox 131 871 321 949; x_wconf 77' lang='lat' dir='ltr'><strong>apertissime</strong></span> <span class='ocrx_word' id='word_1_33' title='bbox 344 870 503 946; x_wconf 83' lang='lat' dir='ltr'><strong>signifieat,</strong></span> 
     </span>
     <span class='ocr_line' id='line_1_7' title="bbox 105 967 1182 1048; baseline -0.002 -20"><span class='ocrx_word' id='word_1_34' title='bbox 105 989 119 1028; x_wconf 86' lang='lat' dir='ltr'><strong>s</strong></span> <span class='ocrx_word' id='word_1_35' title='bbox 286 971 492 1046; x_wconf 87' lang='lat' dir='ltr'><strong>arcanique</strong></span> <span class='ocrx_word' id='word_1_36' title='bbox 515 967 613 1028; x_wconf 91' lang='lat' dir='ltr'><strong>lides</strong></span> <span class='ocrx_word' id='word_1_37' title='bbox 636 970 795 1048; x_wconf 89' lang='lat' dir='ltr'><strong>prodiga</strong></span> <span class='ocrx_word' id='word_1_38' title='bbox 817 967 1055 1048; x_wconf 80' lang='lat' dir='ltr'><strong>perlucidior</strong></span> <span class='ocrx_word' id='word_1_39' title='bbox 1078 969 1182 1027; x_wconf 86' lang='lat' dir='ltr'><strong>vitro.</strong></span> 
     </span>
     <span class='ocr_line' id='line_1_8' title="bbox 129 1066 1429 1153; baseline -0.005 -19"><span class='ocrx_word' id='word_1_40' title='bbox 129 1092 186 1153; x_wconf 90' lang='lat' dir='ltr'><strong>per</strong></span> <span class='ocrx_word' id='word_1_41' title='bbox 209 1079 399 1150; x_wconf 88' lang='lat' dir='ltr'><strong>augmentum</strong></span> <span class='ocrx_word' id='word_1_42' title='bbox 422 1071 575 1149; x_wconf 85' lang='lat' dir='ltr'><strong>significat,</strong></span> <span class='ocrx_word' id='word_1_43' title='bbox 599 1069 726 1131; x_wconf 85' lang='lat' dir='ltr'><strong>lucidior</strong></span> <span class='ocrx_word' id='word_1_44' title='bbox 748 1071 954 1150; x_wconf 89' lang='lat' dir='ltr'><strong>conparativus</strong></span> <span class='ocrx_word' id='word_1_45' title='bbox 975 1069 1084 1148; x_wconf 91' lang='lat' dir='ltr'><strong>gradus</strong></span> <span class='ocrx_word' id='word_1_46' title='bbox 1106 1076 1160 1138; x_wconf 88' lang='lat' dir='ltr'><strong>est,</strong></span> <span class='ocrx_word' id='word_1_47' title='bbox 1173 1076 1213 1129; x_wconf 81' lang='lat' dir='ltr'><strong>et</strong></span> <span class='ocrx_word' id='word_1_48' title='bbox 1235 1075 1333 1128; x_wconf 88' lang='lat' dir='ltr'><strong>tameo</strong></span> <span class='ocrx_word' id='word_1_49' title='bbox 1355 1066 1429 1129; x_wconf 82' lang='lat' dir='ltr'><strong>dixit</strong></span> 
     </span>
     <span class='ocr_line' id='line_1_9' title="bbox 132 1167 1428 1256; baseline -0.004 -21"><span class='ocrx_word' id='word_1_50' title='bbox 132 1173 331 1256; x_wconf 85' lang='lat' dir='ltr'><strong>perlucidior;</strong></span> <span class='ocrx_word' id='word_1_51' title='bbox 364 1172 422 1233; x_wconf 90' lang='lat' dir='ltr'><strong>tale</strong></span> <span class='ocrx_word' id='word_1_52' title='bbox 450 1180 495 1232; x_wconf 90' lang='lat' dir='ltr'><strong>est</strong></span> <span class='ocrx_word' id='word_1_53' title='bbox 521 1190 555 1232; x_wconf 91' lang='lat' dir='ltr'><strong>ac</strong></span> <span class='ocrx_word' id='word_1_54' title='bbox 583 1173 608 1231; x_wconf 91' lang='lat' dir='ltr'><strong>si</strong></span> <span class='ocrx_word' id='word_1_55' title='bbox 630 1171 711 1233; x_wconf 92' lang='lat' dir='ltr'><strong>dicas</strong></span> <span class='ocrx_word' id='word_1_56' title='bbox 733 1167 815 1233; x_wconf 89' lang='lat' dir='ltr'><strong>valde</strong></span> <span class='ocrx_word' id='word_1_57' title='bbox 837 1171 978 1239; x_wconf 86' lang='lat' dir='ltr'><strong>lucidior,</strong></span> <span class='ocrx_word' id='word_1_58' title='bbox 1002 1169 1126 1232; x_wconf 91' lang='lat' dir='ltr'><strong>multum</strong></span> <span class='ocrx_word' id='word_1_59' title='bbox 1147 1170 1284 1231; x_wconf 91' lang='lat' dir='ltr'><strong>lucidior.</strong></span> <span class='ocrx_word' id='word_1_60' title='bbox 1328 1178 1428 1231; x_wconf 81' lang='lat' dir='ltr'><strong>extant</strong></span> 
     </span>
     <span class='ocr_line' id='line_1_10' title="bbox 132 1272 1427 1356; baseline -0.003 -20"><span class='ocrx_word' id='word_1_61' title='bbox 132 1277 171 1337; x_wconf 93' lang='lat' dir='ltr'><strong>de</strong></span> <span class='ocrx_word' id='word_1_62' title='bbox 199 1275 266 1337; x_wconf 91' lang='lat' dir='ltr'><strong>aliis</strong></span> <span class='ocrx_word' id='word_1_63' title='bbox 294 1274 426 1356; x_wconf 91' lang='lat' dir='ltr'><strong>partibus</strong></span> <span class='ocrx_word' id='word_1_64' title='bbox 455 1272 604 1352; x_wconf 86' lang='lat' dir='ltr'><strong>exempla,</strong></span> <span class='ocrx_word' id='word_1_65' title='bbox 633 1276 766 1354; x_wconf 83' lang='lat' dir='ltr'><strong>exceptis</strong></span> <span class='ocrx_word' id='word_1_66' title='bbox 794 1275 859 1336; x_wconf 89' lang='lat' dir='ltr'><strong>istis</strong></span> <span class='ocrx_word' id='word_1_67' title='bbox 881 1275 1022 1352; x_wconf 90' lang='lat' dir='ltr'><strong>quinque.</strong></span> <span class='ocrx_word' id='word_1_68' title='bbox 1067 1275 1121 1333; x_wconf 91' lang='lat' dir='ltr'><strong>ista</strong></span> <span class='ocrx_word' id='word_1_69' title='bbox 1144 1272 1286 1333; x_wconf 88' lang='lat' dir='ltr'><strong>debemus</strong></span> <span class='ocrx_word' id='word_1_70' title='bbox 1309 1290 1427 1332; x_wconf 90' lang='lat' dir='ltr'><strong>servare</strong></span> 
     </span>
     <span class='ocr_line' id='line_1_11' title="bbox 130 1373 1425 1455; baseline -0.004 -17"><span class='ocrx_word' id='word_1_71' title='bbox 130 1377 220 1438; x_wconf 90' lang='lat' dir='ltr'><strong>bodie</strong></span> <span class='ocrx_word' id='word_1_72' title='bbox 243 1385 274 1437; x_wconf 88' lang='lat' dir='ltr'><strong>et</strong></span> <span class='ocrx_word' id='word_1_73' title='bbox 295 1395 355 1438; x_wconf 93' lang='lat' dir='ltr'><strong>non</strong></span> <span class='ocrx_word' id='word_1_74' title='bbox 375 1378 497 1453; x_wconf 88' lang='lat' dir='ltr'><strong>iungere</strong></span> <span class='ocrx_word' id='word_1_75' title='bbox 521 1377 710 1455; x_wconf 85' lang='lat' dir='ltr'><strong>conparativo</strong></span> <span class='ocrx_word' id='word_1_76' title='bbox 727 1384 755 1436; x_wconf 90' lang='lat' dir='ltr'><strong>et</strong></span> <span class='ocrx_word' id='word_1_77' title='bbox 770 1375 961 1455; x_wconf 87' lang='lat' dir='ltr'><strong>superlativo,</strong></span> <span class='ocrx_word' id='word_1_78' title='bbox 985 1374 1036 1435; x_wconf 93' lang='lat' dir='ltr'><strong>sed</strong></span> <span class='ocrx_word' id='word_1_79' title='bbox 1052 1382 1163 1435; x_wconf 91' lang='lat' dir='ltr'><strong>tantum</strong></span> <span class='ocrx_word' id='word_1_80' title='bbox 1180 1373 1268 1433; x_wconf 92' lang='lat' dir='ltr'><strong>modo</strong></span> <span class='ocrx_word' id='word_1_81' title='bbox 1289 1375 1425 1454; x_wconf 89' lang='lat' dir='ltr'><strong>positivo.</strong></span> 
     </span>
     <span class='ocr_line' id='line_1_12' title="bbox 93 1474 1425 1555; baseline -0.002 -18"><span class='ocrx_word' id='word_1_82' title='bbox 93 1498 117 1538; x_wconf 84' lang='lat' dir='ltr'><strong>n</strong></span> <span class='ocrx_word' id='word_1_83' title='bbox 132 1477 238 1539; x_wconf 90' lang='lat' dir='ltr'><strong>melius</strong></span> <span class='ocrx_word' id='word_1_84' title='bbox 260 1486 359 1539; x_wconf 88' lang='lat' dir='ltr'><strong>tamen</strong></span> <span class='ocrx_word' id='word_1_85' title='bbox 383 1479 503 1547; x_wconf 88' lang='lat' dir='ltr'><strong>leceris,</strong></span> <span class='ocrx_word' id='word_1_86' title='bbox 527 1479 552 1537; x_wconf 91' lang='lat' dir='ltr'><strong>si</strong></span> <span class='ocrx_word' id='word_1_87' title='bbox 576 1496 631 1537; x_wconf 88' lang='lat' dir='ltr'><strong>nec</strong></span> <span class='ocrx_word' id='word_1_88' title='bbox 653 1476 717 1537; x_wconf 89' lang='lat' dir='ltr'><strong>illas</strong></span> <span class='ocrx_word' id='word_1_89' title='bbox 739 1479 843 1555; x_wconf 83' lang='lat' dir='ltr'><strong>iungas</strong></span> <span class='ocrx_word' id='word_1_90' title='bbox 866 1495 979 1538; x_wconf 87' lang='lat' dir='ltr'><strong>omnes.</strong></span> <span class='ocrx_word' id='word_1_91' title='bbox 1011 1493 1078 1537; x_wconf 95' lang='lat' dir='ltr'><strong>nam</strong></span> <span class='ocrx_word' id='word_1_92' title='bbox 1102 1483 1131 1536; x_wconf 90' lang='lat' dir='ltr'><strong>et</strong></span> <span class='ocrx_word' id='word_1_93' title='bbox 1154 1474 1299 1553; x_wconf 86' lang='lat' dir='ltr'><strong>Vergilius</strong></span> <span class='ocrx_word' id='word_1_94' title='bbox 1321 1476 1425 1553; x_wconf 89' lang='lat' dir='ltr'><strong>iungit,</strong></span> 
     </span>
     <span class='ocr_line' id='line_1_13' title="bbox 129 1578 924 1657; baseline -0.003 -17"><span class='ocrx_word' id='word_1_95' title='bbox 129 1579 183 1640; x_wconf 91' lang='lat' dir='ltr'><strong>sed</strong></span> <span class='ocrx_word' id='word_1_96' title='bbox 207 1598 268 1641; x_wconf 92' lang='lat' dir='ltr'><strong>nou</strong></span> <span class='ocrx_word' id='word_1_97' title='bbox 290 1582 362 1640; x_wconf 83' lang='lat' dir='ltr'><strong>istas</strong></span> <span class='ocrx_word' id='word_1_98' title='bbox 385 1597 459 1657; x_wconf 91' lang='lat' dir='ltr'><strong>quas</strong></span> <span class='ocrx_word' id='word_1_99' title='bbox 482 1579 624 1648; x_wconf 77' lang='lat' dir='ltr'><strong>diximus,</strong></span> <span class='ocrx_word' id='word_1_100' title='bbox 647 1578 699 1639; x_wconf 90' lang='lat' dir='ltr'><strong>sed</strong></span> <span class='ocrx_word' id='word_1_101' title='bbox 722 1578 793 1639; x_wconf 88' lang='lat' dir='ltr'><strong>alias</strong></span> <span class='ocrx_word' id='word_1_102' title='bbox 815 1579 924 1656; x_wconf 90' lang='lat' dir='ltr'><strong>iungit,</strong></span> 
     </span>
     <span class='ocr_line' id='line_1_14' title="bbox 285 1677 1377 1759; baseline -0.004 -17"><span class='ocrx_word' id='word_1_103' title='bbox 285 1689 356 1742; x_wconf 85' lang='lat' dir='ltr'><strong>tam</strong></span> <span class='ocrx_word' id='word_1_104' title='bbox 379 1683 494 1759; x_wconf 86' lang='lat' dir='ltr'><strong>magis</strong></span> <span class='ocrx_word' id='word_1_105' title='bbox 517 1679 582 1743; x_wconf 93' lang='lat' dir='ltr'><strong>illa</strong></span> <span class='ocrx_word' id='word_1_106' title='bbox 605 1681 769 1742; x_wconf 91' lang='lat' dir='ltr'><strong>lremens</strong></span> <span class='ocrx_word' id='word_1_107' title='bbox 792 1687 827 1741; x_wconf 86' lang='lat' dir='ltr'><strong>et</strong></span> <span class='ocrx_word' id='word_1_108' title='bbox 848 1678 1027 1740; x_wconf 89' lang='lat' dir='ltr'><strong>tristibus</strong></span> <span class='ocrx_word' id='word_1_109' title='bbox 1050 1678 1173 1738; x_wconf 87' lang='lat' dir='ltr'><strong>ellera</strong></span> <span class='ocrx_word' id='word_1_110' title='bbox 1197 1677 1377 1746; x_wconf 89' lang='lat' dir='ltr'><strong>llammis,</strong></span> 
     </span>
     <span class='ocr_line' id='line_1_15' title="bbox 285 1780 1340 1864; baseline -0.003 -21"><span class='ocrx_word' id='word_1_111' title='bbox 285 1780 401 1864; x_wconf 90' lang='lat' dir='ltr'><strong>[quam</strong></span> <span class='ocrx_word' id='word_1_112' title='bbox 424 1782 542 1859; x_wconf 90' lang='lat' dir='ltr'><strong>magis</strong></span> <span class='ocrx_word' id='word_1_113' title='bbox 565 1781 688 1842; x_wconf 88' lang='lat' dir='ltr'><strong>elluso</strong></span> <span class='ocrx_word' id='word_1_114' title='bbox 712 1782 944 1843; x_wconf 88' lang='lat' dir='ltr'><strong>crudescunt</strong></span> <span class='ocrx_word' id='word_1_115' title='bbox 966 1782 1147 1858; x_wconf 88' lang='lat' dir='ltr'><strong>sanguine</strong></span> <span class='ocrx_word' id='word_1_116' title='bbox 1169 1780 1340 1858; x_wconf 78' lang='lat' dir='ltr'><strong>pugnae]</strong></span> 
     </span>
     <span class='ocr_line' id='line_1_16' title="bbox 130 1882 1426 1962; baseline -0.003 -16"><span class='ocrx_word' id='word_1_117' title='bbox 130 1893 190 1946; x_wconf 85' lang='lat' dir='ltr'><strong>tam</strong></span> <span class='ocrx_word' id='word_1_118' title='bbox 218 1886 327 1962; x_wconf 87' lang='lat' dir='ltr'><strong>magis:</strong></span> <span class='ocrx_word' id='word_1_119' title='bbox 363 1903 433 1945; x_wconf 88' lang='lat' dir='ltr'><strong>ecce</strong></span> <span class='ocrx_word' id='word_1_120' title='bbox 461 1884 587 1944; x_wconf 81' lang='lat' dir='ltr'><strong>diximus</strong></span> <span class='ocrx_word' id='word_1_121' title='bbox 617 1891 673 1944; x_wconf 87' lang='lat' dir='ltr'><strong>tam</strong></span> <span class='ocrx_word' id='word_1_122' title='bbox 703 1901 764 1944; x_wconf 91' lang='lat' dir='ltr'><strong>non</strong></span> <span class='ocrx_word' id='word_1_123' title='bbox 789 1882 972 1961; x_wconf 88' lang='lat' dir='ltr'><strong>iungendum</strong></span> <span class='ocrx_word' id='word_1_124' title='bbox 996 1901 1076 1951; x_wconf 88' lang='lat' dir='ltr'><strong>esse,</strong></span> <span class='ocrx_word' id='word_1_125' title='bbox 1099 1891 1158 1943; x_wconf 86' lang='lat' dir='ltr'><strong>tam</strong></span> <span class='ocrx_word' id='word_1_126' title='bbox 1182 1885 1276 1961; x_wconf 92' lang='lat' dir='ltr'><strong>magis</strong></span> <span class='ocrx_word' id='word_1_127' title='bbox 1298 1883 1426 1942; x_wconf 77' lang='lat' dir='ltr'><strong>maxime</strong></span> 
     </span>
     <span class='ocr_line' id='line_1_17' title="bbox 92 1985 1425 2058; baseline -0.002 -11"><span class='ocrx_word' id='word_1_128' title='bbox 92 1989 229 2047; x_wconf 75' lang='lat' dir='ltr'><strong>ominus</strong></span> <span class='ocrx_word' id='word_1_129' title='bbox 257 1993 287 2046; x_wconf 89' lang='lat' dir='ltr'><strong>et</strong></span> <span class='ocrx_word' id='word_1_130' title='bbox 317 1988 448 2047; x_wconf 88' lang='lat' dir='ltr'><strong>minime.</strong></span> <span class='ocrx_word' id='word_1_131' title='bbox 493 2005 562 2046; x_wconf 89' lang='lat' dir='ltr'><strong>eece</strong></span> <span class='ocrx_word' id='word_1_132' title='bbox 590 1987 755 2046; x_wconf 84' lang='lat' dir='ltr'><strong>invenimus</strong></span> <span class='ocrx_word' id='word_1_133' title='bbox 777 1985 825 2045; x_wconf 89' lang='lat' dir='ltr'><strong>hic</strong></span> <span class='ocrx_word' id='word_1_134' title='bbox 852 1987 950 2045; x_wconf 89' lang='lat' dir='ltr'><strong>iuncta</strong></span> <span class='ocrx_word' id='word_1_135' title='bbox 974 1995 1121 2045; x_wconf 71' lang='lat' dir='ltr'><strong>esserum</strong></span> <span class='ocrx_word' id='word_1_136' title='bbox 1142 1989 1246 2058; x_wconf 72' lang='lat' dir='ltr'><strong>magis.</strong></span> <span class='ocrx_word' id='word_1_137' title='bbox 1291 1985 1425 2045; x_wconf 92' lang='lat' dir='ltr'><strong>sednon</strong></span> 
     </span>
     <span class='ocr_line' id='line_1_18' title="bbox 131 2084 1425 2167; baseline -0.002 -19"><span class='ocrx_word' id='word_1_138' title='bbox 131 2095 176 2148; x_wconf 90' lang='lat' dir='ltr'><strong>est</strong></span> <span class='ocrx_word' id='word_1_139' title='bbox 204 2086 276 2147; x_wconf 90' lang='lat' dir='ltr'><strong>boc:</strong></span> <span class='ocrx_word' id='word_1_140' title='bbox 310 2087 390 2147; x_wconf 90' lang='lat' dir='ltr'><strong>aliud</strong></span> <span class='ocrx_word' id='word_1_141' title='bbox 421 2095 465 2148; x_wconf 89' lang='lat' dir='ltr'><strong>est</strong></span> <span class='ocrx_word' id='word_1_142' title='bbox 492 2088 681 2167; x_wconf 76' lang='lat' dir='ltr'><strong>cooperative</strong></span> <span class='ocrx_word' id='word_1_143' title='bbox 710 2089 842 2147; x_wconf 86' lang='lat' dir='ltr'><strong>iunctum</strong></span> <span class='ocrx_word' id='word_1_144' title='bbox 869 2086 1056 2154; x_wconf 84' lang='lat' dir='ltr'><strong>adverbium,</strong></span> <span class='ocrx_word' id='word_1_145' title='bbox 1092 2084 1171 2145; x_wconf 92' lang='lat' dir='ltr'><strong>aliud</strong></span> <span class='ocrx_word' id='word_1_146' title='bbox 1202 2084 1259 2145; x_wconf 94' lang='lat' dir='ltr'><strong>duo</strong></span> <span class='ocrx_word' id='word_1_147' title='bbox 1288 2084 1425 2146; x_wconf 88' lang='lat' dir='ltr'><strong>adverbia</strong></span> 
     </span>
     <span class='ocr_line' id='line_1_19' title="bbox 129 2186 1425 2270; baseline -0.002 -21"><span class='ocrx_word' id='word_1_148' title='bbox 129 2191 293 2267; x_wconf 87' lang='lat' dir='ltr'><strong>iunguntur</strong></span> <span class='ocrx_word' id='word_1_149' title='bbox 321 2190 519 2268; x_wconf 87' lang='lat' dir='ltr'><strong>conparativo.</strong></span> <span class='ocrx_word' id='word_1_150' title='bbox 566 2207 633 2249; x_wconf 91' lang='lat' dir='ltr'><strong>nam</strong></span> <span class='ocrx_word' id='word_1_151' title='bbox 656 2197 687 2250; x_wconf 89' lang='lat' dir='ltr'><strong>et</strong></span> <span class='ocrx_word' id='word_1_152' title='bbox 711 2187 715 2270; x_wconf 77' lang='lat' dir='ltr'><strong>l</strong></span> <span class='ocrx_word' id='word_1_153' title='bbox 739 2197 797 2249; x_wconf 88' lang='lat' dir='ltr'><strong>tam</strong></span> <span class='ocrx_word' id='word_1_154' title='bbox 814 2187 997 2248; x_wconf 56' lang='lat' dir='ltr'><strong>⁴adverbium</strong></span> <span class='ocrx_word' id='word_1_155' title='bbox 1021 2195 1066 2247; x_wconf 87' lang='lat' dir='ltr'><strong>est</strong></span> <span class='ocrx_word' id='word_1_156' title='bbox 1088 2194 1117 2246; x_wconf 88' lang='lat' dir='ltr'><strong>et</strong></span> <span class='ocrx_word' id='word_1_157' title='bbox 1138 2189 1232 2265; x_wconf 82' lang='lat' dir='ltr'><strong>magis</strong></span> <span class='ocrx_word' id='word_1_158' title='bbox 1253 2186 1425 2247; x_wconf 88' lang='lat' dir='ltr'><strong>adverbium</strong></span> 
     </span>
     <span class='ocr_line' id='line_1_20' title="bbox 133 2281 1425 2370; baseline -0.002 -19"><span class='ocrx_word' id='word_1_159' title='bbox 133 2299 191 2358; x_wconf 86' lang='lat' dir='ltr'><strong>cst;</strong></span> <span class='ocrx_word' id='word_1_160' title='bbox 214 2292 354 2370; x_wconf 89' lang='lat' dir='ltr'><strong>quoniam</strong></span> <span class='ocrx_word' id='word_1_161' title='bbox 377 2301 534 2369; x_wconf 91' lang='lat' dir='ltr'><strong>utrumque</strong></span> <span class='ocrx_word' id='word_1_162' title='bbox 557 2289 745 2359; x_wconf 83' lang='lat' dir='ltr'><strong>adverbium,</strong></span> <span class='ocrx_word' id='word_1_163' title='bbox 770 2308 829 2349; x_wconf 91' lang='lat' dir='ltr'><strong>non</strong></span> <span class='ocrx_word' id='word_1_164' title='bbox 851 2289 966 2349; x_wconf 89' lang='lat' dir='ltr'><strong>videtur</strong></span> <span class='ocrx_word' id='word_1_165' title='bbox 990 2281 1055 2350; x_wconf 86' lang='lat' dir='ltr'><strong>esse</strong></span> <span class='ocrx_word' id='word_1_166' title='bbox 1077 2288 1281 2349; x_wconf 89' lang='lat' dir='ltr'><strong>soloecismus.</strong></span> <span class='ocrx_word' id='word_1_167' title='bbox 1318 2287 1425 2348; x_wconf 87' lang='lat' dir='ltr'><strong>melius</strong></span> 
     </span>
     <span class='ocr_line' id='line_1_21' title="bbox 131 2391 886 2470; baseline 0.001 -19"><span class='ocrx_word' id='word_1_168' title='bbox 131 2399 231 2452; x_wconf 88' lang='lat' dir='ltr'><strong>tamen</strong></span> <span class='ocrx_word' id='word_1_169' title='bbox 252 2391 425 2461; x_wconf 78' lang='lat' dir='ltr'><strong>fecerimus,</strong></span> <span class='ocrx_word' id='word_1_170' title='bbox 449 2392 474 2451; x_wconf 93' lang='lat' dir='ltr'><strong>si</strong></span> <span class='ocrx_word' id='word_1_171' title='bbox 497 2409 559 2451; x_wconf 93' lang='lat' dir='ltr'><strong>nou</strong></span> <span class='ocrx_word' id='word_1_172' title='bbox 580 2394 741 2470; x_wconf 87' lang='lat' dir='ltr'><strong>iungamus</strong></span> <span class='ocrx_word' id='word_1_173' title='bbox 759 2393 886 2470; x_wconf 88' lang='lat' dir='ltr'><strong>penitus.</strong></span> 
     </span>
     <span class='ocr_line' id='line_1_22' title="bbox 88 2489 1542 2572; baseline -0.003 -14"><span class='ocrx_word' id='word_1_174' title='bbox 88 2519 118 2558; x_wconf 77' lang='lat' dir='ltr'><strong>ao</strong></span> <span class='ocrx_word' id='word_1_175' title='bbox 216 2493 426 2572; x_wconf 85' lang='lat' dir='ltr'><strong>Conparativus</strong></span> <span class='ocrx_word' id='word_1_176' title='bbox 456 2493 564 2570; x_wconf 88' lang='lat' dir='ltr'><strong>gradus</strong></span> <span class='ocrx_word' id='word_1_177' title='bbox 593 2496 724 2572; x_wconf 83' lang='lat' dir='ltr'><strong>iungitur</strong></span> <span class='ocrx_word' id='word_1_178' title='bbox 757 2491 852 2553; x_wconf 86' lang='lat' dir='ltr'><strong>tribus</strong></span> <span class='ocrx_word' id='word_1_179' title='bbox 884 2491 1011 2554; x_wconf 86' lang='lat' dir='ltr'><strong>casibus.</strong></span> <span class='ocrx_word' id='word_1_180' title='bbox 1056 2493 1187 2554; x_wconf 89' lang='lat' dir='ltr'><strong>Donatus</strong></span> <span class='ocrx_word' id='word_1_181' title='bbox 1219 2492 1260 2552; x_wconf 89' lang='lat' dir='ltr'><strong>ait</strong></span> <span class='ocrx_word' id='word_1_182' title='bbox 1291 2489 1542 2563; x_wconf 76' lang='lat' dir='ltr'><strong>‘duobus407,2o</strong></span> 
     </span>
     <span class='ocr_line' id='line_1_23' title="bbox 133 2572 1524 2673; baseline -0.001 -19"><span class='ocrx_word' id='word_1_183' title='bbox 133 2595 285 2664; x_wconf 87' lang='lat' dir='ltr'><strong>casibus&#39;;</strong></span> <span class='ocrx_word' id='word_1_184' title='bbox 313 2595 365 2656; x_wconf 90' lang='lat' dir='ltr'><strong>sed</strong></span> <span class='ocrx_word' id='word_1_185' title='bbox 389 2605 419 2655; x_wconf 86' lang='lat' dir='ltr'><strong>tu</strong></span> <span class='ocrx_word' id='word_1_186' title='bbox 448 2596 525 2656; x_wconf 91' lang='lat' dir='ltr'><strong>scire</strong></span> <span class='ocrx_word' id='word_1_187' title='bbox 548 2594 639 2656; x_wconf 91' lang='lat' dir='ltr'><strong>debes</strong></span> <span class='ocrx_word' id='word_1_188' title='bbox 662 2597 803 2673; x_wconf 91' lang='lat' dir='ltr'><strong>quoniam</strong></span> <span class='ocrx_word' id='word_1_189' title='bbox 826 2613 895 2655; x_wconf 91' lang='lat' dir='ltr'><strong>vere</strong></span> <span class='ocrx_word' id='word_1_190' title='bbox 917 2595 1011 2656; x_wconf 82' lang='lat' dir='ltr'><strong>tribus</strong></span> <span class='ocrx_word' id='word_1_191' title='bbox 1032 2596 1163 2672; x_wconf 91' lang='lat' dir='ltr'><strong>iungitur</strong></span> <span class='ocrx_word' id='word_1_192' title='bbox 1185 2592 1314 2661; x_wconf 88' lang='lat' dir='ltr'><strong>casibus,</strong></span> <span class='ocrx_word' id='word_1_193' title='bbox 1344 2572 1524 2653; x_wconf 63' lang='lat' dir='ltr'><strong>obla-492‘9</strong></span> 
     </span>
     <span class='ocr_line' id='line_1_24' title="bbox 132 2695 1423 2777; baseline -0.003 -20"><span class='ocrx_word' id='word_1_194' title='bbox 132 2699 205 2766; x_wconf 88' lang='lat' dir='ltr'><strong>tivo,</strong></span> <span class='ocrx_word' id='word_1_195' title='bbox 229 2699 365 2776; x_wconf 89' lang='lat' dir='ltr'><strong>septimo,</strong></span> <span class='ocrx_word' id='word_1_196' title='bbox 390 2705 420 2757; x_wconf 89' lang='lat' dir='ltr'><strong>et</strong></span> <span class='ocrx_word' id='word_1_197' title='bbox 440 2698 620 2758; x_wconf 88' lang='lat' dir='ltr'><strong>nominativo</strong></span> <span class='ocrx_word' id='word_1_198' title='bbox 641 2699 816 2776; x_wconf 87' lang='lat' dir='ltr'><strong>interposita</strong></span> <span class='ocrx_word' id='word_1_199' title='bbox 838 2695 982 2777; x_wconf 86' lang='lat' dir='ltr'><strong>particula</strong></span> <span class='ocrx_word' id='word_1_200' title='bbox 1005 2713 1102 2774; x_wconf 89' lang='lat' dir='ltr'><strong>quam.</strong></span> <span class='ocrx_word' id='word_1_201' title='bbox 1135 2695 1260 2757; x_wconf 89' lang='lat' dir='ltr'><strong>ablativo</strong></span> <span class='ocrx_word' id='word_1_202' title='bbox 1282 2695 1423 2772; x_wconf 87' lang='lat' dir='ltr'><strong>iungitur,</strong></span> 
     </span>
     <span class='ocr_line' id='line_1_25' title="bbox 131 2796 1422 2875; baseline -0.003 -16"><span class='ocrx_word' id='word_1_203' title='bbox 131 2800 250 2861; x_wconf 81' lang='lat' dir='ltr'><strong>doctior</strong></span> <span class='ocrx_word' id='word_1_204' title='bbox 283 2801 321 2860; x_wconf 83' lang='lat' dir='ltr'><strong>ab</strong></span> <span class='ocrx_word' id='word_1_205' title='bbox 355 2802 423 2869; x_wconf 77' lang='lat' dir='ltr'><strong>illo:</strong></span> <span class='ocrx_word' id='word_1_206' title='bbox 455 2802 593 2875; x_wconf 80' lang='lat' dir='ltr'><strong>septimo,</strong></span> <span class='ocrx_word' id='word_1_207' title='bbox 629 2799 744 2859; x_wconf 88' lang='lat' dir='ltr'><strong>doctior</strong></span> <span class='ocrx_word' id='word_1_208' title='bbox 777 2797 844 2867; x_wconf 90' lang='lat' dir='ltr'><strong>illo;</strong></span> <span class='ocrx_word' id='word_1_209' title='bbox 880 2799 1074 2867; x_wconf 86' lang='lat' dir='ltr'><strong>nominativo,</strong></span> <span class='ocrx_word' id='word_1_210' title='bbox 1104 2797 1219 2858; x_wconf 79' lang='lat' dir='ltr'><strong>doctior</strong></span> <span class='ocrx_word' id='word_1_211' title='bbox 1253 2796 1302 2855; x_wconf 92' lang='lat' dir='ltr'><strong>bic</strong></span> <span class='ocrx_word' id='word_1_212' title='bbox 1335 2813 1422 2872; x_wconf 80' lang='lat' dir='ltr'><strong>quam</strong></span> 
     </span>
     <span class='ocr_line' id='line_1_26' title="bbox 129 2896 1423 2978; baseline -0.002 -19"><span class='ocrx_word' id='word_1_213' title='bbox 129 2899 194 2969; x_wconf 92' lang='lat' dir='ltr'><strong>ille,</strong></span> <span class='ocrx_word' id='word_1_214' title='bbox 225 2899 277 2960; x_wconf 91' lang='lat' dir='ltr'><strong>sed</strong></span> <span class='ocrx_word' id='word_1_215' title='bbox 310 2902 387 2961; x_wconf 88' lang='lat' dir='ltr'><strong>scire</strong></span> <span class='ocrx_word' id='word_1_216' title='bbox 415 2898 507 2960; x_wconf 89' lang='lat' dir='ltr'><strong>debes</strong></span> <span class='ocrx_word' id='word_1_217' title='bbox 535 2900 613 2977; x_wconf 90' lang='lat' dir='ltr'><strong>quod</strong></span> <span class='ocrx_word' id='word_1_218' title='bbox 642 2900 731 2962; x_wconf 89' lang='lat' dir='ltr'><strong>bodie</strong></span> <span class='ocrx_word' id='word_1_219' title='bbox 758 2903 790 2961; x_wconf 92' lang='lat' dir='ltr'><strong>iu</strong></span> <span class='ocrx_word' id='word_1_220' title='bbox 811 2918 868 2960; x_wconf 90' lang='lat' dir='ltr'><strong>usu</strong></span> <span class='ocrx_word' id='word_1_221' title='bbox 890 2897 1032 2960; x_wconf 90' lang='lat' dir='ltr'><strong>babemus</strong></span> <span class='ocrx_word' id='word_1_222' title='bbox 1054 2901 1180 2978; x_wconf 87' lang='lat' dir='ltr'><strong>septimo</strong></span> <span class='ocrx_word' id='word_1_223' title='bbox 1202 2901 1257 2966; x_wconf 83' lang='lat' dir='ltr'><strong>uti:</strong></span> <span class='ocrx_word' id='word_1_224' title='bbox 1289 2916 1350 2958; x_wconf 92' lang='lat' dir='ltr'><strong>nou</strong></span> <span class='ocrx_word' id='word_1_225' title='bbox 1372 2896 1423 2957; x_wconf 92' lang='lat' dir='ltr'><strong>de·</strong></span> 
     </span>
     <span class='ocr_line' id='line_1_27' title="bbox 87 3000 1425 3069; baseline -0.005 -3"><span class='ocrx_word' id='word_1_226' title='bbox 87 3000 236 3066; x_wconf 68' lang='lat' dir='ltr'><strong>aebemus</strong></span> <span class='ocrx_word' id='word_1_227' title='bbox 258 3009 308 3062; x_wconf 88' lang='lat' dir='ltr'><strong>aut</strong></span> <span class='ocrx_word' id='word_1_228' title='bbox 329 3001 456 3062; x_wconf 89' lang='lat' dir='ltr'><strong>ablativo</strong></span> <span class='ocrx_word' id='word_1_229' title='bbox 487 3009 537 3062; x_wconf 88' lang='lat' dir='ltr'><strong>aut</strong></span> <span class='ocrx_word' id='word_1_230' title='bbox 567 3003 756 3063; x_wconf 89' lang='lat' dir='ltr'><strong>nominativo.</strong></span> <span class='ocrx_word' id='word_1_231' title='bbox 807 3000 922 3061; x_wconf 89' lang='lat' dir='ltr'><strong>doctior</strong></span> <span class='ocrx_word' id='word_1_232' title='bbox 949 3000 1000 3061; x_wconf 95' lang='lat' dir='ltr'><strong>illo</strong></span> <span class='ocrx_word' id='word_1_233' title='bbox 1018 3000 1124 3061; x_wconf 79' lang='lat' dir='ltr'><strong>&#39;debeo</strong></span> <span class='ocrx_word' id='word_1_234' title='bbox 1152 3000 1268 3069; x_wconf 90' lang='lat' dir='ltr'><strong>dicere,</strong></span> <span class='ocrx_word' id='word_1_235' title='bbox 1292 3005 1425 3060; x_wconf 82' lang='lat' dir='ltr'><strong>nonant</strong></span> 
     </span>
     <span class='ocr_line' id='line_1_28' title="bbox 130 3099 1423 3181; baseline -0.004 -18"><span class='ocrx_word' id='word_1_236' title='bbox 130 3104 246 3164; x_wconf 88' lang='lat' dir='ltr'><strong>doctior</strong></span> <span class='ocrx_word' id='word_1_237' title='bbox 274 3101 311 3162; x_wconf 90' lang='lat' dir='ltr'><strong>ab</strong></span> <span class='ocrx_word' id='word_1_238' title='bbox 344 3101 395 3162; x_wconf 93' lang='lat' dir='ltr'><strong>illo</strong></span> <span class='ocrx_word' id='word_1_239' title='bbox 423 3110 474 3163; x_wconf 86' lang='lat' dir='ltr'><strong>aut</strong></span> <span class='ocrx_word' id='word_1_240' title='bbox 501 3103 615 3164; x_wconf 84' lang='lat' dir='ltr'><strong>doctior</strong></span> <span class='ocrx_word' id='word_1_241' title='bbox 650 3122 738 3181; x_wconf 85' lang='lat' dir='ltr'><strong>quam</strong></span> <span class='ocrx_word' id='word_1_242' title='bbox 767 3101 826 3163; x_wconf 92' lang='lat' dir='ltr'><strong>ille.</strong></span> <span class='ocrx_word' id='word_1_243' title='bbox 871 3105 896 3162; x_wconf 92' lang='lat' dir='ltr'><strong>si</strong></span> <span class='ocrx_word' id='word_1_244' title='bbox 921 3103 966 3162; x_wconf 91' lang='lat' dir='ltr'><strong>vis</strong></span> <span class='ocrx_word' id='word_1_245' title='bbox 992 3104 1101 3162; x_wconf 89' lang='lat' dir='ltr'><strong>iterum</strong></span> <span class='ocrx_word' id='word_1_246' title='bbox 1129 3101 1287 3162; x_wconf 85' lang='lat' dir='ltr'><strong>adsumere</strong></span> <span class='ocrx_word' id='word_1_247' title='bbox 1314 3099 1423 3178; x_wconf 90' lang='lat' dir='ltr'><strong>aliquid</strong></span> 
     </span>
     <span class='ocr_line' id='line_1_29' title="bbox 129 3201 1422 3282; baseline -0.003 -17"><span class='ocrx_word' id='word_1_248' title='bbox 129 3203 166 3265; x_wconf 93' lang='lat' dir='ltr'><strong>ad</strong></span> <span class='ocrx_word' id='word_1_249' title='bbox 188 3204 354 3273; x_wconf 87' lang='lat' dir='ltr'><strong>licentiam,</strong></span> <span class='ocrx_word' id='word_1_250' title='bbox 380 3210 465 3282; x_wconf 85' lang='lat' dir='ltr'><strong>potes</strong></span> <span class='ocrx_word' id='word_1_251' title='bbox 488 3206 531 3264; x_wconf 93' lang='lat' dir='ltr'><strong>nti</strong></span> <span class='ocrx_word' id='word_1_252' title='bbox 560 3214 589 3266; x_wconf 89' lang='lat' dir='ltr'><strong>et</strong></span> <span class='ocrx_word' id='word_1_253' title='bbox 619 3206 813 3275; x_wconf 87' lang='lat' dir='ltr'><strong>nominativo,</strong></span> <span class='ocrx_word' id='word_1_254' title='bbox 848 3203 963 3264; x_wconf 90' lang='lat' dir='ltr'><strong>doctior</strong></span> <span class='ocrx_word' id='word_1_255' title='bbox 991 3203 1038 3263; x_wconf 91' lang='lat' dir='ltr'><strong>bic</strong></span> <span class='ocrx_word' id='word_1_256' title='bbox 1066 3220 1152 3281; x_wconf 88' lang='lat' dir='ltr'><strong>quam</strong></span> <span class='ocrx_word' id='word_1_257' title='bbox 1179 3202 1238 3262; x_wconf 86' lang='lat' dir='ltr'><strong>ille.</strong></span> <span class='ocrx_word' id='word_1_258' title='bbox 1284 3201 1422 3278; x_wconf 81' lang='lat' dir='ltr'><strong>frequen·</strong></span> 
     </span>
     <span class='ocr_line' id='line_1_30' title="bbox 130 3303 1424 3386; baseline -0.003 -20"><span class='ocrx_word' id='word_1_259' title='bbox 130 3315 176 3366; x_wconf 89' lang='lat' dir='ltr'><strong>ter</strong></span> <span class='ocrx_word' id='word_1_260' title='bbox 202 3305 295 3367; x_wconf 89' lang='lat' dir='ltr'><strong>debes</strong></span> <span class='ocrx_word' id='word_1_261' title='bbox 322 3308 365 3367; x_wconf 94' lang='lat' dir='ltr'><strong>uti</strong></span> <span class='ocrx_word' id='word_1_262' title='bbox 393 3308 520 3386; x_wconf 87' lang='lat' dir='ltr'><strong>septimo</strong></span> <span class='ocrx_word' id='word_1_263' title='bbox 548 3307 583 3366; x_wconf 90' lang='lat' dir='ltr'><strong>ad</strong></span> <span class='ocrx_word' id='word_1_264' title='bbox 613 3325 707 3366; x_wconf 84' lang='lat' dir='ltr'><strong>usum.</strong></span> <span class='ocrx_word' id='word_1_265' title='bbox 752 3315 907 3384; x_wconf 86' lang='lat' dir='ltr'><strong>praeterea</strong></span> <span class='ocrx_word' id='word_1_266' title='bbox 935 3307 1139 3386; x_wconf 91' lang='lat' dir='ltr'><strong>conparativus</strong></span> <span class='ocrx_word' id='word_1_267' title='bbox 1164 3303 1272 3382; x_wconf 90' lang='lat' dir='ltr'><strong>gradus</strong></span> <span class='ocrx_word' id='word_1_268' title='bbox 1292 3303 1424 3382; x_wconf 89' lang='lat' dir='ltr'><strong>praelert</strong></span> 
     </span>
     <span class='ocr_line' id='line_1_31' title="bbox 129 3408 1423 3486; baseline -0.003 -18"><span class='ocrx_word' id='word_1_269' title='bbox 129 3427 184 3469; x_wconf 93' lang='lat' dir='ltr'><strong>nos</strong></span> <span class='ocrx_word' id='word_1_270' title='bbox 206 3415 236 3468; x_wconf 89' lang='lat' dir='ltr'><strong>et</strong></span> <span class='ocrx_word' id='word_1_271' title='bbox 258 3415 360 3468; x_wconf 89' lang='lat' dir='ltr'><strong>nostro</strong></span> <span class='ocrx_word' id='word_1_272' title='bbox 383 3410 487 3486; x_wconf 84' lang='lat' dir='ltr'><strong>generi</strong></span> <span class='ocrx_word' id='word_1_273' title='bbox 510 3417 539 3469; x_wconf 93' lang='lat' dir='ltr'><strong>et</strong></span> <span class='ocrx_word' id='word_1_274' title='bbox 554 3415 705 3468; x_wconf 85' lang='lat' dir='ltr'><strong>extraneo.</strong></span> <span class='ocrx_word' id='word_1_275' title='bbox 738 3415 770 3467; x_wconf 89' lang='lat' dir='ltr'><strong>ut</strong></span> <span class='ocrx_word' id='word_1_276' title='bbox 791 3415 862 3486; x_wconf 90' lang='lat' dir='ltr'><strong>puta</strong></span> <span class='ocrx_word' id='word_1_277' title='bbox 885 3423 978 3484; x_wconf 87' lang='lat' dir='ltr'><strong>equus</strong></span> <span class='ocrx_word' id='word_1_278' title='bbox 1000 3414 1029 3467; x_wconf 88' lang='lat' dir='ltr'><strong>et</strong></span> <span class='ocrx_word' id='word_1_279' title='bbox 1052 3408 1145 3467; x_wconf 85' lang='lat' dir='ltr'><strong>canis:</strong></span> <span class='ocrx_word' id='word_1_280' title='bbox 1170 3424 1290 3485; x_wconf 88' lang='lat' dir='ltr'><strong>possum</strong></span> <span class='ocrx_word' id='word_1_281' title='bbox 1314 3423 1423 3484; x_wconf 89' lang='lat' dir='ltr'><strong>equum</strong></span> 
     </span>
     <span class='ocr_line' id='line_1_32' title="bbox 90 3505 1423 3590; baseline -0.006 -16"><span class='ocrx_word' id='word_1_282' title='bbox 90 3516 161 3574; x_wconf 83' lang='lat' dir='ltr'><strong>soet</strong></span> <span class='ocrx_word' id='word_1_283' title='bbox 187 3527 264 3588; x_wconf 86' lang='lat' dir='ltr'><strong>equo</strong></span> <span class='ocrx_word' id='word_1_284' title='bbox 291 3511 459 3588; x_wconf 80' lang='lat' dir='ltr'><strong>praeferre,</strong></span> <span class='ocrx_word' id='word_1_285' title='bbox 489 3528 611 3590; x_wconf 88' lang='lat' dir='ltr'><strong>possum</strong></span> <span class='ocrx_word' id='word_1_286' title='bbox 639 3527 747 3588; x_wconf 89' lang='lat' dir='ltr'><strong>equum</strong></span> <span class='ocrx_word' id='word_1_287' title='bbox 775 3517 804 3569; x_wconf 89' lang='lat' dir='ltr'><strong>et</strong></span> <span class='ocrx_word' id='word_1_288' title='bbox 833 3510 899 3568; x_wconf 89' lang='lat' dir='ltr'><strong>cani</strong></span> <span class='ocrx_word' id='word_1_289' title='bbox 925 3510 1092 3588; x_wconf 85' lang='lat' dir='ltr'><strong>praeferre,</strong></span> <span class='ocrx_word' id='word_1_290' title='bbox 1122 3515 1154 3567; x_wconf 89' lang='lat' dir='ltr'><strong>ut</strong></span> <span class='ocrx_word' id='word_1_291' title='bbox 1181 3514 1252 3586; x_wconf 90' lang='lat' dir='ltr'><strong>puta</strong></span> <span class='ocrx_word' id='word_1_292' title='bbox 1275 3505 1423 3566; x_wconf 77' lang='lat' dir='ltr'><strong>‘velocior</strong></span> 
     </span>
     <span class='ocr_line' id='line_1_33' title="bbox 130 3607 1422 3690; baseline -0.003 -19"><span class='ocrx_word' id='word_1_293' title='bbox 130 3628 225 3688; x_wconf 88' lang='lat' dir='ltr'><strong>equus</strong></span> <span class='ocrx_word' id='word_1_294' title='bbox 257 3616 350 3690; x_wconf 88' lang='lat' dir='ltr'><strong>eqno&#39;</strong></span> <span class='ocrx_word' id='word_1_295' title='bbox 387 3620 417 3672; x_wconf 87' lang='lat' dir='ltr'><strong>et</strong></span> <span class='ocrx_word' id='word_1_296' title='bbox 450 3616 562 3688; x_wconf 84' lang='lat' dir='ltr'><strong>‘equus</strong></span> <span class='ocrx_word' id='word_1_297' title='bbox 594 3610 723 3672; x_wconf 88' lang='lat' dir='ltr'><strong>velocior</strong></span> <span class='ocrx_word' id='word_1_298' title='bbox 756 3615 857 3670; x_wconf 87' lang='lat' dir='ltr'><strong>cane’.</strong></span> <span class='ocrx_word' id='word_1_299' title='bbox 908 3628 977 3670; x_wconf 90' lang='lat' dir='ltr'><strong>ecce</strong></span> <span class='ocrx_word' id='word_1_300' title='bbox 1011 3619 1040 3670; x_wconf 89' lang='lat' dir='ltr'><strong>et</strong></span> <span class='ocrx_word' id='word_1_301' title='bbox 1072 3629 1126 3670; x_wconf 91' lang='lat' dir='ltr'><strong>suo</strong></span> <span class='ocrx_word' id='word_1_302' title='bbox 1159 3610 1263 3686; x_wconf 84' lang='lat' dir='ltr'><strong>generi</strong></span> <span class='ocrx_word' id='word_1_303' title='bbox 1294 3607 1422 3687; x_wconf 88' lang='lat' dir='ltr'><strong>praetuli</strong></span> 
     </span>
     <span class='ocr_line' id='line_1_34' title="bbox 130 3710 1422 3792; baseline -0.002 -20"><span class='ocrx_word' id='word_1_304' title='bbox 130 3720 161 3772; x_wconf 90' lang='lat' dir='ltr'><strong>et</strong></span> <span class='ocrx_word' id='word_1_305' title='bbox 182 3722 323 3774; x_wconf 84' lang='lat' dir='ltr'><strong>extraneo</strong></span> <span class='ocrx_word' id='word_1_306' title='bbox 345 3715 378 3773; x_wconf 92' lang='lat' dir='ltr'><strong>in</strong></span> <span class='ocrx_word' id='word_1_307' title='bbox 400 3715 590 3792; x_wconf 88' lang='lat' dir='ltr'><strong>conparativo</strong></span> <span class='ocrx_word' id='word_1_308' title='bbox 613 3720 736 3773; x_wconf 88' lang='lat' dir='ltr'><strong>tantum.</strong></span> <span class='ocrx_word' id='word_1_309' title='bbox 768 3711 964 3791; x_wconf 87' lang='lat' dir='ltr'><strong>superlativus</strong></span> <span class='ocrx_word' id='word_1_310' title='bbox 978 3730 1049 3772; x_wconf 88' lang='lat' dir='ltr'><strong>vero</strong></span> <span class='ocrx_word' id='word_1_311' title='bbox 1071 3710 1145 3772; x_wconf 90' lang='lat' dir='ltr'><strong>baec</strong></span> <span class='ocrx_word' id='word_1_312' title='bbox 1159 3713 1258 3772; x_wconf 90' lang='lat' dir='ltr'><strong>omnia</strong></span> <span class='ocrx_word' id='word_1_313' title='bbox 1272 3713 1422 3771; x_wconf 85' lang='lat' dir='ltr'><strong>contraria</strong></span> 
     </span>
     <span class='ocr_line' id='line_1_35' title="bbox 128 3810 1421 3893; baseline -0.001 -20"><span class='ocrx_word' id='word_1_314' title='bbox 128 3813 226 3874; x_wconf 90' lang='lat' dir='ltr'><strong>babet.</strong></span> <span class='ocrx_word' id='word_1_315' title='bbox 272 3833 339 3875; x_wconf 90' lang='lat' dir='ltr'><strong>nam</strong></span> <span class='ocrx_word' id='word_1_316' title='bbox 368 3816 480 3875; x_wconf 89' lang='lat' dir='ltr'><strong>nemini</strong></span> <span class='ocrx_word' id='word_1_317' title='bbox 504 3816 637 3893; x_wconf 88' lang='lat' dir='ltr'><strong>iungitur</strong></span> <span class='ocrx_word' id='word_1_318' title='bbox 664 3833 719 3876; x_wconf 91' lang='lat' dir='ltr'><strong>nec</strong></span> <span class='ocrx_word' id='word_1_319' title='bbox 747 3813 873 3875; x_wconf 85' lang='lat' dir='ltr'><strong>ablativo</strong></span> <span class='ocrx_word' id='word_1_320' title='bbox 901 3833 955 3875; x_wconf 90' lang='lat' dir='ltr'><strong>nec</strong></span> <span class='ocrx_word' id='word_1_321' title='bbox 978 3815 1103 3893; x_wconf 90' lang='lat' dir='ltr'><strong>septimo</strong></span> <span class='ocrx_word' id='word_1_322' title='bbox 1126 3831 1181 3873; x_wconf 91' lang='lat' dir='ltr'><strong>nec</strong></span> <span class='ocrx_word' id='word_1_323' title='bbox 1204 3810 1208 3893; x_wconf 78' lang='lat' dir='ltr'><strong>l</strong></span> <span class='ocrx_word' id='word_1_324' title='bbox 1232 3814 1421 3882; x_wconf 89' lang='lat' dir='ltr'><strong>nominativo,</strong></span> 
     </span>
     <span class='ocr_line' id='line_1_36' title="bbox 48 3915 1423 3996; baseline 0.002 -22"><span class='ocrx_word' id='word_1_325' title='bbox 48 3929 56 3946; x_wconf 91' lang='grc'><em>·</em></span> <span class='ocrx_word' id='word_1_326' title='bbox 127 3915 181 3976; x_wconf 88' lang='lat' dir='ltr'><strong>sed</strong></span> <span class='ocrx_word' id='word_1_327' title='bbox 208 3917 339 3994; x_wconf 89' lang='lat' dir='ltr'><strong>iungitur</strong></span> <span class='ocrx_word' id='word_1_328' title='bbox 367 3918 504 3993; x_wconf 91' lang='lat' dir='ltr'><strong>genetivo</strong></span> <span class='ocrx_word' id='word_1_329' title='bbox 531 3915 647 3995; x_wconf 89' lang='lat' dir='ltr'><strong>plurali.</strong></span> <span class='ocrx_word' id='word_1_330' title='bbox 691 3923 848 3994; x_wconf 85' lang='lat' dir='ltr'><strong>praeterea</strong></span> <span class='ocrx_word' id='word_1_331' title='bbox 875 3935 935 3978; x_wconf 92' lang='lat' dir='ltr'><strong>non</strong></span> <span class='ocrx_word' id='word_1_332' title='bbox 963 3934 1019 3977; x_wconf 91' lang='lat' dir='ltr'><strong>nos</strong></span> <span class='ocrx_word' id='word_1_333' title='bbox 1045 3915 1179 3996; x_wconf 78' lang='lat' dir='ltr'><strong>praefert</strong></span> <span class='ocrx_word' id='word_1_334' title='bbox 1206 3924 1235 3976; x_wconf 91' lang='lat' dir='ltr'><strong>et</strong></span> <span class='ocrx_word' id='word_1_335' title='bbox 1262 3924 1365 3976; x_wconf 89' lang='lat' dir='ltr'><strong>nostro</strong></span> <span class='ocrx_word' id='word_1_336' title='bbox 1393 3923 1423 3977; x_wconf 89' lang='lat' dir='ltr'><strong>et</strong></span> 
     </span>
    </p>
   </div>
   <div class='ocr_carea' id='block_1_3' title="bbox 125 4171 1421 4935">
    <p class='ocr_par' dir='ltr' id='par_1_3' title="bbox 125 4171 1421 4935">
     <span class='ocr_line' id='line_1_37' title="bbox 197 4171 1368 4228; baseline 0 -6"><span class='ocrx_word' id='word_1_337' title='bbox 197 4171 338 4222; x_wconf 87' lang='lat' dir='ltr'><strong>luocuum</strong></span> <span class='ocrx_word' id='word_1_338' title='bbox 358 4172 411 4220; x_wconf 89' lang='lat' dir='ltr'><strong>AB</strong></span> <span class='ocrx_word' id='word_1_339' title='bbox 430 4185 509 4220; x_wconf 83' lang='lat' dir='ltr'><strong>uacuo</strong></span> <span class='ocrx_word' id='word_1_340' title='bbox 531 4171 571 4221; x_wconf 81' lang='lat' dir='ltr'><strong>Cb</strong></span> <span class='ocrx_word' id='word_1_341' title='bbox 623 4172 743 4220; x_wconf 85' lang='lat' dir='ltr'><strong>uerticem</strong></span> <span class='ocrx_word' id='word_1_342' title='bbox 761 4171 818 4221; x_wconf 86' lang='lat' dir='ltr'><strong>AB</strong></span> <span class='ocrx_word' id='word_1_343' title='bbox 837 4173 932 4221; x_wconf 88' lang='lat' dir='ltr'><strong>uertice</strong></span> <span class='ocrx_word' id='word_1_344' title='bbox 952 4171 992 4221; x_wconf 85' lang='lat' dir='ltr'><strong>Cb</strong></span> <span class='ocrx_word' id='word_1_345' title='bbox 1062 4173 1138 4223; x_wconf 80' lang='lat' dir='ltr'><strong>2sed</strong></span> <span class='ocrx_word' id='word_1_346' title='bbox 1158 4188 1204 4222; x_wconf 88' lang='lat' dir='ltr'><strong>om.</strong></span> <span class='ocrx_word' id='word_1_347' title='bbox 1223 4173 1256 4228; x_wconf 90' lang='lat' dir='ltr'><strong>A,</strong></span> <span class='ocrx_word' id='word_1_348' title='bbox 1273 4172 1334 4220; x_wconf 83' lang='lat' dir='ltr'><strong>odd.</strong></span> <span class='ocrx_word' id='word_1_349' title='bbox 1351 4189 1368 4222; x_wconf 88' lang='lat' dir='ltr'><strong><em>a</em></strong></span> 
     </span>
     <span class='ocr_line' id='line_1_38' title="bbox 128 4240 1421 4300; baseline 0.002 -12"><span class='ocrx_word' id='word_1_350' title='bbox 128 4249 153 4288; x_wconf 86' lang='lat' dir='ltr'><strong>et</strong></span> <span class='ocrx_word' id='word_1_351' title='bbox 171 4242 275 4290; x_wconf 91' lang='lat' dir='ltr'><strong>nimium</strong></span> <span class='ocrx_word' id='word_1_352' title='bbox 290 4242 377 4290; x_wconf 85' lang='lat' dir='ltr'><strong>eadem</strong></span> <span class='ocrx_word' id='word_1_353' title='bbox 395 4240 477 4290; x_wconf 85' lang='lat' dir='ltr'><strong>ABG</strong></span> <span class='ocrx_word' id='word_1_354' title='bbox 529 4241 611 4290; x_wconf 76' lang='lat' dir='ltr'><strong>itale</strong></span> <span class='ocrx_word' id='word_1_355' title='bbox 627 4251 665 4290; x_wconf 86' lang='lat' dir='ltr'><strong>est</strong></span> <span class='ocrx_word' id='word_1_356' title='bbox 683 4256 713 4290; x_wconf 90' lang='lat' dir='ltr'><strong>ac</strong></span> <span class='ocrx_word' id='word_1_357' title='bbox 731 4242 753 4291; x_wconf 87' lang='lat' dir='ltr'><strong>si</strong></span> <span class='ocrx_word' id='word_1_358' title='bbox 766 4242 836 4290; x_wconf 85' lang='lat' dir='ltr'><strong>dicas</strong></span> <span class='ocrx_word' id='word_1_359' title='bbox 850 4241 923 4292; x_wconf 85' lang='lat' dir='ltr'><strong>valde</strong></span> <span class='ocrx_word' id='word_1_360' title='bbox 938 4242 1047 4291; x_wconf 88' lang='lat' dir='ltr'><strong>lucidior</strong></span> <span class='ocrx_word' id='word_1_361' title='bbox 1063 4257 1110 4292; x_wconf 86' lang='lat' dir='ltr'><strong>om.</strong></span> <span class='ocrx_word' id='word_1_362' title='bbox 1125 4241 1160 4300; x_wconf 89' lang='lat' dir='ltr'><strong>A,</strong></span> <span class='ocrx_word' id='word_1_363' title='bbox 1179 4243 1240 4294; x_wconf 83' lang='lat' dir='ltr'><strong>add.</strong></span> <span class='ocrx_word' id='word_1_364' title='bbox 1261 4258 1278 4290; x_wconf 84' lang='lat' dir='ltr'><strong>a</strong></span> <span class='ocrx_word' id='word_1_365' title='bbox 1330 4240 1421 4291; x_wconf 88' lang='lat' dir='ltr'><strong>9con·</strong></span> 
     </span>
     <span class='ocr_line' id='line_1_39' title="bbox 128 4310 1419 4377; baseline 0 -17"><span class='ocrx_word' id='word_1_366' title='bbox 128 4313 244 4374; x_wconf 80' lang='lat' dir='ltr'><strong>paratino</strong></span> <span class='ocrx_word' id='word_1_367' title='bbox 263 4312 473 4377; x_wconf 82' lang='lat' dir='ltr'><strong>autsuperlatiuo</strong></span> <span class='ocrx_word' id='word_1_368' title='bbox 489 4313 513 4359; x_wconf 99' lang='lat' dir='ltr'><em>A</em></span> <span class='ocrx_word' id='word_1_369' title='bbox 570 4312 602 4360; x_wconf 88' lang='lat'><strong>10</strong></span> <span class='ocrx_word' id='word_1_370' title='bbox 619 4310 744 4376; x_wconf 85' lang='lat' dir='ltr'><strong>uergilius</strong></span> <span class='ocrx_word' id='word_1_371' title='bbox 759 4312 841 4362; x_wconf 84' lang='lat' dir='ltr'><strong>iunxit</strong></span> <span class='ocrx_word' id='word_1_372' title='bbox 857 4312 878 4361; x_wconf 85' lang='lat' dir='ltr'><em>C</em></span> <span class='ocrx_word' id='word_1_373' title='bbox 895 4312 1020 4376; x_wconf 83' lang='lat' dir='ltr'><strong>uergilius</strong></span> <span class='ocrx_word' id='word_1_374' title='bbox 1038 4310 1172 4361; x_wconf 80' lang='lat' dir='ltr'><strong>iuncxitB</strong></span> <span class='ocrx_word' id='word_1_375' title='bbox 1225 4311 1256 4360; x_wconf 77' lang='lat'><strong>12</strong></span> <span class='ocrx_word' id='word_1_376' title='bbox 1272 4321 1322 4360; x_wconf 81' lang='lat' dir='ltr'><strong>taur</strong></span> <span class='ocrx_word' id='word_1_377' title='bbox 1336 4313 1419 4377; x_wconf 83' lang='lat' dir='ltr'><strong>magis</strong></span> 
     </span>
     <span class='ocr_line' id='line_1_40' title="bbox 127 4378 1419 4447; baseline -0.002 -18"><span class='ocrx_word' id='word_1_378' title='bbox 127 4379 170 4429; x_wconf 83' lang='lat' dir='ltr'><strong>illa</strong></span> <span class='ocrx_word' id='word_1_379' title='bbox 189 4378 301 4429; x_wconf 68' lang='lat' dir='ltr'><strong>fremens</strong></span> <span class='ocrx_word' id='word_1_380' title='bbox 317 4407 351 4418; x_wconf 81' lang='lat'>-</span> <span class='ocrx_word' id='word_1_381' title='bbox 366 4395 467 4446; x_wconf 84' lang='lat' dir='ltr'><strong>pugnae</strong></span> <span class='ocrx_word' id='word_1_382' title='bbox 489 4391 538 4429; x_wconf 86' lang='lat' dir='ltr'><strong>tam</strong></span> <span class='ocrx_word' id='word_1_383' title='bbox 560 4382 642 4446; x_wconf 83' lang='lat' dir='ltr'><strong>magis</strong></span> <span class='ocrx_word' id='word_1_384' title='bbox 661 4378 695 4429; x_wconf 78' lang='lat' dir='ltr'><strong>a*</strong></span> <span class='ocrx_word' id='word_1_385' title='bbox 712 4415 719 4430; x_wconf 85' lang='lat'><strong>.</strong></span> <span class='ocrx_word' id='word_1_386' title='bbox 735 4415 762 4431; x_wconf 89' lang='lat'><strong>..</strong></span> <span class='ocrx_word' id='word_1_387' title='bbox 781 4382 865 4447; x_wconf 82' lang='lat' dir='ltr'><strong>magis</strong></span> <span class='ocrx_word' id='word_1_388' title='bbox 882 4380 928 4429; x_wconf 86' lang='lat' dir='ltr'><strong>illa</strong></span> <span class='ocrx_word' id='word_1_389' title='bbox 945 4381 1057 4430; x_wconf 81' lang='lat' dir='ltr'><strong>fremens</strong></span> <span class='ocrx_word' id='word_1_390' title='bbox 1075 4390 1099 4430; x_wconf 89' lang='lat' dir='ltr'><strong>et</strong></span> <span class='ocrx_word' id='word_1_391' title='bbox 1115 4391 1132 4432; x_wconf 90' lang='lat' dir='ltr'><strong>t.</strong></span> <span class='ocrx_word' id='word_1_392' title='bbox 1149 4397 1172 4430; x_wconf 89' lang='lat' dir='ltr'><strong>e.</strong></span> <span class='ocrx_word' id='word_1_393' title='bbox 1194 4382 1212 4431; x_wconf 87' lang='grc'><strong>1.</strong></span> <span class='ocrx_word' id='word_1_394' title='bbox 1231 4391 1282 4430; x_wconf 80' lang='lat' dir='ltr'><strong>mm</strong></span> <span class='ocrx_word' id='word_1_395' title='bbox 1300 4381 1383 4446; x_wconf 83' lang='lat' dir='ltr'><strong>magis</strong></span> <span class='ocrx_word' id='word_1_396' title='bbox 1394 4380 1419 4427; x_wconf 91' lang='lat' dir='ltr'><em>A</em></span> 
     </span>
     <span class='ocr_line' id='line_1_41' title="bbox 127 4449 1418 4516; baseline 0 -18"><span class='ocrx_word' id='word_1_397' title='bbox 127 4462 178 4499; x_wconf 85' lang='lat' dir='ltr'><strong>ram</strong></span> <span class='ocrx_word' id='word_1_398' title='bbox 197 4452 281 4516; x_wconf 86' lang='lat' dir='ltr'><strong>magis</strong></span> <span class='ocrx_word' id='word_1_399' title='bbox 301 4450 344 4499; x_wconf 85' lang='lat' dir='ltr'><strong>illa</strong></span> <span class='ocrx_word' id='word_1_400' title='bbox 362 4454 473 4500; x_wconf 84' lang='lat' dir='ltr'><strong>tremens</strong></span> <span class='ocrx_word' id='word_1_401' title='bbox 485 4461 510 4499; x_wconf 87' lang='lat' dir='ltr'><strong>et</strong></span> <span class='ocrx_word' id='word_1_402' title='bbox 529 4454 578 4514; x_wconf 75' lang='lat' dir='ltr'><strong>qud</strong></span> <span class='ocrx_word' id='word_1_403' title='bbox 598 4461 614 4499; x_wconf 86' lang='grc' dir='ltr'><strong>ι,</strong></span> <span class='ocrx_word' id='word_1_404' title='bbox 636 4450 653 4502; x_wconf 88' lang='lat' dir='ltr'><strong>i.</strong></span> <span class='ocrx_word' id='word_1_405' title='bbox 672 4459 723 4499; x_wconf 84' lang='lat' dir='ltr'><strong>tam</strong></span> <span class='ocrx_word' id='word_1_406' title='bbox 743 4451 827 4516; x_wconf 87' lang='lat' dir='ltr'><strong>magis</strong></span> <span class='ocrx_word' id='word_1_407' title='bbox 845 4449 871 4499; x_wconf 90' lang='lat' dir='ltr'><em>B</em></span> <span class='ocrx_word' id='word_1_408' title='bbox 890 4462 942 4499; x_wconf 80' lang='lat' dir='ltr'><strong>tam</strong></span> <span class='ocrx_word' id='word_1_409' title='bbox 960 4451 1043 4516; x_wconf 87' lang='lat' dir='ltr'><strong>magis</strong></span> <span class='ocrx_word' id='word_1_410' title='bbox 1062 4451 1104 4500; x_wconf 88' lang='lat' dir='ltr'><strong>illa</strong></span> <span class='ocrx_word' id='word_1_411' title='bbox 1122 4451 1232 4500; x_wconf 76' lang='lat' dir='ltr'><strong>irenaeus</strong></span> <span class='ocrx_word' id='word_1_412' title='bbox 1250 4460 1274 4499; x_wconf 78' lang='lat' dir='ltr'><strong>et</strong></span> <span class='ocrx_word' id='word_1_413' title='bbox 1292 4460 1310 4498; x_wconf 82' lang='lat' dir='ltr'><strong>t.</strong></span> <span class='ocrx_word' id='word_1_414' title='bbox 1329 4450 1348 4500; x_wconf 87' lang='lat' dir='ltr'><strong>l.</strong></span> <span class='ocrx_word' id='word_1_415' title='bbox 1366 4460 1418 4498; x_wconf 82' lang='lat' dir='ltr'><strong>torn</strong></span> 
     </span>
     <span class='ocr_line' id='line_1_42' title="bbox 127 4520 1417 4587; baseline 0.001 -18"><span class='ocrx_word' id='word_1_416' title='bbox 127 4521 210 4586; x_wconf 83' lang='lat' dir='ltr'><strong>magia</strong></span> <span class='ocrx_word' id='word_1_417' title='bbox 233 4530 257 4569; x_wconf 89' lang='lat' dir='ltr'><strong>et</strong></span> <span class='ocrx_word' id='word_1_418' title='bbox 283 4521 395 4569; x_wconf 80' lang='lat' dir='ltr'><strong>tristibus</strong></span> <span class='ocrx_word' id='word_1_419' title='bbox 412 4520 488 4571; x_wconf 83' lang='lat' dir='ltr'><strong>etiem</strong></span> <span class='ocrx_word' id='word_1_420' title='bbox 506 4520 615 4569; x_wconf 87' lang='lat' dir='ltr'><strong>llemmis</strong></span> <span class='ocrx_word' id='word_1_421' title='bbox 633 4535 710 4582; x_wconf 87' lang='lat' dir='ltr'><strong>quam</strong></span> <span class='ocrx_word' id='word_1_422' title='bbox 728 4522 811 4586; x_wconf 85' lang='lat' dir='ltr'><strong>magis</strong></span> <span class='ocrx_word' id='word_1_423' title='bbox 834 4520 915 4571; x_wconf 78' lang='lat' dir='ltr'><strong>effuso</strong></span> <span class='ocrx_word' id='word_1_424' title='bbox 938 4522 1091 4570; x_wconf 80' lang='lat' dir='ltr'><strong>crudescunt</strong></span> <span class='ocrx_word' id='word_1_425' title='bbox 1115 4522 1240 4587; x_wconf 84' lang='lat' dir='ltr'><strong>sanguine</strong></span> <span class='ocrx_word' id='word_1_426' title='bbox 1261 4532 1364 4585; x_wconf 82' lang='lat' dir='ltr'><strong>pugnae</strong></span> <span class='ocrx_word' id='word_1_427' title='bbox 1383 4521 1417 4570; x_wconf 81' lang='lat'><strong>0:</strong></span> 
     </span>
     <span class='ocr_line' id='line_1_43' title="bbox 131 4588 1350 4654; baseline -0.001 -16"><span class='ocrx_word' id='word_1_428' title='bbox 131 4591 209 4654; x_wconf 77' lang='lat' dir='ltr'><strong>Verg.</strong></span> <span class='ocrx_word' id='word_1_429' title='bbox 223 4590 289 4642; x_wconf 82' lang='lat' dir='ltr'><strong>Aen.</strong></span> <span class='ocrx_word' id='word_1_430' title='bbox 309 4590 355 4640; x_wconf 91' lang='lat' dir='ltr'><strong>Vll</strong></span> <span class='ocrx_word' id='word_1_431' title='bbox 374 4590 424 4640; x_wconf 81' lang='lat'><strong>787</strong></span> <span class='ocrx_word' id='word_1_432' title='bbox 498 4590 528 4639; x_wconf 81' lang='lat'><strong>15</strong></span> <span class='ocrx_word' id='word_1_433' title='bbox 547 4590 631 4638; x_wconf 87' lang='lat' dir='ltr'><strong>iuncta</strong></span> <span class='ocrx_word' id='word_1_434' title='bbox 651 4605 708 4639; x_wconf 88' lang='lat' dir='ltr'><strong>esse</strong></span> <span class='ocrx_word' id='word_1_435' title='bbox 726 4590 772 4639; x_wconf 88' lang='lat' dir='ltr'><strong>sed</strong></span> <span class='ocrx_word' id='word_1_436' title='bbox 791 4604 840 4638; x_wconf 94' lang='lat' dir='ltr'><strong>non</strong></span> <span class='ocrx_word' id='word_1_437' title='bbox 860 4601 898 4639; x_wconf 89' lang='lat' dir='ltr'><strong>est</strong></span> <span class='ocrx_word' id='word_1_438' title='bbox 916 4592 952 4651; x_wconf 84' lang='lat' dir='ltr'><strong>(et</strong></span> <span class='ocrx_word' id='word_1_439' title='bbox 973 4592 998 4639; x_wconf 90' lang='lat' dir='ltr'><em>A</em></span> <span class='ocrx_word' id='word_1_440' title='bbox 1014 4606 1081 4639; x_wconf 81' lang='lat' dir='ltr'><strong>corr.</strong></span> <span class='ocrx_word' id='word_1_441' title='bbox 1100 4602 1139 4642; x_wconf 83' lang='lat' dir='ltr'><strong>eat</strong></span> <span class='ocrx_word' id='word_1_442' title='bbox 1157 4598 1184 4649; x_wconf 83' lang='grc' dir='ltr'><strong>α)</strong></span> <span class='ocrx_word' id='word_1_443' title='bbox 1204 4590 1252 4638; x_wconf 92' lang='lat' dir='ltr'><strong>hoc</strong></span> <span class='ocrx_word' id='word_1_444' title='bbox 1270 4588 1350 4638; x_wconf 78' lang='lat' dir='ltr'><strong>ABG</strong></span> 
     </span>
     <span class='ocr_line' id='line_1_44' title="bbox 128 4658 1419 4725; baseline -0.002 -16"><span class='ocrx_word' id='word_1_445' title='bbox 128 4660 161 4712; x_wconf 80' lang='lat' dir='ltr'><strong>lc</strong></span> <span class='ocrx_word' id='word_1_446' title='bbox 177 4660 290 4709; x_wconf 87' lang='lat' dir='ltr'><strong>iunctum</strong></span> <span class='ocrx_word' id='word_1_447' title='bbox 309 4660 457 4709; x_wconf 77' lang='lat' dir='ltr'><strong>aduerbrum</strong></span> <span class='ocrx_word' id='word_1_448' title='bbox 470 4659 494 4707; x_wconf 91' lang='lat' dir='ltr'><em>A</em></span> <span class='ocrx_word' id='word_1_449' title='bbox 513 4660 623 4707; x_wconf 86' lang='lat' dir='ltr'><strong>iunctum</strong></span> <span class='ocrx_word' id='word_1_450' title='bbox 641 4668 679 4708; x_wconf 84' lang='lat' dir='ltr'><strong>est</strong></span> <span class='ocrx_word' id='word_1_451' title='bbox 692 4659 842 4708; x_wconf 86' lang='lat' dir='ltr'><strong>adnerbium</strong></span> <span class='ocrx_word' id='word_1_452' title='bbox 860 4660 933 4709; x_wconf 85' lang='lat' dir='ltr'><strong>BCa</strong></span> <span class='ocrx_word' id='word_1_453' title='bbox 983 4661 1097 4722; x_wconf 76' lang='lat' dir='ltr'><strong>[ortam</strong></span> <span class='ocrx_word' id='word_1_454' title='bbox 1115 4660 1216 4725; x_wconf 89' lang='lat' dir='ltr'><strong>quaudo</strong></span> <span class='ocrx_word' id='word_1_455' title='bbox 1232 4659 1282 4708; x_wconf 91' lang='lat' dir='ltr'><strong>dno</strong></span> <span class='ocrx_word' id='word_1_456' title='bbox 1297 4658 1419 4707; x_wconf 84' lang='lat' dir='ltr'><strong>adverbia</strong></span> 
     </span>
     <span class='ocr_line' id='line_1_45' title="bbox 126 4728 1417 4795; baseline -0.001 -17"><span class='ocrx_word' id='word_1_457' title='bbox 126 4731 267 4795; x_wconf 88' lang='lat' dir='ltr'><strong>iunguntur</strong></span> <span class='ocrx_word' id='word_1_458' title='bbox 285 4731 472 4794; x_wconf 81' lang='lat' dir='ltr'><strong>cooperationis</strong></span> <span class='ocrx_word' id='word_1_459' title='bbox 564 4728 596 4778; x_wconf 90' lang='lat'><strong>18</strong></span> <span class='ocrx_word' id='word_1_460' title='bbox 615 4744 664 4778; x_wconf 91' lang='lat' dir='ltr'><strong>uon</strong></span> <span class='ocrx_word' id='word_1_461' title='bbox 685 4729 783 4778; x_wconf 83' lang='lat' dir='ltr'><strong>videtur</strong></span> <span class='ocrx_word' id='word_1_462' title='bbox 800 4729 888 4779; x_wconf 71' lang='lat' dir='ltr'><strong>lica:</strong></span> <span class='ocrx_word' id='word_1_463' title='bbox 907 4745 958 4779; x_wconf 86' lang='lat' dir='ltr'><strong>non</strong></span> <span class='ocrx_word' id='word_1_464' title='bbox 976 4747 1022 4779; x_wconf 85' lang='lat' dir='ltr'><strong>om.</strong></span> <span class='ocrx_word' id='word_1_465' title='bbox 1042 4730 1067 4777; x_wconf 87' lang='lat' dir='ltr'><em>A</em></span> <span class='ocrx_word' id='word_1_466' title='bbox 1154 4728 1187 4779; x_wconf 79' lang='lat'><strong>23</strong></span> <span class='ocrx_word' id='word_1_467' title='bbox 1207 4729 1304 4778; x_wconf 86' lang='lat' dir='ltr'><strong>doctior</strong></span> <span class='ocrx_word' id='word_1_468' title='bbox 1322 4728 1354 4777; x_wconf 86' lang='lat' dir='ltr'><strong>ab</strong></span> <span class='ocrx_word' id='word_1_469' title='bbox 1373 4728 1417 4777; x_wconf 92' lang='lat' dir='ltr'><strong>illo</strong></span> 
     </span>
     <span class='ocr_line' id='line_1_46' title="bbox 125 4795 1418 4866; baseline 0.002 -18"><span class='ocrx_word' id='word_1_470' title='bbox 125 4800 234 4865; x_wconf 78' lang='lat' dir='ltr'><strong>septimo</strong></span> <span class='ocrx_word' id='word_1_471' title='bbox 254 4815 301 4848; x_wconf 85' lang='lat' dir='ltr'><strong>om.</strong></span> <span class='ocrx_word' id='word_1_472' title='bbox 321 4799 405 4848; x_wconf 75' lang='lat' dir='ltr'><strong>Abu</strong></span> <span class='ocrx_word' id='word_1_473' title='bbox 475 4800 507 4847; x_wconf 77' lang='lat'><strong>24</strong></span> <span class='ocrx_word' id='word_1_474' title='bbox 531 4798 639 4863; x_wconf 85' lang='lat' dir='ltr'><strong>septimo</strong></span> <span class='ocrx_word' id='word_1_475' title='bbox 664 4799 700 4847; x_wconf 87' lang='lat' dir='ltr'><strong>uti</strong></span> <span class='ocrx_word' id='word_1_476' title='bbox 719 4795 778 4847; x_wconf 78' lang='lat' dir='ltr'><strong>Ga*</strong></span> <span class='ocrx_word' id='word_1_477' title='bbox 801 4801 910 4862; x_wconf 82' lang='lat' dir='ltr'><strong>septimo</strong></span> <span class='ocrx_word' id='word_1_478' title='bbox 929 4811 955 4848; x_wconf 91' lang='lat' dir='ltr'><strong>ut</strong></span> <span class='ocrx_word' id='word_1_479' title='bbox 976 4797 1076 4866; x_wconf 80' lang='lat' dir='ltr'><em>A(?)B</em></span> <span class='ocrx_word' id='word_1_480' title='bbox 1093 4801 1228 4864; x_wconf 86' lang='lat' dir='ltr'><strong>septimum</strong></span> <span class='ocrx_word' id='word_1_481' title='bbox 1246 4799 1314 4847; x_wconf 86' lang='lat' dir='ltr'><strong>utic</strong></span> <span class='ocrx_word' id='word_1_482' title='bbox 1383 4798 1418 4851; x_wconf 79' lang='lat'><strong>27</strong></span> 
     </span>
     <span class='ocr_line' id='line_1_47' title="bbox 126 4868 849 4935; baseline -0.001 -17"><span class='ocrx_word' id='word_1_483' title='bbox 126 4880 198 4935; x_wconf 77' lang='lat' dir='ltr'><strong>potes</strong></span> <span class='ocrx_word' id='word_1_484' title='bbox 216 4869 303 4930; x_wconf 88' lang='lat' dir='ltr'><strong>utique</strong></span> <span class='ocrx_word' id='word_1_485' title='bbox 320 4879 344 4918; x_wconf 91' lang='lat' dir='ltr'><strong>et</strong></span> <span class='ocrx_word' id='word_1_486' title='bbox 360 4870 409 4918; x_wconf 71' lang='lat' dir='ltr'><strong>Bc*</strong></span> <span class='ocrx_word' id='word_1_487' title='bbox 478 4869 680 4933; x_wconf 68' lang='lat' dir='ltr'><strong>alpinorum.</strong></span> <span class='ocrx_word' id='word_1_488' title='bbox 697 4870 730 4930; x_wconf 86' lang='lat' dir='ltr'><strong>A,</strong></span> <span class='ocrx_word' id='word_1_489' title='bbox 749 4868 810 4921; x_wconf 79' lang='lat' dir='ltr'><strong>add,</strong></span> <span class='ocrx_word' id='word_1_490' title='bbox 832 4885 849 4917; x_wconf 84' lang='lat' dir='ltr'><strong>n</strong></span> 
     </span>
    </p>
   </div>
   <div class='ocr_carea' id='block_1_4' title="bbox 0 0 1678 5498">
    <p class='ocr_par' dir='ltr' id='par_1_4' title="bbox 0 0 1678 5498">
     <span class='ocr_line' id='line_1_48' title="bbox 0 0 1678 5498; baseline 0 4"><span class='ocrx_word' id='word_1_491' title='bbox 0 0 1678 5498; x_wconf 95' lang='lat' dir='ltr'><strong> </strong></span> 
     </span>
    </p>
   </div>
  </div>
 </body>
</html>
