3346 5498
487 438 687 499 EXCERPTA
709 437 882 498 PblilSlNA
906 439 979 499 xvi.
1005 438 1081 499 XVll
1361 433 1423 496 619

1223 556 1243 595 p.
1254 543 1351 582 2755.OE
1367 542 1389 584 l'.

135 625 256 684 clinatio
278 633 408 702 vagatur,
432 625 483 684 sed
507 633 632 703 utroque
655 627 787 704 perlecto
809 627 896 686 simul
927 628 1036 685 iuncto.
1081 624 1183 683 ‹licunt
1212 625 1290 682 enim
1314 640 1423 699 παρα-

136 722 290 806 κειμένον
311 723 366 786 κοιλ
387 719 677 805 ὑπερσνντελιιιοῡ
698 728 852 805 νενίκηκε
873 722 1074 806 νενικηκέτω
1097 735 1123 785 et
1149 723 1307 803 vendundo
1330 742 1424 783 νενι-

136 823 263 907 κη’σθω,
307 829 384 908 quiid
408 849 495 908 quam
520 832 720 890 necessarium
744 831 790 896 sit,
815 828 884 888 binc
907 837 1025 906 sumpto
1047 838 1222 904 argumento
1244 829 1423 905 requiratur.

135 948 279 1008 ponamus
306 940 438 999 serratum
467 941 634 1010 pugnaturo
662 930 775 991 consuli
811 930 854 988 vel
890 928 1035 990 militibus
1068 931 1216 1008 imperare
1250 926 1424 987 conficiendi

110 1030 206 1091 obelli
232 1032 427 1101 celeritatem,
451 1028 517 1109 πρὸ
540 1026 630 1112 ὥρας
651 1029 747 1111 ἕκτης
768 1024 788 1110 ἡ
811 1024 963 1111 συμβολὴ
987 1025 1220 1109 πεπληρῶσθαι
1243 1029 1289 1089 vel
1304 1020 1324 1107 ἡ
1339 1023 1426 1107 μάχη

136 1129 335 1213 πεποιήσθω
364 1135 409 1194 vel
438 1127 456 1193 ὁ
486 1131 631 1214 πόλεμος
659 1129 861 1212 νενικησθω.
907 1134 1039 1193 loturum
1068 1150 1184 1212 quoque
1212 1149 1298 1190 suum
1320 1129 1425 1190 Graeci

135 1253 201 1294 cum
224 1238 335 1295 aoristo
351 1239 484 1314 iungunt,
508 1239 577 1316 quia
601 1235 706 1296 iisdem
730 1237 824 1312 signis
839 1238 868 1293 io
892 1235 1052 1295 indicativo
1068 1243 1225 1312 utrumque
1250 1232 1426 1292 dinoscitur.
1521 1291 1531 1299 ,

138 1354 204 1396 nam
227 1340 252 1396 si
276 1340 405 1397 aoristus
428 1338 544 1398 desinat
566 1340 597 1397 in
620 1351 674 1414 σα,
697 1339 829 1397 futurum
852 1339 883 1395 in
906 1349 954 1395 σοι
978 1338 1168 1402 terminatur,
1198 1329 1345 1412 ἐλάλησα
1367 1333 1428 1391 λα-

138 1433 245 1516 λήσωε
276 1440 300 1497 si
330 1438 384 1499 boe
416 1442 444 1499 in
474 1434 529 1517 ξα,
558 1439 631 1500 illud
663 1444 693 1501 in
723 1433 784 1516 ξω,
808 1432 934 1517 ἔπραξα
956 1432 1085 1516 ποάξω;
1119 1439 1143 1496 si
1174 1438 1203 1494 in
1228 1448 1285 1512 pn,
1309 1437 1340 1494 iu
1364 1442 1428 1512 ψω,

101 1556 125 1591 ιο
139 1537 270 1618 ἔπεμψα
293 1535 422 1620 πέμψω.
457 1557 528 1618 ergo
544 1538 693 1621 λάληοον
708 1534 837 1617 πράξον
851 1533 983 1618 πέμψον
999 1539 1191 1616 adsignantur
1206 1536 1293 1597 simul
1308 1538 1428 1615 utrique

136 1643 278 1719 ternpori,
308 1645 375 1721 quia
407 1645 559 1722 utriusque
590 1644 673 1718 signa
702 1640 914 1701 ‹lernonstrant
960 1643 1047 1701 tertia
1077 1659 1148 1700 vero
1178 1657 1304 1718 persona
1335 1640 1429 1715 magis

137 1744 278 1802 aoristum
302 1746 425 1822 respicit
451 1741 538 1823 quam
567 1745 715 1804 futurum:
749 1744 820 1802 lacit
848 1744 927 1801 errim
958 1736 1133 1820 lolpoelroa
1162 1735 1317 1818 ποαξάτω
1337 1757 1426 1820 -πεμν

139 1839 243 1922 φάτω,
266 1863 332 1904 cum
357 1859 399 1905 σα
422 1842 461 1919 ξα
484 1853 530 1918 uu
553 1843 759 1924 χαρακτῆρες
781 1845 841 1903 sint
863 1836 1034 1921 άοοίστου.
1070 1844 1148 1903 idem
1165 1850 1246 1902 sonat
1271 1851 1300 1901 et
1316 1842 1430 1921 plurale

138 1941 309 2025 ποιήσατε,
333 1949 416 2007 errius
439 1949 526 2007 tertia
549 1965 674 2025 persona
698 1964 801 2005 rursus
829 1963 896 2005 cum
920 1944 1119 2005 additamento
1142 1946 1246 2004 tertiae
1270 1943 1431 2019 singularis

103 2043 537 2127 ιοολλὶοὶῑιιι-ποιησάτωσαν.
576 2056 606 2106 et
629 2057 660 2107 ut
682 2047 738 2107 boo
761 2046 841 2107 idem
864 2055 988 2126 tempus,
1024 2045 1052 2105 id
1077 2054 1122 2106 est
1144 2048 1278 2106 luturum
1301 2047 1428 2124 impera-

141 2152 202 2219 tivi,
218 2152 369 2228 passivum
387 2152 447 2219 irat,
471 2152 599 2210 sumitur
614 2151 742 2209 acrisius
765 2149 883 2217 infiniti,
906 2155 935 2219 et
959 2147 1038 2209 nulla
1054 2149 1174 2207 omnino
1197 2146 1295 2207 littera
1319 2154 1430 2207 nudata

139 2260 311 2331 tantumque
335 2260 458 2311 accentu
481 2269 599 2311 sursum
623 2250 658 2310 ad
680 2249 909 2329 praecellentem
937 2249 1080 2329 syllabam
1104 2258 1199 2309 tracto
1221 2252 1354 2310 l'uturum
1377 2251 1431 2309 im·

142 2356 264 2431 peratis-i
299 2355 406 2432 passivi
440 2355 486 2419 lit,
520 2351 657 2431 ποιῆσαι
690 2353 843 2430 ποίησαι,
876 2349 1019 2429 λαλῆσαι
1047 2345 1205 2431 λάλησαι,
1234 2354 1318 2411 euius
1345 2354 1433 2411 tertia

141 2474 265 2533 prorsona
290 2456 321 2514 m
343 2455 379 2514 de
402 2457 491 2514 tertia
514 2456 600 2513 activi
625 2462 736 2514 mutato
757 2473 775 2512 τ
798 2456 828 2513 in
850 2455 908 2531 eil,
932 2449 1101 2532 ποιησάτω
1125 2449 1332 2532 ποιησάσθω,
1356 2457 1434 2513 sicut

104 2570 129 2608 :n
144 2565 173 2615 et
195 2563 319 2617 ποιεῖτε
343 2558 496 2616 ποιεῖσθε
518 2563 548 2615 et
570 2550 730 2635 ποιήσατε
753 2550 951 2634 ποιήσασθε.

226 2658 267 2717 llo
301 2660 489 2718 coniunctivo
522 2658 617 2719 modo.
670 2659 856 2717 coniunctiva
891 2656 1078 2725 Latinorum,
1116 2674 1191 2734 quae
1229 2648 1435 2716 ὑποτακτικά
1449 2669 1495 2716 159
1510 2667 1539 2713 v.

142 2760 335 2829 Graecorum,
366 2778 484 2820 eausam
513 2759 648 2820 vocabuli
672 2779 707 2819 ex
731 2777 788 2819 una
812 2758 972 2837 eademque
1002 2759 1119 2832 origine
1146 2759 1321 2817 sortiuntur.
1367 2776 1433 2817 nam

143 2880 178 2920 ox
207 2861 266 2921 sola
295 2864 503 2921 coniunctione
531 2880 606 2940 <puae
636 2863 664 2920 ei
693 2860 802 2920 accidit
830 2860 1033 2919 coniunctivus
1062 2857 1165 2918 modus
1194 2859 1357 2937 appellatus
1379 2868 1434 2927 est,

143 2961 220 3021 unde
249 2973 278 3023 et
306 2964 412 3022 Graeci
442 2955 667 3022 ὑποτακτικὸν
690 2954 745 3020 διά
768 2959 829 3020 τοῦ
853 2953 1076 3038 ὑποτετάχθαι
1100 2962 1311 3020 vocitaverunt.
1356 2960 1455 3040 apud.

105 3080 130 3118 ao
144 3082 217 3142 quos
239 3064 294 3123 boc
317 3064 406 3124 babet
428 3065 620 3143 praecipuum
643 3062 691 3122 bie
715 3061 828 3130 modus,
851 3060 929 3140 quod
945 3080 1031 3121 οιοιιο
1056 3058 1060 3142 Ι
1084 3071 1202 3139 tempus
1223 3065 1288 3122 eius
1308 3064 1434 3123 activum

144 3168 269 3244 primam
292 3184 449 3245 porsonam
473 3164 652 3242 singularem
675 3166 705 3223 in
729 3182 755 3222 ω
779 3164 880 3229 mittit,
905 3155 966 3222 ἐάν
987 3160 1074 3222 ποιοῖ
1096 3155 1155 3222 ἐάν
1177 3159 1351 3243 πεποιήκοι
1375 3158 1436 3225 ἐάν

144 3262 284 3346 ποιήσω,
308 3266 381 3326 adeo
402 3275 435 3327 ut
458 3275 488 3325 ct
509 3266 560 3326 illa
583 3265 672 3325 verba
696 3284 769 3344 uriae
792 3266 823 3323 in
846 3272 1027 3343 premunt,
1056 3282 1123 3324 eum
1152 3264 1187 3323 ad
1212 3264 1290 3325 hune
1312 3265 1432 3327 modum

145 3372 291 3435 verrerint,
316 3368 438 3428 redeant
460 3367 495 3428 ad
519 3367 568 3427 illa
592 3371 622 3428 in
646 3387 672 3427 ω
695 3367 862 3426 desinentia
885 3365 920 3423 dc
944 3363 1054 3444 quibus
1076 3364 1210 3425 derivata
1234 3375 1321 3436 suut,
1351 3365 1437 3428 wod

145 3468 260 3548 τάθημι
283 3479 312 3528 et
335 3472 365 3528 in
389 3471 578 3528 coniunctivo
601 3461 662 3529 ἐάν
685 3465 780 3544 τιθῶ,
804 3469 875 3526 item
898 3462 982 3536 (iudai
1003 3461 1124 3544 δίδωμι
1148 3459 1209 3527 ἐάν
1230 3464 1324 3528 διδῶ.
1347 3461 1435 3528 ὑπο-

108 3589 132 3623 ιο
146 3566 285 3629 τακτικά
313 3573 492 3630 Graecorum
522 3569 647 3648 syllabas
674 3552 809 3648 quaein
837 3568 905 3628 aliis
933 3568 1029 3627 modis
1052 3567 1156 3627 breves
1188 3569 1309 3630 luerunt
1331 3573 1361 3630 in
1384 3589 1436 3631 sua

145 3671 341 3738 declinatione
370 3672 550 3750 producunt,
579 3667 719 3752 λέγομεν
749 3664 808 3731 ἐὰν
835 3664 993 3749 λέγωμεν,
1032 3669 1083 3728 sed
1112 3678 1142 3730 et
1164 3689 1193 3730 ει
1223 3670 1436 3750 diphthongum

146 3774 176 3831 iu
199 3759 261 3851 ἦτοι
288 3780 409 3842 mutant,
434 3769 519 3851 λέγω
543 3768 660 3852 λέγεις,
685 3765 745 3832 ἐοὶν
767 3765 853 3849 λέγω
877 3761 938 3832 ἐάν
960 3766 1077 3851 λέγης,
1100 3779 1130 3831 et
1151 3774 1221 3851 quia
1243 3780 1347 3834 natura
1371 3792 1436 3834 ver·

147 3873 251 3934 borum
275 3877 406 3935 omnium
421 3875 506 3953 'apud
530 3876 657 3934 Graecos
678 3874 749 3934 baec
772 3881 827 3942 est,
851 3882 883 3932 ut
905 3892 940 3932 ex
964 3874 1060 3952 prima
1080 3892 1206 3951 persona
1230 3876 1259 3934 in
1277 3894 1303 3934 ω
1325 3894 1435 3937 exeun·

148 3980 221 4036 tium
245 3976 374 4036 secunda
397 3979 428 4036 in
451 3977 523 4037 (luas
546 3975 661 4036 vocales
676 3975 800 4045 desinat,
818 3975 885 4034 ideo
901 3973 1001 4034 EAN
1014 3974 1188 4035 ΛΕΓΗΙΣ
1199 3995 1265 4036 cunr
1282 3998 1293 4035 ι
1308 3978 1438 4056 ascripto

110 4094 135 4134 :u
150 4089 258 4157 posto
286 4080 445 4157 profertur,
476 4086 508 4138 ut
539 4078 663 4139 duarum
691 4077 836 4137 vocalium
865 4076 942 4136 salva
971 4077 1010 4134 sit
1037 4079 1122 4136 ratio.
1167 4080 1254 4137 tertia
1277 4096 1348 4137 vero
1371 4096 1438 4156 per-

148 4199 219 4239 sona
242 4180 278 4240 de
302 4180 430 4240 secunda
453 4181 485 4240 ut
504 4186 632 4239 retracta
649 4177 749 4238 ultima
765 4178 874 4248 littera,
899 4170 961 4239 ἐάν
983 4176 1081 4257 ποιῇς
1103 4167 1163 4240 ἐάν
1185 4177 1274 4260 ποιῇ.
1308 4185 1338 4237 et
1360 4180 1437 4259 epula,

150 4291 181 4342 ut
204 4282 345 4351 diximus
369 4300 468 4342 amore
492 4281 696 4361 productionis
718 4300 736 4339 ο
763 4281 885 4360 pluralis
908 4279 1061 4340 indicativi
1075 4282 1114 4356 'in
1138 4299 1164 4340 ω
1186 4289 1314 4350 mutant,
1341 4274 1438 4358 λέγο-

148 4403 210 4463 μεν
234 4373 294 4443 ἐὰν
316 4379 476 4463 λέγωμεν,
499 4386 530 4444 in
553 4382 682 4444 secunda
704 4400 821 4462 quoque
843 4399 969 4462 persona
990 4383 1088 4461 εἰιιη
1112 4384 1304 4450 transierunt,
1328 4377 1440 4460 λέγετε

150 4479 210 4546 ἐάν
232 4481 360 4565 λέγητε,
385 4488 471 4544 tertia
496 4476 556 4545 ἐὰν
578 4480 734 4562 λέγωσιν,
756 4485 826 4563 quia
849 4502 934 4543 omne
958 4481 1081 4542 verbum
1111 4483 1188 4562 apud
1211 4484 1339 4543 Graecos
1361 4484 1439 4562 quod

111 4591 212 4647 reexit
239 4590 269 4646 in
299 4605 362 4667 μεν
389 4593 483 4646 mutat
509 4605 571 4666 μεν
598 4588 629 4646 in
658 4597 714 4645 σιν
737 4591 767 4644 et
789 4602 946 4664 personam
969 4587 1087 4644 tertiam
1119 4585 1199 4645 lacit.
1244 4583 1350 4645 borum
1373 4604 1438 4663 pas·

217 4776 233 4822 4
250 4772 385 4839 ponamus]
409 4787 595 4839 praeponamus
612 4774 636 4822 P
702 4772 884 4852 δηλελημαιιη
905 4768 1062 4849 aenipedes
1074 4768 1136 4851 w(oft
1155 4767 1312 4847 πεπλοοθω
1330 4777 1440 4849 terfante

153 4840 299 4905 Opropoeol
318 4842 492 4907 ληοπολεμος
509 4838 668 4891 caciareda)
681 4842 705 4888 P
721 4857 737 4903 η
755 4833 772 4905 ἡ
790 4833 866 4904 μάχη
884 4836 1053 4902 πεποιηοθω
1069 4856 1087 4903 η
1104 4853 1120 4888 ο
1136 4840 1260 4904 vairpan
1276 4838 1440 4903 νενιπησθω

155 4907 232 4957 lanus
276 4911 328 4957 iio
342 4926 387 4959 em.
402 4911 425 4957 P
465 4912 497 4958 10
514 4909 697 4973 adsignatan
737 4910 768 4959 13
780 4907 993 4972 capannore?
1038 4908 1068 4956 17
1081 4907 1258 4971 imperstiuum
1272 4906 1441 4972 paninum?

1169 4986 1235 5052 40*
