3346 5498
460 1596 753 1713 commatrum
774 1647 908 1713 Annis
930 1645 1108 1712 nouam

1241 1951 1372 2006 p.3ed.I.

214 2042 355 2122 Plerique
383 2045 434 2122 qui
462 2049 556 2102 artem
582 2042 718 2103 scribunt
749 2062 765 2103 a
798 2041 968 2102 delinitione
1000 2042 1093 2121 ipsius
1126 2042 1195 2100 artis
1223 2039 1363 2101 inchoant
1396 2047 1523 2108 clauae

126 2154 279 2225 quaeruut
307 2144 396 2224 ‘quid
426 2152 471 2204 est
498 2145 582 2204 arsl'
616 2151 645 2203 ct
672 2146 713 2204 ita
741 2143 898 2213 deliniunt,
935 2143 999 2203 ‘ars
1028 2151 1072 2202 est
1098 2143 1184 2202 unius
1211 2144 1353 2221 cuiusque
1380 2121 1523 2205 rei⁴⁸⁶r⁴

100 2249 280 2308 sscicntia'.
326 2248 479 2326 quaeritur
508 2247 587 2305 enirn
620 2245 798 2325 etymologia
830 2247 924 2325 ipsius
954 2246 1033 2305 artis.
1080 2243 1164 2304 multi
1196 2243 1298 2304 dicunt
1330 2252 1423 2303 artem

127 2351 241 2410 dictam
271 2367 334 2409 esse
357 2341 422 2408 c’rrd
445 2347 503 2427 τῆς
524 2341 656 2427 ἀρετῆς,
686 2347 714 2407 id
739 2357 782 2408 est
803 2366 820 2407 a
842 2349 949 2407 virtute
976 2356 1006 2406 et
1028 2347 1150 2406 scientia
1173 2346 1260 2406 unius
1282 2346 1423 2423 cuiusque

127 2452 184 2511 rei.
231 2449 280 2509 alii
309 2450 512 2510 refutaverunt
540 2451 628 2509 istam
656 2447 857 2511 definitionem
885 2457 914 2508 ct
941 2447 1079 2508 dixerunt
1100 2457 1195 2508 artem
1218 2446 1324 2508 dictam
1348 2465 1422 2515 csse,

132 2551 212 2631 quod
236 2552 308 2611 artis
329 2553 497 2632 praeceptis
520 2560 625 2611 cuncta
647 2551 814 2612 concludat.
860 2549 933 2610 nihil
956 2551 1061 2610 verius.
1107 2568 1159 2609 sex
1181 2568 1265 2632 casus¹
1287 2559 1369 2617 sunt,
1394 2556 1424 2607 ct

128 2654 230 2713 omnia
253 2654 372 2714 nomina
394 2672 449 2732 per
472 2655 543 2712 istos
566 2671 617 2713 sex
642 2670 726 2712 casus
741 2652 919 2720 decurrunt;
943 2653 1072 2731 quinque
1087 2660 1155 2711 sunt
1169 2652 1267 2721 modi,
1291 2659 1320 2711 ct
1335 2669 1423 2710 omne

92 2774 116 2811 ro
128 2754 255 2815 verbum
281 2771 337 2833 per
365 2771 415 2814 eos
443 2753 618 2815 declinatur.
665 2771 735 2831 ergo
763 2759 845 2815 artae
874 2761 903 2813 et
930 2755 1050 2814 strictae
1072 2751 1256 2813 definitiones
1279 2752 1423 2833 quaedam

199 2961 215 3008 2
242 2973 398 3008 consuamus
422 2973 495 3008 sarrs
519 2974 610 3009 nouam
639 2958 843 3021 Uniuscuiusque
871 2958 906 3006 rei
933 2957 1037 3007 scientia
1065 2959 1193 3020 quaeritur
1219 2957 1373 3023 etymologia
1398 2958 1422 3005 Α

129 3043 290 3079 corrrrrznrcrr
312 3043 384 3078 sarrs
409 3043 501 3078 nouarr
525 3029 786 3092 Uniuscuiusquerei
810 3027 915 3078 scientia
938 3028 1066 3090 quaeritur
1091 3027 1255 3093 aetimologia
1272 3027 1298 3076 B
1325 3043 1350 3076 ru
1377 3044 1422 3079 arr·

130 3114 195 3148 rrurr
212 3112 255 3147 nm
276 3113 357 3147 scm
377 3113 418 3150 mc
441 3112 519 3148 arran
539 3113 671 3148 raacrsac
693 3115 724 3147 os
747 3114 868 3149 raarrsus
887 3111 1024 3147 unicornus
1051 3112 1183 3150 onarrortrs
1210 3111 1422 3155 uniuscuiusque

125 3184 174 3219 aar
193 3183 337 3225 quasnrrcn
356 3182 544 3218 arrurrrococra
565 3169 586 3218 C
608 3182 701 3218 rucrrtr
726 3184 849 3219 nourrius
877 3181 1016 3216 exrostron
1040 3182 1189 3217 ncuocnnurr
1219 3182 1310 3218 nonarr
1339 3182 1420 3217 cnsu-

129 3253 225 3288 mrcr.
261 3232 438 3287 commentum
465 3240 527 3286 artis
554 3238 639 3287 donati
667 3239 866 3299 uniuscuiusque
890 3237 926 3286 rei
946 3237 1066 3286 scientiae
1086 3237 1214 3298 quaeritur
1240 3235 1422 3302 aethimologio

128 3309 212 3358 codex
232 3307 471 3370 Mompeesulouus
489 3307 555 3358 358:
575 3323 668 3358 racrrtr
694 3323 838 3358 rnacrarus
866 3320 970 3355 rourum
997 3321 1154 3357 cnanuarrct
1174 3307 1257 3356 codex
1276 3306 1421 3368 Morrtepee·

127 3380 233 3427 alcum
249 3379 390 3440 rescriptae
409 3378 457 3429 141
480 3392 574 3428 incrrrr
591 3393 735 3428 uriacrarus
754 3391 858 3428 rourum
879 3391 1035 3426 unnuuarrcr
1056 3392 1105 3434 ouo
1125 3379 1229 3437 (renem
1248 3391 1273 3425 m
1290 3391 1338 3432 ouo
1355 3376 1421 3425 San·

126 3447 264 3511 paltensis)
284 3463 375 3498 conari
392 3462 478 3497 aaran
498 3463 612 3497 rrrarrrce
633 3462 816 3498 consecrares
831 3462 875 3495 usr
896 3446 978 3495 codex
995 3448 1130 3495 Parisinus
1149 3439 1214 3495 7-1'91
1230 3455 1254 3495 et
1270 3445 1420 3509 Saaprrllcn·

126 3520 163 3566 sis
178 3517 241 3568 876.
261 3519 353 3567 tunimo
369 3518 427 3566 libri
444 3519 469 3565 in
482 3517 608 3568 ccdicthua
621 3518 694 3567 ABG
710 3519 816 3568 neutilati
829 3518 943 3578 supplevi
959 3531 994 3564 ex
1011 3518 1097 3567 codice
1114 3516 1255 3564 Larentiae
1271 3516 1314 3575 24,
1328 3517 1354 3563 in
1371 3532 1420 3580 quo

127 3589 218 3637 embra
234 3589 398 3650 descriptione
415 3588 475 3637 libri
492 3595 517 3636 et
539 3589 629 3637 addita
647 3588 815 3650 disputatione
832 3587 864 3636 de
877 3585 996 3650 partibus
1013 3588 1148 3644 orationis,
1169 3602 1234 3650 quoe
1251 3587 1284 3635 ab
1301 3587 1348 3635 ltoc
1365 3589 1419 3636 loco

128 3659 274 3715 elimasat,
292 3658 390 3720 scripta
408 3665 464 3706 suat
481 3657 558 3721 llaec,
578 3657 664 3707 Partes
682 3658 804 3706 orationis
820 3655 932 3705 Donatus
951 3655 1052 3718 quidem
1066 3655 1124 3704 Vlll
1142 3655 1259 3711 difiniuit,
1279 3655 1420 3705 Aristotilis

127 3727 156 3787 (l.
178 3725 330 3775 Aristoteles
354 3724 405 3789 ll),
427 3724 503 3776 Stoici
519 3727 549 3775 V.
570 3727 627 3776 ideo
647 3728 711 3776 dixit
731 3726 812 3775 ‘multi
832 3725 933 3791 plures,
954 3725 1026 3774 multi
1044 3727 1178 3790 pauciores
1195 3734 1280 3790 partes
1296 3726 1419 3774 orationis

128 3801 241 3860 putant’.
280 3808 304 3843 et
330 3795 352 3843 si
373 3798 519 3858 querimus,
543 3797 688 3846 Aristotiles
713 3798 775 3846 bene
798 3795 908 3847 dilluiuit
932 3810 1023 3845 nomen
1046 3810 1070 3845 ct
1093 3797 1208 3845 uerbum.
1245 3811 1303 3844 uam
1327 3796 1418 3859 reliqui

129 3867 158 3926 (t.
175 3864 302 3927 reliquae)
321 3865 389 3914 uelut
407 3867 561 3931 appendices
581 3866 640 3915 hinc
663 3868 789 3932 originem
808 3864 919 3918 trahunt.
958 3881 1008 3915 uon
1022 3875 1106 3931 potest
1124 3866 1192 3914 euim
1211 3874 1238 3912 ut
1257 3867 1350 3916 sciatur
1368 3882 1417 3928 res,

128 3937 176 3985 uisi
197 3949 289 3984 nomeu
308 3933 393 3983 fuerit.
430 3952 462 3985 ex
486 3937 586 3985 nomine
605 3947 687 3984 autem
706 3937 818 3985 nuscitur
837 3951 991 4001 pronomen,
1010 3936 1068 3999 qnia
1086 3936 1167 4000 ipsius
1185 3933 1269 3984 cilicio
1288 3935 1417 4001 iungitur:

128 4005 191 4054 uilril
210 4005 277 4053 enim
298 4006 410 4064 interest,
429 4007 452 4055 si
470 4006 540 4055 dicus
558 4022 605 4071 ego
626 4016 670 4054 aut
688 4006 709 4052 si
727 4007 800 4056 dicas
819 4021 868 4071 ego
887 4006 1062 4059 valentianus.
1082 4007 1113 4054 de
1132 4005 1210 4057 uerbo
1230 4006 1343 4054 nascitur
1360 4020 1418 4069 par-

127 4076 255 4139 ticipinm:
287 4074 448 4139 participium
479 4075 573 4125 dictum
603 4087 641 4125 est
666 4077 739 4137 quasi
763 4077 941 4142 particapium.
975 4075 1122 4125 aduerbium
1147 4075 1178 4123 de
1204 4075 1320 4135 nomine,
1345 4075 1419 4138 quasi

128 4145 217 4193 doctus
231 4144 316 4196 docte.
353 4146 497 4194 coniunctio
516 4161 576 4195 uero
593 4147 633 4195 uel
653 4147 807 4210 praepositio
826 4147 866 4194 uel
885 4147 1027 4195 interiectio
1047 4147 1096 4193 inm
1116 4146 1180 4193 inter
1199 4145 1337 4194 orationem
1356 4145 1418 4204 tiam

128 4214 287 4263 l'oraticuum
303 4228 347 4275 pr,
364 4214 442 4277 mun.)
458 4216 617 4281 conpositam
631 4217 732 4267 cadunt.
759 4215 816 4264 ideo
832 4231 881 4264 uon
901 4215 964 4263 nulli
979 4217 1090 4278 quinque
1108 4224 1195 4279 partes
1211 4214 1342 4274 dianium,
1359 4215 1418 4276 quia

128 4295 183 4332 suut
200 4285 268 4333 istae
285 4283 422 4348 superllue,
444 4283 517 4334 Greci
532 4287 730 4335 interiectionem
746 4300 796 4334 non
814 4285 916 4347 habeut,
929 4300 976 4335 nos
988 4285 1122 4334 articulum
1138 4298 1188 4334 non
1207 4285 1413 4334 adnumeremus.

128 4364 238 4402 ceterum
257 4353 381 4401 habemus
399 4354 445 4404 sed
462 4355 558 4404 iuncxit
572 4354 602 4418 (t.
622 4354 765 4419 iunximus)
786 4371 842 4405 cum
861 4355 1018 4420 pronomine.
1055 4355 1119 4404 inter
1137 4355 1269 4403 articulum
1288 4365 1371 4404 eutem
1392 4365 1417 4402 et

127 4438 265 4541 pronomen
284 4423 334 4472 hoc
353 4423 471 4484 interest,
492 4426 552 4487 quio
570 4426 703 4474 articulum
723 4425 754 4489 (l.
776 4425 909 4485 articulus)
927 4433 979 4485 est,
999 4439 1054 4474 cum
1073 4425 1167 4474 nomini
1186 4425 1313 4489 iungitur,
1332 4434 1359 4472 ut
1376 4421 1417 4470 lric

150 4508 235 4557 eneas,
250 4507 392 4558 pronomen
409 4503 493 4542 eutem
514 4495 554 4544 liic
572 4495 634 4545 hacc
652 4495 707 4544 hcc.
726 4494 843 4559 plerique
858 4496 900 4557 qul
916 4505 995 4545 artem
1011 4495 1123 4544 scribunt
1141 4494 1316 4544 adeliuitioue
1335 4493 1415 4557 ipsius

128 4565 185 4611 ortis
205 4563 325 4612 inchoant
346 4573 371 4611 et
390 4573 513 4626 quaeruut
532 4565 592 4627 quid
612 4574 649 4616 cst
667 4581 708 4614 ars
734 4575 759 4614 et
777 4567 813 4614 ite
831 4566 960 4616 desiniunt
978 4581 1018 4613 ars
1040 4566 1133 4614 estrei
1157 4566 1279 4627 cuiusque
1302 4561 1414 4614 seleutia.

129 4634 240 4694 queritur
257 4635 325 4682 euim
345 4632 509 4697 ethimologia
528 4636 608 4698 ipsios
623 4636 694 4686 artie.
734 4635 805 4683 multi
823 4635 911 4684 dicunt
929 4643 1009 4683 artem
1029 4651 1086 4685 esse
1104 4645 1193 4699 apotes
1212 4635 1288 4682 arites
1305 4633 1331 4680 id
1348 4641 1415 4681 esta

130 4703 227 4756 uirtute,
254 4719 313 4752 nam
329 4703 412 4752 uirtus
429 4704 520 4753 dicitur
539 4715 601 4768 aput
619 4719 709 4769 grecos
727 4706 831 4754 scicntia
850 4706 963 4753 omnium
983 4720 1065 4753 rerum
1082 4706 1146 4753 sicut
1163 4714 1224 4768 aput
1240 4703 1330 4751 latinos
1349 4701 1416 4750 dicta

129 4782 164 4819 est
182 4788 223 4822 ars
240 4773 384 4838 aposcrites
400 4774 425 4823 id
443 4783 481 4822 est
499 4790 514 4822 a
532 4776 625 4823 uirtute
644 4789 660 4822 c
674 4775 780 4823 seientia
797 4776 871 4824 unius
888 4776 1010 4837 cuiusque
1023 4775 1059 4823 rei
1111 4775 1128 4825 ti
1146 4783 1233 4838 apotes
1257 4780 1339 4821 cretes
1352 4771 1416 4821 BCa

130 4854 215 4904 apotcs
232 4844 325 4892 arietes
336 4842 361 4890 A
413 4858 427 4891 a
446 4844 537 4891 uirtute
551 4853 575 4892 et
592 4844 698 4894 scientia
716 4845 737 4894 0
753 4859 768 4893 a
786 4845 879 4896 uirtute
897 4861 912 4894 a
929 4847 1035 4894 scicntia
1056 4844 1080 4892 ,t
1098 4860 1113 4893 a
1128 4845 1220 4892 uirtute
1238 4855 1292 4892 eta
1310 4843 1415 4895 scicntia

130 4909 153 4959 B
218 4913 355 4962 lluomina
373 4929 419 4964 om.
439 4913 476 4976 A,
495 4913 556 4962 add.
576 4929 592 4962 a
