3346 5498
350 352 412 418 528
862 351 1130 432 6111611666]

863 420 875 434 k.

351 541 531 628 principem
554 538 730 603 editionem
745 535 953 603 Palaemonis
975 546 1008 601 ct
1021 536 1121 622 Aspri
1144 535 1220 602 libri
1242 537 1323 602 editi
1344 547 1424 603 sunt
1445 538 1481 602 in
1504 538 1652 603 editione

351 643 553 706 Ascensiana
567 640 703 705 Parisiis
726 640 856 704 albiti
879 650 912 703 ct
932 639 966 703 in
981 639 1196 720 Putscbiana,
1219 637 1424 704 Palaemonis
1447 639 1483 703 in
1505 640 1652 705 editione

355 743 535 808 Basileensi
557 742 699 824 a.1527‚
721 741 821 827 Aspri
844 763 902 826 per
917 740 1107 805 Caesarium
1129 741 1261 826 Lipsiae
1283 763 1312 804 a.
1331 740 1413 805 1527
1437 752 1472 806 et
1494 741 1650 826 Friburgi

355 869 385 909 a.
409 846 490 909 1533
513 852 546 909 et
567 867 587 908 a
608 842 833 909 Lindemanno
856 844 889 906 in
911 844 1015 928 primo
1038 841 1202 908 volumine
1224 843 1527 926 grammaticorum.

438 947 504 1012 Sed
532 968 597 1011 non
624 967 695 1010 essa
718 944 775 1009 hos
803 945 905 1010 libros
935 968 955 1008 a
977 944 1143 1009 veteribus
1164 945 1405 1027 grammaticis,
1427 967 1572 1031 quorum
1595 968 1648 1011 no-

352 1049 440 1114 mina
467 1070 545 1134 prae
573 1069 608 1111 se
636 1046 759 1128 ferunt,
788 1045 945 1131 scriptos,
974 1046 1059 1110 sicut
1087 1043 1165 1111 olim
1193 1045 1353 1110 creditum
1381 1055 1450 1127 est,
1479 1068 1548 1111 non
1570 1058 1648 1133 puto

352 1153 418 1215 iam
440 1150 641 1234 argumentis
665 1146 956 1212 demonstrandum
979 1170 1060 1212 esso.
1089 1170 1128 1211 ac
1150 1170 1190 1212 ne
1212 1145 1293 1212 illud
1309 1145 1444 1233 quidem
1459 1146 1527 1213 ullo
1552 1146 1647 1214 modo

353 1251 486 1340 probari
512 1260 636 1337 potest,
666 1249 753 1337 quod
781 1249 822 1313 dc
843 1248 1037 1314 Palaemone
1066 1270 1101 1312 sc
1123 1248 1335 1334 probaturam
1358 1270 1431 1313 esse
1453 1251 1649 1336 promiserat

354 1355 506 1419 Osannus
540 1349 681 1440 symbol.
713 1350 812 1416 litter.
836 1349 869 1413 11
898 1373 931 1437 p.
959 1351 1040 1432 228,
1073 1361 1229 1436 excerpta
1261 1373 1303 1414 cx
1334 1351 1486 1435 genuinis
1520 1350 1648 1417 illorum

355 1456 447 1521 libris
470 1478 490 1518 a
511 1452 749 1519 recentioribus
771 1452 991 1538 grammaticis
1014 1450 1149 1517 collecta
1164 1460 1196 1515 et
1210 1452 1312 1524 variis
1334 1452 1573 1519 mutationibus
1595 1454 1648 1518 de·

355 1568 494 1644 pravata
524 1556 658 1619 nomina
684 1564 832 1619 veterum
862 1565 1048 1635 auctorum,
1077 1576 1097 1617 a
1125 1552 1242 1638 quibus
1272 1553 1432 1638 originem
1466 1553 1647 1638 duxissent,

359 1658 510 1724 traxisse.
555 1659 653 1721 immo
677 1666 741 1720 tam
764 1656 896 1722 diversa
918 1666 994 1720 sunt
1015 1654 1124 1718 omnia
1145 1654 1188 1719 ab
1216 1655 1256 1718 iis
1279 1656 1482 1740 quaeeertis
1506 1659 1647 1723 testimo·

356 1761 419 1825 niis
443 1759 483 1824 de
504 1757 711 1823 Palaemonis
733 1770 766 1823 et
788 1757 887 1843 Aspri
910 1756 1057 1821 doctrina
1079 1757 1201 1821 tradita
1223 1766 1314 1838 sunt,
1344 1765 1380 1820 ut
1409 1781 1474 1823 non
1503 1758 1646 1825 dubitem

357 1861 434 1947 quin
457 1858 546 1924 nulla
567 1860 770 1946 antiquitatis
793 1859 859 1924 fide
880 1860 1027 1922 nitantur
1041 1860 1174 1923 nomina
1192 1858 1467 1924 nobilissimorum
1490 1883 1646 1945 gramma·

357 1964 496 2028 ticorum
517 1961 567 2025 bis
590 1961 683 2027 libris
706 1962 873 2048 inscripta.

444 2063 562 2151 Itaque
589 2074 626 2127 ut
653 2066 795 2151 primum
824 2061 864 2126 dc
892 2061 1088 2127 Palaemone
1117 2062 1239 2143 dicam,
1267 2084 1492 2150 quaecumque
1515 2064 1569 2132 vel
1597 2064 1647 2131 ad·

358 2167 478 2252 scripto
501 2166 563 2230 hoc
585 2165 715 2230 nomine
743 2187 764 2228 a
790 2165 1011 2249 grammaticis
1034 2166 1178 2229 citantur
1200 2163 1253 2229 vel
1280 2164 1498 2250 probabiliter
1520 2167 1563 2232 ad
1585 2169 1649 2233 eius

359 2267 539 2333 doctrinam
568 2278 763 2331 revocantur
791 2267 878 2351 apud
902 2267 1088 2331 Charisium
1115 2264 1308 2331 Diomedem
1335 2267 1549 2333 Consentium
1571 2270 1650 2335 Pbo-

360 2392 448 2450 cam,
472 2381 505 2434 ct
527 2369 610 2456 siqui
634 2379 804 2453 praetcrea
826 2369 938 2432 eodem
960 2378 1091 2432 auctore
1114 2368 1163 2432 usi
1187 2377 1274 2449 sunt,
1297 2388 1408 2432 corum
1432 2368 1515 2433 nihil
1538 2370 1573 2435 in
1594 2371 1649 2437 boc

359 2469 443 2535 libro
466 2469 595 2555 legitur.
639 2492 744 2555 noque
771 2492 887 2535 vereor
915 2472 1027 2556 nequis
1049 2468 1111 2533 boc
1132 2471 1180 2535 ita
1201 2469 1372 2552 abutatur,
1399 2480 1438 2535 ut
1458 2469 1519 2536 illa
1540 2494 1584 2537 ex
1604 2494 1648 2536 re·

360 2570 511 2636 centioris
539 2570 710 2637 cuiusdam
735 2569 941 2636 Palaemonis
970 2580 1055 2649 arte,
1085 2571 1125 2636 dc
1147 2593 1211 2658 qua
1237 2594 1337 2658 supra
1363 2595 1395 2658 p.
1419 2573 1485 2637 334
1508 2573 1649 2661 disputa·

359 2689 428 2739 tum
451 2683 517 2755 est,
542 2684 689 2760 recepta,
713 2673 793 2738 baec
815 2673 856 2737 de
879 2673 996 2759 quibus
1018 2696 1105 2737 nunc
1133 2675 1242 2759 agitur
1263 2675 1406 2759 genuina
1427 2674 1571 2740 Remmii
1593 2677 1650 2741 Pa·

359 2777 516 2840 lacmonis
539 2787 695 2862 excerpta
716 2798 787 2839 csse
810 2775 909 2840 dicat.
953 2796 1028 2838 nam
1051 2774 1132 2839 nihil
1154 2775 1284 2840 omnino
1306 2776 1341 2839 in
1362 2775 1424 2841 boc
1445 2775 1532 2842 libro
1556 2779 1650 2865 scrip

360 2888 429 2942 tum
456 2887 506 2941 cst
534 2876 621 2963 quod
649 2900 713 2941 non
740 2877 782 2941 ab
809 2878 850 2940 iis
877 2878 1116 2960 grammaticis,
1146 2900 1281 2963 quorum
1308 2875 1410 2942 libros
1439 2901 1529 2944 nunc
1558 2883 1650 2945 etiam

362 2979 536 3060 habemuS,
566 2980 634 3065 poti
655 2980 798 3065 potuerit
823 2978 876 3043 vel
905 2977 1015 3063 aliqua
1035 2978 1277 3065 probabilitatis
1300 2978 1408 3064 specie
1436 2982 1652 3068 antiquiorem

360 3081 518 3164 originem
541 3081 606 3145 sibi
628 3079 786 3161 vindicet,
815 3080 873 3144 scd
902 3080 1010 3144 omnia
1030 3081 1063 3142 in
1090 3081 1267 3144 notissimis
1290 3089 1323 3143 et
1344 3082 1490 3146 maxime
1511 3070 1662 3170 vulgari?

362 3183 423 3246 bus
446 3183 734 3267 grammaticorum
756 3182 939 3268 praeceptis
963 3180 1004 3245 dc
1026 3205 1084 3245 sex
1099 3183 1247 3268 partibus
1263 3183 1437 3264 orationis,
1462 3183 1653 3251 denomino

362 3285 552 3370 pronomine
586 3284 686 3349 verbo
721 3285 893 3369 participio
933 3283 1090 3348 adverbio
1118 3284 1372 3370 praepositione,
1402 3285 1654 3369 (coniunctionis

362 3387 448 3449 enim
470 3396 504 3449 et
525 3386 760 3451 interiectionis
784 3386 945 3469 expositio
968 3385 1090 3450 omissa
1111 3387 1174 3471 cst)
1197 3395 1385 3468 versantur,
1409 3409 1513 3473 esque
1536 3390 1574 3453 in
1595 3390 1656 3455 for·

362 3509 449 3551 mam
481 3486 667 3571 regularum
700 3498 732 3551 et
766 3488 993 3573 quaestionum
1027 3489 1106 3551 satis
1140 3487 1349 3573 neglegenter
1381 3487 1520 3553 redacta
1554 3513 1657 3577 neque

270 3652 273 3659 ,
363 3600 450 3654 certo
473 3589 587 3654 ordine
610 3589 781 3673 conposita
803 3598 888 3652 sunt.
931 3599 965 3652 ct
986 3587 1089 3654 multa
1110 3589 1242 3675 quidem
1264 3590 1384 3675 partim
1405 3589 1527 3655 iisdem
1548 3594 1658 3659 verbis

364 3691 501 3776 scripta,
529 3692 648 3776 partim
676 3691 808 3754 uberius
838 3701 871 3755 ct
903 3691 1087 3755 accuratius
1115 3689 1278 3777 explicata
1305 3689 1457 3774 leguntur
1478 3693 1514 3755 in
1536 3694 1659 3781 regulis

365 3792 552 3876 Augustini.
597 3791 661 3856 alia
695 3791 844 3856 similiter
871 3814 945 3855 cum
973 3793 1130 3858 institutis
1157 3792 1257 3857 Probi
1279 3792 1504 3875 consentiunt,
1529 3818 1575 3861 cx
1595 3820 1659 3884 quo

365 3916 481 3977 genere
497 3904 574 3958 sunt
588 3893 685 3974 hacc,
709 3916 740 3978 p.
760 3894 841 3957 1369
857 3894 897 3957 (16
913 3896 1144 3978 conparatione
1160 3895 1326 3958 nominum
1347 3894 1445 3960 Prob.
1462 3918 1494 3981 p.
1512 3896 1558 3963 56
1573 3922 1660 3986 sqq,

366 4018 397 4080 p.
424 3997 504 4059 1371.
527 3994 567 4058 dc
590 3995 702 4060 dativo
725 4005 758 4058 et
780 3993 924 4059 ablativo
952 3993 1070 4080 plurali
1097 4008 1230 4082 quartae
1253 3995 1480 4061 declinationis
1503 3998 1608 4066 Prob.
1630 4024 1661 4088 p.

367 4096 442 4178 1163
466 4119 498 4181 p.
523 4097 604 4160 1374
627 4096 668 4160 de
689 4096 874 4161 nominibus
904 4098 936 4159 in
964 4119 998 4159 as
1020 4099 1214 4163 exeuntibus
1237 4097 1334 4161 Prob.
1358 4119 1389 4182 p.
1414 4099 1466 4162 79.
1513 4100 1576 4167 hos
1605 4105 1663 4189 igi-

366 4207 420 4261 tur
441 4198 493 4261 vcl
516 4197 565 4261 his
588 4197 709 4261 similes
731 4196 916 4283 regularum
939 4201 1112 4283 scriptores
1141 4201 1168 4263 is
1192 4201 1248 4284 qui
1270 4200 1350 4262 haec
1372 4201 1509 4286 scripsit
1531 4204 1666 4270 videtur

365 4309 496 4381 secutus
523 4321 605 4363 csse.
650 4322 688 4363 ca
714 4323 791 4364 vero
821 4322 903 4386 quac
931 4301 1001 4387 ipse
1035 4300 1163 4366 addidit
1189 4300 1365 4366 maximam
1391 4313 1525 4387 partem
1553 4309 1667 4394 inepta

366 4413 458 4484 sunt,
482 4411 518 4466 ut
540 4424 572 4486 p.
598 4401 680 4466 1370
708 4401 748 4467 dc
778 4402 999 4467 deminutione
1027 4405 1208 4486 nominum,
1232 4427 1264 4489 p.
1290 4403 1370 4467 1378
1394 4404 1435 4468 de
1459 4410 1667 4492 pronomini·

365 4504 427 4569 bus
451 4511 485 4570 id
505 4516 538 4569 ct
559 4510 646 4581 idem,
671 4512 776 4583 quiet
799 4512 922 4584 quidam
945 4506 1029 4570 idem
1053 4505 1322 4590 significantibus
1346 4527 1409 4591 quo
1432 4520 1591 4597 tempore
1613 4536 1667 4578 au·

368 4746 399 4793 16
417 4759 489 4795 saec.
509 4745 587 4808 VIII,
607 4747 625 4795 f.
647 4747 678 4795 56
702 4747 791 4810 incipit
810 4748 873 4797 liber
890 4749 1029 4811 polemonis
1048 4748 1079 4795 de
1098 4753 1169 4795 arte:
1192 4747 1228 4795 cf.
1247 4744 1397 4796 Endlichcr
1416 4750 1507 4805 catal.
1528 4754 1592 4806 cod.
1611 4756 1671 4823 plri-

367 4826 451 4894 lolog.
470 4828 548 4886 latin,
568 4830 633 4881 bibl.
654 4830 743 4884 Palat.
763 4831 880 4883 Vindob.
898 4850 925 4897 p.
943 4835 1001 4895 220,
1022 4831 1140 4885 analect.
1159 4848 1272 4897 gramm.
1292 4829 1411 4883 Vindob.
1431 4850 1459 4900 p.
1479 4837 1545 4891 202.
