3382 5498
756 364 992 426 comnnntvtt
1463 365 1522 431 167

639 505 641 510 ,
1337 488 1359 529 p.
1372 474 1497 517 160-621.

225 551 301 614 illud
324 560 354 614 et
374 550 446 614 illud
470 552 547 632 apud
570 550 739 614 Sallustium
762 551 902 630 legimus,
931 555 1070 633 quoniam
1098 556 1198 614 neutri
1222 562 1274 616 est.
1318 556 1388 615 item
1413 574 1521 624 nomen

226 654 328 716 delicit
349 656 380 716 in
403 671 528 715 numero
550 653 670 734 plurali,
701 662 733 714 ut
754 662 801 714 tus
823 655 904 715 virus
930 674 1034 716 aurum
1058 655 1155 716 oleum
1180 656 1301 717 latrum.
1347 674 1419 735 ergo
1442 657 1522 719 vides

227 758 370 837 quoniam
399 765 467 817 sunt
493 758 613 843 pumina
642 757 758 817 numeri
786 764 899 817 tantum
927 756 1100 836 singularis,
1130 765 1163 818 ut
1191 757 1287 838 pulvis
1311 762 1445 837 sanguis,
1470 759 1521 820 ali·

227 858 349 940 quando
381 861 498 921 numeri
531 867 645 919 tantuna
678 856 815 937 pluralis,
850 868 883 919 ut
911 878 1014 921 manes
1042 860 1188 932 Quiritem
1217 860 1374 938 aliquando
1403 864 1520 923 numeri

200 969 343 1023 stantum
366 960 540 1040 singularis,
564 968 596 1022 ut
619 980 674 1040 pax
699 958 762 1029 lux;
786 962 857 1021 item
880 980 998 1042 semper
1021 963 1170 1040 singulare
1193 965 1311 1040 generis
1334 967 1445 1034 neutri,
1469 982 1521 1024 au·

226 1081 295 1126 rum
318 1061 415 1124 oleum
444 1065 573 1141 tearum,
603 1072 632 1123 et
660 1065 714 1124 ista
736 1065 887 1142 pertinent
910 1063 945 1123 ad
968 1063 1100 1141 regulam
1125 1072 1154 1124 ct
1176 1084 1263 1126 omne
1286 1065 1364 1142 quod
1388 1065 1423 1125 ad
1447 1083 1521 1145 pon-

227 1165 283 1226 dus
305 1183 509 1226 mensuramve
532 1167 662 1244 pertinet
686 1162 819 1243 [generis
845 1173 914 1225 sunt
938 1163 1061 1245 neutri}
1085 1165 1088 1245 i
1111 1168 1181 1227 item
1205 1166 1342 1228 delaciunt
1364 1166 1521 1245 aliquando

226 1270 259 1328 in
289 1285 414 1328 numero
442 1266 583 1346 singulari
612 1275 640 1327 et
668 1265 778 1327 liabent
806 1265 951 1346 pluralem
975 1286 1130 1328 numerum
1159 1270 1189 1328 ita
1217 1286 1327 1346 genere
1349 1270 1520 1340 masculino,

225 1369 353 1431 cancelli
369 1370 514 1442 Quirites:
537 1388 624 1429 nertio
648 1367 718 1429 dicit
740 1368 788 1428 laia
809 1367 972 1439 caracallus,
997 1370 1048 1430 sed
1072 1369 1102 1429 hi
1118 1370 1254 1439 cancelli;
1279 1390 1366 1432 nemo
1387 1370 1458 1433 dicit
1473 1370 1521 1432 laic

188 1490 213 1528 aa
227 1472 367 1545 Quirites,
384 1472 435 1533 sed
452 1472 482 1532 hi
498 1471 634 1543 Quirites,
653 1470 722 1532 licet
736 1469 897 1548 legerimus
912 1471 977 1531 hoc.
1004 1471 1092 1548 legite
1108 1474 1138 1531 in
1155 1472 1302 1542 Petronio,
1321 1480 1349 1533 et
1366 1474 1522 1534 invenietis

226 1574 265 1635 de
292 1577 472 1635 nominativo
501 1573 641 1653 singulari
670 1573 726 1633 laon
755 1575 881 1642 lactum,
912 1584 940 1634 et
968 1575 1008 1634 ait
1030 1575 1186 1634 Petronius
1212 1575 1260 1635 laic
1282 1575 1420 1646 Quirites.
1465 1576 1521 1637 ista

227 1677 397 1756 usurpativa
421 1686 497 1738 sunt.
530 1693 601 1753 ergo
617 1682 683 1736 sunt
702 1677 819 1736 nomina
844 1677 960 1735 numeri
982 1683 1097 1737 tantum
1120 1675 1244 1757 pluralis
1266 1679 1383 1755 generis
1406 1694 1520 1738 mascu-

210 1778 297 1867 ,ηρ-ἰ,
324 1778 458 1840 cancelli.
503 1780 533 1839 in
562 1796 672 1855 genere
702 1779 845 1838 feminino
872 1779 988 1837 nutncri
1018 1785 1130 1837 tantum
1158 1777 1293 1858 pluralis,
1324 1787 1357 1839 ut
1379 1777 1521 1840 kalendae

226 1880 377 1942 nundinae
399 1882 491 1966 leriae
506 1880 666 1959 quadrigae
682 1874 815 1959 nuptiae:
840 1881 937 1939 omnia
961 1881 1014 1939 ista
1038 1881 1154 1940 numeri
1170 1880 1237 1941 sun't
1258 1889 1371 1942 tantum
1387 1880 1519 1960 pluralis.

184 1998 209 2038 as
223 1985 295 2045 item
323 1985 441 2061 generis
463 1984 560 2044 neutri
585 1967 702 2044 numeri
724 1990 835 2043 tantam
859 1980 995 2061 pluralis,
1020 2000 1101 2042 arma
1123 1983 1240 2042 moenia
1264 1983 1389 2065 Floralia
1413 1983 1518 2044 Satur-

226 2085 319 2167 nalia:
343 2088 397 2147 ista
420 2094 488 2146 sunt
511 2087 626 2145 numeri
651 2093 764 2146 tantum
788 2083 910 2163 pluralis
931 2085 961 2143 itt
985 2101 1094 2162 genere
1117 2091 1235 2144 neutro.
1265 2085 1316 2145 sed
1338 2087 1415 2146 scire
1430 2084 1522 2146 debes

226 2174 305 2268 quod
340 2188 411 2248 haec
444 2189 509 2266 ipsa
542 2186 683 2267 defectiva
719 2195 897 2267 usurpantur
931 2184 1098 2265 aliquando.
1145 2186 1272 2247 diximus
1301 2189 1382 2248 virus
1414 2205 1521 2247 aurum
1604 2263 1611 2284 x

225 2289 324 2351 oleum
349 2299 377 2350 et
399 2308 473 2370 quae
496 2289 531 2349 ad
555 2288 670 2369 pondus
693 2288 738 2349 sel
761 2289 795 2350 ad
820 2305 989 2349 mensuram
1007 2289 1158 2366 pectinent
1174 2311 1192 2345 aa
1216 2297 1408 2368 usurpantur.
1433 2288 1520 2349 mella

225 2400 398 2472 usurpatum
428 2400 486 2461 cst,
516 2391 580 2452 olea
610 2399 782 2470 usurpatum
811 2400 855 2451 est
882 2398 912 2451 et
939 2397 1047 2450 cetera.
1093 2392 1229 2467 item-de
1260 2410 1386 2452 numero
1414 2390 1520 2471 plurali

181 2512 302 2574 eaquae
331 2502 400 2555 sunt
428 2493 584 2573 aliquando
611 2502 793 2574 usurpantur
815 2493 851 2553 ad
875 2511 1031 2553 numerum
1054 2492 1249 2571 singularem,
1280 2511 1395 2573 mappa.
1421 2490 1518 2569 litem

143 2604 146 2609 '
225 2596 294 2674 biga
318 2594 410 2657 habes
432 2604 606 2675 usurpatum
629 2596 664 2656 ad
689 2614 843 2656 numerum
868 2594 1062 2672 singularem,
1087 2603 1119 2655 ut
1141 2601 1184 2655 ast

379 2699 540 2758 rorilcra
562 2698 725 2776 gelidum
750 2706 970 2759 tenuaverat
992 2716 1074 2758 aera
1099 2697 1190 2775 biga.

225 2803 282 2861 ista
305 2820 359 2881 per
383 2803 606 2880 usurpationem
631 2800 778 2861 dicuntur.

312 2903 440 2982 Regulas
468 2901 712 2963 declinandorum
741 2904 894 2963 nominum
924 2903 1067 2962 norimus.
1114 2901 1164 2962 sed
1189 2901 1306 2979 regulas
1329 2901 1519 2962 declinando·

182 3021 296 3066 aarum
319 3005 486 3073 nominum,
511 3003 540 3063 id
564 3014 608 3064 est
630 3023 718 3083 quent
742 3003 779 3064 ad
802 3004 922 3065 modum
946 3003 1106 3064 debeamus
1128 3002 1278 3064 declinare
1300 3005 1434 3072 nomina,
1459 3022 1519 3064 non

226 3107 264 3166 de
287 3105 394 3186 plurali
418 3108 596 3167 nominativo
620 3105 753 3184 colligis,
784 3106 835 3167 sed
864 3107 900 3166 de
928 3104 1072 3182 singulari
1095 3108 1289 3174 nominativo,
1317 3113 1346 3165 et
1368 3109 1519 3180 pluralem

226 3226 381 3270 numeram
410 3207 572 3268 declinabis
600 3207 635 3267 ad
667 3208 889 3268 similitudinem
913 3209 1084 3268 nominativi
1107 3206 1275 3284 singularis.
1320 3207 1425 3284 quodsi
1448 3225 1517 3268 catt-

226 3313 312 3390 tingit
335 3319 367 3371 ut
390 3329 497 3371 nornen
521 3312 558 3370 sit
582 3319 694 3370 tantum
719 3311 835 3370 numeri
857 3308 993 3388 pluralis,
1017 3308 1159 3388 nutuquid
1182 3317 1267 3387 potes
1291 3326 1435 3385 quaerere
1458 3311 1518 3370 sin·

225 3412 373 3490 gttlarcna,
404 3415 454 3492 qui
484 3411 581 3472 mtllns
611 3420 669 3480 est,
699 3421 731 3471 ut
757 3412 806 3471 det
836 3410 889 3470 tint
919 3412 1079 3480 rationem,
1109 3428 1195 3488 quem
1220 3411 1255 3471 ad
1279 3411 1398 3471 modum
1423 3413 1519 3490 possis

186 3531 212 3571 aa
227 3513 367 3593 colligere
391 3525 419 3576 et
442 3533 530 3594 agnem
554 3514 589 3574 ad
614 3514 733 3574 modum
756 3512 902 3573 declines?
926 3511 1031 3590 collige
1047 3512 1082 3572 ad
1099 3511 1319 3573 similitudinem
1336 3515 1516 3583 nominativi,

227 3619 277 3696 qui
299 3618 497 3677 nominativus
525 3615 561 3676 dc
590 3634 714 3676 numero
743 3614 885 3693 singulari
913 3617 1042 3695 concipit
1069 3614 1197 3696 regulas.
1243 3625 1311 3694 puta
1340 3616 1413 3676 ltaec
1435 3616 1517 3677 liusa

226 3719 314 3778 liuius
329 3719 437 3778 Musae.
468 3720 492 3778 si
515 3719 604 3778 luerit
627 3725 656 3777 et
677 3716 748 3777 illud
771 3737 880 3778 aionien
904 3718 1019 3778 numeri
1041 3717 1206 3795 singularis,
1230 3719 1286 3778 iarn
1311 3720 1353 3778 sic
1376 3717 1515 3788 declinas,

227 3839 314 3900 quem
338 3820 374 3881 ad
397 3820 517 3881 modum
539 3821 635 3880 lllusa:
666 3828 736 3899 puta
759 3819 900 3887 kalenda,
926 3817 1005 3879 vitles
1028 3822 1094 3899 qnia
1120 3821 1161 3879 sic
1185 3822 1258 3889 etit,
1283 3818 1435 3881 kalendae.
1479 3823 1517 3881 si-

298 4044 310 4093 1
332 4045 451 4106 quoniam
472 4041 634 4093 nentriaco
649 4041 766 4105 qttonlam
781 4042 897 4090 attremat
911 4041 976 4090 Bac
1029 4041 1045 4091 6
1065 4050 1089 4091 et
1109 4043 1166 4106 ipsa
1178 4040 1249 4092 ABG
1301 4043 1316 4091 7
1331 4043 1456 4108 pertinent
1471 4043 1520 4094 BG

297 4115 377 4162 neutri
398 4114 484 4163 Aac
502 4114 582 4161 acutri
603 4113 698 4160 numeri
717 4111 856 4176 singularis
875 4128 904 4172 u,
923 4113 970 4162 ced
986 4119 1075 4177 postea
1088 4112 1176 4162 deletis
1195 4128 1259 4185 patae
1270 4112 1359 4217 pddita
1380 4121 1453 4163 erant
1472 4128 1517 4161 ttu-

1215 4191 1295 4218 utri-tls

226 4236 288 4283 meri
311 4233 449 4299 singularis
519 4233 663 4292 tlQoiaitcs
680 4249 725 4281 om.
745 4232 830 4283 ABG
899 4233 939 4281 lr‘tc
958 4235 1064 4296 quirites
1082 4233 1125 4282 sed
1146 4231 1180 4281 ltii
1198 4191 1346 4296 gniritesA
1419 4235 1447 4285 ll
1469 4235 1516 4283 ista

225 4305 404 4364 ona.A,add.
425 4321 441 4353 a
512 4305 544 4354 15
567 4303 705 4352 saturnalia
725 4303 807 4353 Ano
830 4305 968 4352 satttanalia
987 4303 1133 4368 compitalia
1152 4301 1184 4350 a*
1256 4303 1288 4353 18
1311 4313 1514 4369 ateurpantnr-

226 4385 309 4426 cetera
325 4378 350 4424 ia
366 4375 444 4424 titana
457 4376 543 4436 patella
562 4374 682 4435 ntnplt‘ore
699 4376 795 4436 scripta
813 4373 887 4423 dade!
899 4390 923 4425 a.
944 4377 1033 4422 lactina
1047 4389 1118 4438 priam
1134 4374 1242 4423 indicaui
1254 4377 1291 4423 sie
1302 4375 1361 4436 sere
1376 4374 1515 4437 supplenda

224 4447 333 4507 videtur,
347 4460 411 4507 qttae
430 4445 461 4493 nal
480 4444 580 4509 pondus
596 4442 633 4492 rel
650 4445 682 4492 ad
701 4459 843 4493 mensuram
860 4445 985 4508 pertiuent
1003 4445 1101 4492 tractatori
1114 4460 1170 4492 esse
1187 4451 1283 4492 tantum
1303 4445 1450 4509 singularis.
1469 4444 1514 4491 seii

226 4526 309 4564 tamen
328 4515 452 4577 quaedam
468 4531 498 4563 ex
519 4514 557 4562 lais
577 4514 610 4562 ad
629 4528 758 4563 numerum
776 4513 899 4578 pluralem
926 4521 1077 4578 usurp-natur
1165 4514 1239 4562 attalia
1263 4526 1410 4577 usurpatum
1435 4520 1473 4562 est
1491 4521 1515 4561 et

226 4585 286 4635 lacit
306 4584 353 4633 mci
376 4584 432 4634 olea
451 4594 601 4647 usurpatum
621 4594 659 4632 est
683 4592 706 4632 et
725 4582 786 4632 letatii
804 4583 887 4631 oleam
905 4592 929 4632 et
948 4593 1029 4632 cetera
1047 4582 1071 4631 B
1159 4586 1193 4634 22
1212 4582 1328 4647 rorifera]
1347 4586 1417 4634 Stat·
1438 4582 1513 4631 taen.

225 4654 301 4707 1338
371 4656 403 4704 24
422 4657 468 4704 sed
486 4650 600 4720 regulas]
617 4654 662 4702 sed
681 4654 784 4717 regulae
800 4654 852 4703 AC
920 4654 954 4703 itt
971 4653 1068 4719 colligit
1083 4650 1197 4720 (collegit
1210 4656 1230 4703 (J
1247 4653 1353 4718 collegi.
1371 4654 1405 4716 A)
1424 4654 1514 4717 siugu-

226 4724 304 4774 larem
322 4725 369 4774 aad
388 4724 420 4774 de
436 4725 561 4790 singulari
579 4724 734 4773 nominatiuo
753 4723 892 4773 declinabis
910 4723 994 4773 Aac
1063 4723 1097 4771 ‘28
1116 4732 1197 4785 protest
1217 4722 1240 4770 Α
1250 4724 1270 4771 C
1339 4723 1371 4771 ’29
1391 4724 1513 4771 rationem

226 4808 273 4847 ont.
292 4794 327 4855 A,
345 4795 407 4845 add.
428 4810 445 4843 a
514 4793 549 4845 30
567 4791 668 4861 collige]
689 4792 738 4843 itae
754 4793 811 4859 lege
831 4794 855 4843 B
873 4808 901 4841 aa
922 4795 978 4860 tege
997 4793 1063 4841 Cad
1084 4793 1140 4857 lege
1158 4792 1197 4857 (t)
1215 4807 1281 4841 eoa-r.
1300 4790 1346 4840 lanc
1367 4794 1422 4859 lege
1439 4794 1463 4842 A

225 4862 258 4915 dl
277 4864 321 4928 qui
338 4864 510 4916 nominationi
524 4864 607 4917 Atta
623 4866 683 4929 quia
698 4862 869 4914 nominatione
887 4860 921 4913 a*
990 4864 1104 4931 tegulam
1122 4862 1146 4911 Α
1193 4926 1197 4934 ’
