3346 5498
122 348 185 414 398
669 353 871 416 consuunt

148 476 169 517 p.
183 465 234 506 26-
246 464 271 504 28
286 462 309 502 Β.
1279 476 1297 506 e.
1313 466 1348 507 u.
1361 465 1397 509 15.

124 553 274 613 strenuas,
298 543 351 603 sed
374 551 489 606 strenas
512 562 577 605 esse
600 544 752 605 dicendas.
797 548 940 606 eveniunt
962 563 1032 606 sane
1055 545 1141 624 plane
1165 544 1307 626 pleraque
1332 547 1424 616 vitia,

123 667 198 729 quae
220 647 392 727 specialiter
415 647 594 709 barbarismi
618 647 755 726 partibus
777 666 836 708 non
858 667 1015 727 possumus
1037 656 1208 709 annectere.
1252 667 1324 719 nam
1347 667 1425 710 ecce

123 751 260 831 plerique
283 768 319 809 cx
342 752 491 830 imperitia
514 753 558 810 sic
580 750 757 828 loquuntur,
781 756 814 809 nt
836 750 1038 829 tyrannicidas
1061 751 1162 811 dicant
1183 769 1238 830 pro
1260 751 1422 829 tyrannis:

125 860 248 934 peccant
276 853 306 911 bi
336 870 396 912 non
424 855 454 913 in
479 852 595 930 regula,
621 848 627 932 l
652 871 710 912 non
733 855 765 912 in
788 853 968 931 prolatione,
994 854 1046 913 sed
1069 855 1100 914 in
1123 872 1222 914 sensu.
1268 855 1343 913 item
1366 851 1425 913 alii

125 956 299 1035 plerumque
323 956 527 1032 sanguintinos
542 973 597 1034 pro
612 957 788 1032 sanguineis
810 957 895 1034 quasi
917 956 954 1016 ad
968 957 1219 1035 vituperationem
1240 954 1452 1034 proteruntzs

125 1064 249 1138 peccant
271 1058 302 1117 bi
324 1076 383 1117 non
407 1060 437 1117 in
460 1058 581 1134 regula,
605 1076 662 1117 non
687 1059 717 1117 in
740 1055 921 1135 prolatione,
945 1057 1052 1118 sedin
1075 1058 1209 1117 historin.
1232 1059 1305 1117 item
1327 1055 1426 1135 pleri·

124 1179 183 1241 que
205 1166 308 1219 contra
330 1159 409 1238 quod
431 1167 522 1236 agunt
544 1160 634 1220 talem
657 1159 904 1236 significationem
927 1160 1098 1238 proterunt,
1122 1166 1154 1219 ut
1176 1176 1284 1236 augere
1308 1177 1342 1219 se
1366 1177 1425 1238 pu·

125 1269 204 1331 tent,
227 1280 295 1322 cum
309 1263 459 1322 minuant:
483 1269 515 1321 ut
530 1263 625 1341 siquis
641 1261 719 1321 dicat
735 1263 964 1322 invictissimum
980 1263 1085 1322 ducem
1108 1269 1158 1322 aut
1179 1261 1426 1323 infidelissimum

126 1368 267 1432 amicum,
292 1370 377 1442 putat
399 1382 430 1423 se
453 1363 520 1442 plns
536 1365 636 1423 dicere
652 1382 739 1442 quam
763 1365 908 1424 invictum
932 1372 981 1424 aut
1003 1364 1170 1434 infidelem,
1193 1364 1424 1425 111111111ιί1-

126 1470 219 1527 simus
241 1466 293 1525 ille
316 1467 370 1534 sit,
394 1469 526 1544 quinon
549 1472 595 1524 est
616 1467 736 1546 penitus
758 1469 868 1535 victus,
898 1474 928 1526 et
951 1466 1174 1527 infidelissimus
1196 1465 1260 1536 ille,
1283 1467 1336 1544 qui
1360 1483 1423 1526 non
1439 1485 1466 1523 10

126 1587 220 1647 usque
244 1568 279 1628 ad
303 1586 449 1627 summum
471 1568 578 1628 tidelis.
622 1568 697 1628 baec
720 1576 808 1648 atque
837 1568 1027 1630 huiusmodi
1050 1570 1106 1629 alia
1129 1570 1214 1647 siqua
1236 1574 1307 1628 sunt
1328 1568 1423 1629 torsi·

127 1679 178 1731 tan
201 1672 287 1738 vitia,
310 1671 336 1728 si
359 1670 480 1749 qrridern
502 1688 560 1729 non
584 1670 690 1730 cadent
718 1673 748 1730 in
772 1689 805 1730 ca
828 1671 864 1729 do
887 1671 997 1750 quibus
1019 1678 1086 1751 post
1109 1672 1360 1738 111111111111111,
1386 1668 1423 1728 ad

128 1771 307 1832 barbarismi
330 1772 468 1848 generale
491 1791 599 1832 nomen
622 1780 703 1833 recta
727 1775 842 1832 ratione
866 1774 1044 1833 reserentur.
1076 1772 1221 1853 quidquid
1244 1774 1323 1832 enim
1339 1772 1422 1832 salva

128 1874 174 1934 vel
198 1874 317 1951 regulae
346 1875 392 1934 vel
420 1875 595 1954 prolationis
623 1877 737 1934 ratione
761 1877 829 1950 quis
850 1882 968 1953 peceat,
998 1876 1045 1944 id,
1071 1878 1095 1935 si
1119 1875 1255 1955 specialis
1278 1874 1344 1933 vitii
1369 1892 1423 1933 no·

130 1995 196 2037 men
220 1976 405 2046 nonhabet,
430 1977 633 2037 barbarismus
657 1979 721 2038 inre
745 1977 871 2036 dicetur.
1420 1994 1466 2035 11

535 2161 582 2206 DE
605 2159 822 2207 SCANDENDIS
846 2160 1013 2208 vultslssvs

215 2266 299 2327 Nunc
327 2269 466 2346 qrroniam
495 2267 565 2345 qnid
594 2273 696 2326 essent
718 2267 900 2344 metaplasmi
925 2274 955 2326 et
977 2266 1202 2326 definitionibus
1225 2274 1255 2325 et
1277 2262 1427 2346 exemplis

130 2369 217 2448 plene
241 2370 464 2435 insinuavimus,
489 2372 640 2446 pertinere
664 2369 699 2427 ad
723 2369 931 2449 compendium
954 2377 983 2428 et
1007 2369 1041 2427 ad
1066 2368 1202 2428 ordinem
1225 2367 1353 2429 docendi
1376 2388 1426 2428 ar·

130 2471 226 2530 bitror
259 2476 292 2528 nt
324 2470 360 2528 de
391 2471 567 2530 scandendis
591 2465 597 2552 1
622 2469 759 2530 versibus
790 2489 884 2549 pauca
917 2471 1060 2531 dicamus.
1105 2471 1210 2547 rnagbe
1243 2473 1323 2530 enim
1352 2490 1427 2550 pars

130 2573 289 2641 scientiae,
319 2591 376 2651 qna
405 2572 586 2640 indicemus
615 2579 730 2632 constet
758 2590 875 2641 versus,
904 2591 940 2631 an
970 2592 1028 2632 non
1057 2579 1186 2640 constet,
1210 2591 1245 2632 ex
1267 2573 1468 2634 intellectum

134 2675 394 2753 metaplasmorum
423 2674 571 2753 pendetne
600 2693 635 2733 an
665 2693 723 2734 non
746 2674 874 2752 pendet?
902 2677 979 2733 scire
1003 2677 1096 2752 igitur
1120 2682 1186 2734 ante
1210 2677 1309 2734 omnia
1332 2675 1427 2736 debe·

130 2796 195 2836 mus
228 2795 344 2835 versnm
374 2795 504 2844 onmem,
534 2777 585 2853 qni
613 2776 733 2854 quidem
762 2796 777 2835 a
813 2775 891 2834 bono
927 2784 1047 2835 auctore
1076 2779 1262 2855 conscriptus
1290 2778 1349 2846 sit,
1380 2777 1428 2838 vel

131 2884 234 2957 suapte
252 2884 367 2938 natura
396 2880 459 2937 sine
489 2880 678 2937 exornatione
707 2879 886 2946 consistere,
916 2878 960 2938 vel
989 2898 1004 2938 a
1028 2877 1205 2955 quibusdam
1229 2878 1429 2939 artificalibns

133 2979 300 3040 rationibus
331 2980 465 3048 delendi,
500 2986 532 3038 ut
565 2981 729 3039 consistere
763 2978 922 3039 indicetur.
967 2982 1032 3040 sine
1065 2983 1255 3040 encrrsationc
1289 2983 1430 3042 consistit

134 3100 236 3142 versus
258 3082 346 3142 buius
368 3082 463 3150 modi,
1442 3104 1469 3144 rs

284 3184 459 3243 conditus
483 3186 519 3243 in
542 3182 673 3244 nubem
695 3185 891 3263 medioque
914 3185 1117 3245 refulserit
1139 3184 1228 3243 orbe

131 3278 162 3330 el

284 3362 321 3415 11
344 3373 491 3434 quoqne
513 3355 698 3415 litoribus
721 3358 865 3415 nostris
888 3356 1024 3415 deneia
1049 3359 1190 3415 nutrix.

132 3458 163 3518 bi
187 3466 216 3516 et
239 3457 288 3517 alii
312 3457 385 3517 tales
408 3476 466 3516 non
490 3460 666 3517 auctoritate
683 3458 781 3535 aliqua
804 3461 1010 3538 praerogativa
1032 3460 1105 3518 artis
1128 3464 1178 3517 ant
1200 3460 1430 3520 consuetudinis

133 3558 348 3628 delendnntnr;
379 3559 453 3619 nibil
478 3558 625 3628 additum,
654 3560 729 3620 nibil
752 3560 932 3629 detractum,
956 3560 1032 3620 nibil
1055 3566 1199 3619 mutatum
1221 3558 1349 3630 babent,
1374 3562 1428 3620 sed
1443 3585 1469 3622 so

132 3663 213 3720 iuxta
241 3664 404 3721 communis
433 3660 550 3738 linguae
579 3663 813 3722 enuntiationem
843 3664 951 3739 integri
980 3664 1043 3722 nati
1071 3668 1155 3729 sunt,
1185 3679 1281 3738 neque
1305 3661 1366 3723 ulla
1390 3680 1430 3722 ex

135 3769 217 3839 parte
241 3762 352 3841 aliquid
371 3762 564 3823 dubitationis
581 3765 758 3822 ammittunt.
790 3782 856 3823 cnm
880 3766 1069 3825 excusatione
1092 3782 1182 3842 porro
1205 3763 1316 3842 duplici
1339 3765 1430 3825 nrodo

134 3871 213 3922 stare
242 3863 391 3923 dicuntur.
435 3863 541 3923 borum
569 3883 646 3923 unns
674 3865 778 3924 modus
807 3873 853 3925 est
880 3869 930 3945 qui
960 3865 1430 3945 11111111111111111111111111

135 3967 276 4024 varietate
305 3971 335 4023 et
362 3965 532 4026 multimoda
561 3965 781 4036 observatione,
811 3968 886 4029 alius
912 3970 963 4048 qui
986 3967 1245 4046 metaplasmorum
1269 3969 1297 4026 vi
1320 3976 1351 4028 et
1373 3988 1428 4047 po-

134 4071 241 4125 testate
269 4069 424 4143 contingit.
470 4068 605 4128 artificali
634 4070 749 4127 rationo
783 4077 855 4148 quot
882 4071 977 4130 modis
1006 4072 1158 4129 excusatio
1181 4071 1294 4137 evenit,
1326 4070 1470 4148 plenem

136 4187 203 4228 cum
226 4167 262 4226 de
285 4166 408 4245 syllabis
438 4176 610 4238 tractarem,
639 4168 899 4248 comprehendisse
927 4192 973 4232 me
1002 4175 1073 4231 scio.
1120 4173 1219 4249 itaque
1246 4173 1317 4250 poni
1346 4191 1429 4233 nunc

135 4306 271 4316 -....-——

218 4357 233 4404 Ξ)
257 4356 435 4419 sanguintinns
459 4372 505 4421 pro
529 4359 679 4423 sanguineis
699 4359 772 4421 quasi
792 4359 901 4409 Clemens
922 4360 1101 4425 sanguintinos
1122 4359 1192 4418 <irrasi
1211 4359 1258 4409 M:
1287 4359 1348 4406 ‘doc
1367 4362 1432 4424 quid

135 4425 204 4476 uerbi
218 4427 251 4475 rit
268 4427 336 4475 nulla
350 4429 449 4477 ratione
463 4430 580 4490 intelligo.
602 4445 634 4476 arr
653 4427 807 4491 Saguntinos
824 4432 950 4480 intellexit
965 4432 990 4478 in
1009 4431 1194 4493 eoeprrgnalione
1213 4428 1281 4477 urbis
1298 4444 1361 4477 suae
1376 4446 1429 4482 me-

136 4500 208 4547 ritum
221 4498 317 4547 laudem
330 4498 468 4559 adeptosl’
488 4499 621 4547 Crumerus
673 4500 689 4548 6
708 4508 813 4563 peccant
828 4500 853 4548 lii
872 4500 982 4548 Clemens
1000 4507 1201 4564 percontantem
1221 4497 1252 4546 M
1305 4499 1430 4562 rpeiam

137 4565 169 4614 M
237 4567 360 4632 llputmrt
378 4568 411 4616 M
492 4567 524 4617 13
543 4569 683 4618 1111111111
702 4570 812 4620 Clemens
830 4568 974 4619 releruntnr
993 4569 1022 4617 M
1109 4568 1139 4617 11
1160 4569 1253 4617 ratione
1272 4580 1360 4630 peccat
1380 4570 1428 4619 M:

138 4640 233 4685 ratione
250 4647 335 4701 peccat
354 4646 378 4686 11
395 4637 421 4685 id
435 4638 552 4701 specialis
566 4640 675 4688 Clemens
747 4640 775 4687 17
792 4649 815 4689 et
827 4640 859 4687 de
874 4639 1057 4687 difinitionibus
1072 4638 1105 4686 M
1173 4639 1207 4686 20
1221 4645 1318 4685 constet
1332 4653 1430 4689 uorsus

137 4721 169 4753 nn
189 4720 237 4753 non
260 4716 356 4756 constat
376 4706 406 4754 M
476 4708 628 4757 2211111111
651 4708 682 4756 M
750 4710 781 4756 ab
800 4723 849 4757 uno
871 4708 902 4755 M
970 4710 1003 4758 25
1023 4724 1113 4757 uorsus
1133 4709 1166 4756 M
1233 4708 1265 4755 26
1292 4708 1425 4777 conditus]

142 4775 221 4838 Verg.
241 4778 425 4840 perrptttt
506 4774 877 4842 eetirt'Verp.Aen.vt11
965 4794 1058 4828 aeneeu
1076 4778 1107 4825 M
1193 4776 1227 4828 30
1246 4776 1428 4830 balreatcorr.

137 4843 247 4893 babeant
266 4845 299 4895 M
363 4845 397 4896 35
416 4846 558 4911 continguit
577 4847 608 4894 M
