3346 5498
752 390 823 451 ARS
1371 387 1434 452 535

1236 509 1257 550 p.
1271 497 1370 538 lant-ca
1384 495 1407 537 P.

144 581 215 640 lacit
248 579 356 640 facilia.
402 581 444 639 sic
479 592 550 656 ergo
583 596 637 656 per
671 580 769 638 omnia
803 577 977 637 observabis
1006 579 1036 637 in
1066 576 1175 638 talibus
1203 576 1355 638 dumtaxat
1382 595 1433 638 no·

145 664 283 725 minibus.

228 749 290 810 lira
314 749 431 827 regula:
454 767 548 827 genus
571 755 708 808 neutrum
732 767 892 827 numquam
916 751 945 808 in
971 750 1151 809 nominativo
1174 748 1263 808 babet
1286 766 1301 807 a
1324 747 1381 806 nisi
1404 749 1434 807 in

143 838 273 913 graecis,
298 842 421 913 utputa
447 834 565 894 schema
590 834 702 903 thema,
726 834 815 894 buius
837 821 997 895 sch'ematis
1020 834 1170 898 thematis,
1193 852 1252 913 quo
1274 833 1361 893 mono
1383 849 1433 910 ge·

117 938 199 981 anus
222 922 399 980 leminimun
421 922 452 979 in
476 921 656 979 nominativo
679 937 839 998 numquam
863 922 924 979 exit
946 922 977 979 in
1000 938 1016 977 e
1039 920 1095 978 nisi
1120 921 1151 978 in
1173 920 1304 996 graecis,
1329 924 1361 978 ut
1376 919 1434 978 An·

143 1006 311 1067 vlromacbe.

227 1091 328 1151 Genus
351 1097 488 1150 neutrum
512 1108 579 1151 cum
602 1091 632 1148 in
657 1108 691 1149 us
713 1092 821 1150 exierit
843 1090 1037 1157 nominativo,
1055 1107 1177 1149 necessa
1200 1097 1245 1149 est
1268 1096 1300 1148 ut
1321 1096 1436 1148 crescat

143 1196 200 1236 una
223 1175 333 1256 syllaba
356 1179 387 1235 in
410 1177 548 1252 genetivo
571 1181 601 1233 et
623 1173 784 1234 ablativum
806 1177 836 1234 in
860 1194 875 1233 e
899 1176 1011 1243 mittat,
1036 1182 1153 1253 utputa
1170 1174 1436 1252 bocpecusbuius

143 1264 261 1341 pecoris
284 1260 321 1322 ab
343 1260 399 1320 boc
422 1279 545 1339 pecore,
569 1260 625 1319 boc
640 1260 755 1318 lacinus
772 1260 860 1320 buius
875 1260 1018 1318 facinoris
1040 1259 1076 1320 ab
1099 1259 1155 1319 boc
1177 1261 1325 1319 facinore:
1349 1278 1434 1338 prae·

106 1363 130 1402 ro
145 1356 189 1407 ter
211 1346 316 1425 vulgus
345 1353 375 1405 ot
402 1346 539 1424 pelagus,
569 1347 638 1424 quia
666 1345 770 1422 vulgus
798 1345 874 1424 apml
898 1347 1036 1424 antiquos
1058 1352 1116 1405 tam
1141 1345 1302 1404 masculino
1325 1362 1434 1422 genere

142 1433 254 1492 dietum
277 1439 322 1491 est
344 1449 432 1510 quam
456 1438 571 1490 neutro.
617 1430 740 1508 pelagus
763 1449 833 1489 vero
856 1429 923 1489 ivleo
946 1430 980 1489 ad
1004 1430 1080 1490 banc
1103 1430 1236 1507 regulam
1258 1448 1317 1489 non
1341 1433 1434 1507 perti·

143 1525 208 1586 net,
232 1519 300 1596 quia
324 1534 464 1594 graecum
486 1522 540 1575 est.

227 1602 326 1662 Genus
355 1608 492 1662 neutrum
521 1601 639 1680 quamlo
666 1603 697 1660 in
726 1602 907 1661 nominativo
934 1599 1025 1660 babet
1053 1619 1117 1669 urn,
1148 1599 1152 1677 l
1183 1601 1320 1677 genetivo
1348 1618 1436 1679 pares

143 1686 268 1766 syllabas
292 1687 356 1754 dat,
380 1693 506 1766 utputa
536 1686 591 1745 boc
621 1686 762 1764 templum
791 1687 881 1746 buius
908 1686 1023 1765 templi,
1052 1685 1108 1744 boc
1138 1684 1227 1745 telum
1256 1685 1345 1746 buius
1372 1684 1434 1746 teli.

106 1787 238 1848 ingenus
260 1780 399 1832 neutrum
429 1771 546 1850 qnando
574 1773 603 1831 in
632 1773 814 1831 nominativo
843 1770 934 1830 babet
957 1773 1033 1840 ium,
1058 1772 1089 1830 in
1111 1772 1249 1847 genetivo
1271 1772 1435 1847 geminati

143 1857 282 1926 litteram,
308 1864 429 1935 utputa
452 1856 507 1916 boc
530 1857 669 1932 gaudium
692 1856 780 1916 buius
802 1856 912 1933 gaudii,
935 1855 991 1916 boe
1014 1858 1173 1934 imperium
1196 1855 1284 1916 buius
1305 1856 1434 1933 imperii,

143 1942 197 2001 boc
227 1944 379 2019 ingenium
410 1942 499 2000 buius
527 1943 650 2018 ingenii.
696 1942 738 2000 sic
766 1940 939 2001 observabis
966 1942 997 2001 in
1024 1943 1148 2010 ceteris,
1183 1942 1251 2019 quia
1280 1942 1436 2018 genetivus
1471 2002 1477 2018 Ι,

143 2028 240 2086 minor
263 2045 328 2086 esse
352 2044 411 2085 non
434 2025 523 2085 dehet
546 2026 735 2085 nominativo.
781 2044 847 2085 nam
871 2027 953 2085 etin
975 2043 1085 2102 genero
1109 2025 1271 2085 masculino
1294 2027 1318 2085 si
1341 2028 1434 2085 nomi·

143 2115 260 2172 nativus
282 2112 329 2171 ius
351 2109 506 2179 babuerit,
531 2129 651 2171 necesso
676 2120 720 2171 est
742 2113 770 2170 in
794 2113 931 2188 genetivo
946 2113 1077 2188 geminet
1099 2112 1122 2180 i,
1147 2117 1264 2190 utputa
1286 2110 1335 2170 hic
1358 2110 1436 2171 filins

104 2195 230 2255 ‘20lmius
258 2197 327 2264 lilii,
358 2196 406 2254 bic
435 2196 600 2255 Mercurius
628 2195 717 2255 buius
744 2195 901 2265 Mercurii,
937 2195 986 2255 bic
1014 2197 1119 2274 genius
1147 2195 1234 2255 bvrins
1260 2197 1356 2272 genii,
1385 2195 1434 2255 hic

144 2282 235 2341 lulius
259 2281 345 2340 buius
367 2281 444 2341 lulii.
489 2282 514 2339 si
537 2299 608 2339 vero
631 2283 829 2341 nominativus
851 2300 887 2342 us
909 2288 1022 2341 tantum
1045 2280 1200 2351 babuerit,
1224 2299 1283 2340 non
1306 2282 1435 2358 geminat

143 2369 151 2425 i
177 2369 207 2425 in
230 2368 380 2442 genetivo,
411 2373 536 2444 utputa
563 2366 612 2425 bic
642 2365 805 2426 Coronatus
827 2365 915 2427 buius
938 2366 1090 2434 Coronati,
1116 2385 1174 2426 non
1196 2366 1361 2434 Coronatii,
1386 2365 1435 2425 bie

143 2451 312 2511 Honoratus
334 2451 423 2510 buius
446 2450 606 2519 Honorati,
630 2469 689 2510 non
712 2450 877 2511 Honoratii.

227 2537 327 2597 Genus
355 2543 493 2595 nentrum
521 2537 546 2595 si
574 2535 714 2596 babuerit
742 2539 954 2598 nominativum
983 2538 1013 2597 in
1037 2556 1071 2605 e,
1102 2545 1225 2615 utputa
1248 2536 1303 2596 boc
1325 2537 1434 2597 monile

104 2622 197 2681 2⁵boc
226 2621 333 2690 sedile,
365 2639 485 2681 neccsse
515 2628 560 2680 est
589 2629 621 2681 ut
649 2624 805 2699 genetivus
832 2623 856 2683 is
883 2621 1004 2692 babeat,
1035 2629 1068 2682 ut
1096 2621 1185 2681 buius
1208 2622 1325 2681 monilis
1348 2622 1435 2681 buius

143 2707 260 2774 sedilis,
286 2706 429 2766 ablativus
452 2707 478 2773 i,
503 2713 536 2766 nt
559 2705 595 2766 ab
617 2706 673 2766 boc
696 2708 797 2768 monili
820 2707 857 2766 ab
881 2708 936 2767 boe
959 2707 1054 2768 sedili.

227 2791 438 2871 Quodcumque
469 2811 575 2851 nomen
604 2794 634 2851 in
664 2793 843 2853 nominativo
871 2811 905 2852 er
928 2791 1069 2871 syllabam
1092 2789 1195 2859 babet,
1227 2799 1296 2851 tunc
1320 2793 1380 2851 erit
1404 2793 1433 2851 in

143 2897 159 2934 o
182 2875 326 2937 ablativus
356 2879 464 2956 ipsius,
488 2876 606 2956 qivanclo
634 2878 780 2937 secundae
804 2885 849 2937 est
872 2877 1077 2952 declinationis
1105 2883 1135 2936 et
1162 2894 1221 2935 non
1244 2879 1355 2936 erescit
1378 2895 1434 2936 una

146 2960 255 3040 syllaba
279 2964 309 3022 in
332 2964 469 3038 genetivo
492 2962 649 3039 singulari,
666 2961 783 3040 qnando
799 2963 953 3039 genetivus
975 2964 984 3022 i
1008 2960 1161 3031 babuerit,
1179 2980 1237 3020 non
1253 2964 1293 3030 is,
1317 2968 1434 3041 utputa

104 3062 129 3099 so
143 3046 189 3106 bic
212 3065 283 3125 aper
306 3049 377 3107 lacit
399 3045 526 3106 ablativo
549 3045 586 3105 ab
614 3046 669 3104 boc
692 3065 778 3124 apro,
807 3049 877 3125 qnia
899 3048 1071 3124 genetivum
1093 3046 1181 3106 buius
1204 3049 1268 3124 apri
1291 3047 1372 3106 lacit.
1410 3047 1434 3105 si

143 3150 212 3191 voro
235 3134 432 3191 nominativus
456 3150 490 3190 er
512 3130 651 3189 babuerit
674 3139 702 3190 et
725 3133 880 3207 genetivus
903 3133 943 3200 is,
972 3131 1131 3190 ablativum
1161 3149 1219 3190 non
1242 3132 1331 3191 mittit
1353 3133 1384 3191 in
1407 3149 1433 3199 o,

143 3217 193 3276 seri
217 3219 247 3276 in
271 3237 303 3285 e,
328 3224 359 3275 ut
381 3224 450 3294 puta
474 3215 521 3274 iric
545 3223 642 3294 pater,
667 3214 811 3275 ablativus
832 3218 863 3275 in
887 3234 919 3286 e,
943 3215 980 3275 ab
996 3215 1052 3275 boc
1068 3224 1167 3294 patre,
1191 3218 1258 3295 qnia
1281 3217 1436 3294 genetivus

143 3302 302 3379 singularis
325 3303 351 3359 is
372 3299 476 3367 babet,
502 3307 533 3359 nt
555 3300 643 3359 buius
665 3302 769 3378 patris.

227 3386 333 3446 Omnia
356 3384 555 3462 monosyllaba
578 3386 697 3461 generis
719 3384 873 3446 masculini
902 3393 933 3445 et
954 3387 1090 3445 leminini
1113 3387 1311 3447 accusativum
1334 3388 1364 3447 in
1387 3405 1433 3446 enr

103 3473 264 3529 aamittnnt
291 3477 414 3547 excepto
446 3488 505 3527 urio
533 3471 667 3537 nomine,
692 3469 721 3528 iel
745 3477 790 3529 est
812 3472 857 3529 vir
880 3470 984 3530 virum.
1030 3489 1097 3530 nam
1121 3480 1220 3531 cetera
1243 3474 1274 3531 in
1297 3490 1344 3532 em
1368 3473 1433 3531 mit-

145 3561 224 3623 tunt,
249 3555 446 3622 allisimus,
475 3562 508 3613 ut
530 3561 600 3633 puta
624 3555 666 3613 sol
688 3554 767 3614 bunc
790 3555 895 3626 solem,
925 3554 1003 3615 llars
1024 3555 1103 3616 bunc
1126 3556 1262 3626 Martem,
1288 3576 1336 3616 ars
1358 3557 1433 3616 banc

142 3646 252 3706 artem,
283 3657 347 3697 sors
375 3639 450 3697 banc
478 3647 605 3708 sortem,
634 3658 715 3699 mors
747 3639 822 3700 hane
851 3648 991 3711 mortem,
1026 3641 1092 3701 lons
1120 3640 1199 3701 bunc
1227 3642 1355 3712 iontem,
1385 3661 1434 3702 ros

142 3723 220 3783 bunc
243 3741 357 3792 rorem,
385 3723 432 3784 lex
461 3722 537 3784 banc
565 3724 676 3802 legem,
707 3744 769 3785 mos
791 3725 869 3787 bunc
893 3744 1019 3795 morem,
1048 3725 1106 3786 Lar
1128 3726 1207 3786 bunc
1229 3726 1350 3796 barem,
1379 3746 1433 3807 par

144 3809 220 3867 bunc
244 3816 273 3867 ot
296 3809 371 3868 banc
395 3826 511 3886 parem,
534 3810 584 3869 lur
606 3809 684 3869 bunc
707 3811 815 3871 iurem.
846 3812 927 3872 vides
950 3812 1048 3871 omnia
1072 3811 1285 3891 monosyllaba,
1309 3820 1342 3872 ut
1356 3813 1433 3873 dixi-

104 3913 129 3950 ιο
144 3912 223 3962 mus,
247 3894 277 3953 in
300 3913 346 3953 em
370 3896 452 3953 exiro
476 3897 641 3955 accersativo
664 3914 743 3956 casu.

227 3978 326 4039 Genus
353 3987 491 4039 neutrum
522 3987 583 4040 tres
612 3999 699 4041 casus
725 3980 816 4041 habet
843 3982 969 4051 similes,
998 3982 1210 4042 nominativum
1233 3985 1431 4044 accusativum

143 4073 172 4124 ot
196 4065 368 4124 vocativum.
399 4064 467 4124 ideo
490 4065 545 4125 boe
568 4084 737 4136 munemne,
763 4073 809 4136 nt,
833 4069 858 4126 si
882 4066 918 4127 de
941 4068 1045 4146 pelago
1067 4066 1122 4127 tibi
1145 4070 1257 4128 mentio
1273 4070 1326 4138 sit,
1351 4069 1432 4128 ‹licas

143 4152 209 4229 ‘por
232 4149 362 4209 inedium
385 4149 507 4228 pelagus
529 4153 690 4228 navigavi',
715 4152 782 4211 iileo
804 4155 872 4231 quia
896 4155 1080 4213 aecusativus
1102 4153 1209 4214 similis
1231 4161 1276 4214 est
1298 4156 1430 4214 nomina·

144 4239 217 4304 tivo,
241 4235 354 4294 seilicet
378 4238 408 4294 in
430 4253 540 4313 genere
563 4243 679 4296 neutro.

104 4340 129 4377 aa
228 4320 311 4380 b'nnc
334 4320 466 4398 regulam
490 4323 720 4401 comparationis
742 4325 853 4401 accipe.
879 4318 884 4404 Ι
908 4322 1103 4383 masculinnm
1125 4341 1221 4401 genus
1243 4330 1431 4403 comparatur

143 4426 196 4485 per
225 4407 277 4466 bas
305 4406 445 4485 syllabas,
480 4425 534 4484 per
563 4426 611 4477 us,
641 4425 696 4485 per
726 4425 774 4476 er,
804 4427 858 4486 per
887 4425 939 4468 ex:
970 4426 1024 4487 per
1051 4427 1101 4479 us,
1130 4416 1163 4468 nt
1191 4409 1294 4469 doctus
1317 4409 1431 4469 doctior

143 4493 347 4560 doctissimum
370 4510 424 4570 per
447 4510 493 4559 er,
518 4500 551 4551 ut
573 4511 660 4571 asper
682 4494 816 4570 asperior
838 4495 1036 4571 asperrimus,
1060 4495 1144 4572 niger
1168 4496 1281 4571 nigrior
1303 4495 1431 4571 nigerri·
1505 4512 1510 4516 ·

214 4679 270 4728 lin
291 4677 383 4728 talibus
401 4695 446 4729 οιιι.
472 4678 498 4726 V
564 4678 674 4729 8mittit
696 4680 722 4730 V
786 4678 1000 4732 lucumonis
1050 4678 1152 4746 liciat]
1175 4680 1285 4734 lrabets‘
1338 4679 1432 4730 talne

144 4746 283 4796 Honoratus
302 4747 480 4797 —Honoratii
499 4759 583 4802 om.3
652 4751 686 4800 24
705 4750 1032 4806 nominatiuuminom.c‚¹
1103 4750 1136 4800 aa
1155 4750 1265 4800 ablativio
1285 4751 1292 4799 i
1312 4759 1338 4798 ut
1357 4751 1387 4800 ab
1407 4753 1432 4801 V

144 4817 251 4867 olalalino
271 4817 337 4872 aba
407 4820 440 4868 27
460 4818 484 4867 in
506 4817 549 4868 ιῑῑο
570 4834 602 4870 .v.
621 4819 711 4886 syllam
736 4821 764 4868 V
830 4819 931 4869 28una
952 4832 1034 4874 οηι.ς
1104 4819 1138 4871 33
1157 4817 1247 4886 patris]
1275 4821 1432 4886 pauperis&

212 4885 244 4938 37
263 4904 319 4938 sors
335 4917 365 4925 —
385 4897 489 4940 mortem
510 4905 554 4938 ona.
573 4901 590 4945 ς
660 4893 694 4942 44
711 4887 817 4956 scilicet]
840 4890 886 4941 sed
908 4892 933 4940 V
940 4908 950 4945 .·
968 4892 1064 4942 scilieet
1083 4917 1116 4928 -
1135 4898 1222 4940 neutro
1237 4905 1283 4944 om,
1299 4903 1316 4946 ς
