<?xml version="1.0" encoding="UTF-8"?>
<!DOCTYPE html PUBLIC "-//W3C//DTD XHTML 1.0 Transitional//EN"
    "http://www.w3.org/TR/xhtml1/DTD/xhtml1-transitional.dtd">
<html xmlns="http://www.w3.org/1999/xhtml" xml:lang="en" lang="en">
 <head>
  <title>
</title>
<meta http-equiv="Content-Type" content="text/html;charset=utf-8" />
  <meta name='ocr-system' content='tesseract 3.04.00' />
  <meta name='ocr-capabilities' content='ocr_page ocr_carea ocr_par ocr_line ocrx_word'/>
</head>
<body>
  <div class='ocr_page' id='page_1' title='image "./grammaticilatin03keilgoog_0377.png"; bbox 0 0 3346 5498; ppageno 0'>
   <div class='ocr_carea' id='block_1_1' title="bbox 249 341 1088 433">
    <p class='ocr_par' dir='ltr' id='par_1_1' title="bbox 249 341 1088 433">
     <span class='ocr_line' id='line_1_1' title="bbox 249 341 1088 433; baseline -0.006 0"><span class='ocrx_word' id='word_1_1' title='bbox 249 366 312 433; x_wconf 81' lang='lat'>354</span> <span class='ocrx_word' id='word_1_2' title='bbox 792 367 994 430; x_wconf 89' lang='lat' dir='ltr'>consauvu</span> <span class='ocrx_word' id='word_1_3' title='bbox 1086 341 1088 347; x_wconf 72' lang='lat'><em>&#39;</em></span> 
     </span>
    </p>
   </div>
   <div class='ocr_carea' id='block_1_2' title="bbox 251 476 1575 636">
    <p class='ocr_par' dir='ltr' id='par_1_2' title="bbox 251 476 1575 636">
     <span class='ocr_line' id='line_1_2' title="bbox 277 476 1575 539; baseline -0.002 -21"><span class='ocrx_word' id='word_1_4' title='bbox 277 493 296 532; x_wconf 76' lang='lat' dir='ltr'>p.</span> <span class='ocrx_word' id='word_1_5' title='bbox 312 476 445 520; x_wconf 74' lang='lat' dir='ltr'>somaro.</span> <span class='ocrx_word' id='word_1_6' title='bbox 1569 524 1575 539; x_wconf 64' lang='lat'>,</span> 
     </span>
     <span class='ocr_line' id='line_1_3' title="bbox 251 555 1537 636; baseline -0.002 -16"><span class='ocrx_word' id='word_1_7' title='bbox 251 567 317 622; x_wconf 90' lang='lat' dir='ltr'>nata</span> <span class='ocrx_word' id='word_1_8' title='bbox 353 559 583 636; x_wconf 46' lang='lat' dir='ltr'>respoudeantf</span> <span class='ocrx_word' id='word_1_9' title='bbox 600 577 688 636; x_wconf 72' lang='lat' dir='ltr'>(piram</span> <span class='ocrx_word' id='word_1_10' title='bbox 719 557 896 618; x_wconf 88' lang='lat' dir='ltr'>brevissime</span> <span class='ocrx_word' id='word_1_11' title='bbox 935 555 1125 616; x_wconf 89' lang='lat' dir='ltr'>disseremus.</span> <span class='ocrx_word' id='word_1_12' title='bbox 1175 575 1377 635; x_wconf 90' lang='lat' dir='ltr'>quaecumque</span> <span class='ocrx_word' id='word_1_13' title='bbox 1418 558 1537 618; x_wconf 91' lang='lat' dir='ltr'>uomina</span> 
     </span>
    </p>
   </div>
   <div class='ocr_carea' id='block_1_3' title="bbox 176 659 1575 4002">
    <p class='ocr_par' dir='ltr' id='par_1_3' title="bbox 176 659 1575 4002">
     <span class='ocr_line' id='line_1_4' title="bbox 250 659 1535 738; baseline -0.002 -16"><span class='ocrx_word' id='word_1_14' title='bbox 250 662 378 723; x_wconf 91' lang='lat' dir='ltr'>ablativo</span> <span class='ocrx_word' id='word_1_15' title='bbox 401 680 469 720; x_wconf 88' lang='lat' dir='ltr'>casu</span> <span class='ocrx_word' id='word_1_16' title='bbox 493 660 636 737; x_wconf 79' lang='lat' dir='ltr'><strong>singulari</strong></span> <span class='ocrx_word' id='word_1_17' title='bbox 660 681 676 720; x_wconf 94' lang='lat' dir='ltr'>a</span> <span class='ocrx_word' id='word_1_18' title='bbox 699 662 796 722; x_wconf 89' lang='lat' dir='ltr'>littera</span> <span class='ocrx_word' id='word_1_19' title='bbox 820 661 933 720; x_wconf 89' lang='lat' dir='ltr'>luerint</span> <span class='ocrx_word' id='word_1_20' title='bbox 954 661 1126 726; x_wconf 87' lang='lat' dir='ltr'>terminata,</span> <span class='ocrx_word' id='word_1_21' title='bbox 1151 660 1312 736; x_wconf 89' lang='lat' dir='ltr'>genitivum</span> <span class='ocrx_word' id='word_1_22' title='bbox 1336 659 1482 738; x_wconf 77' lang='lat' dir='ltr'><strong>pluralem</strong></span> <span class='ocrx_word' id='word_1_23' title='bbox 1505 663 1535 719; x_wconf 93' lang='lat' dir='ltr'>in</span> 
     </span>
     <span class='ocr_line' id='line_1_5' title="bbox 250 759 1535 839; baseline -0.003 -15"><span class='ocrx_word' id='word_1_24' title='bbox 250 783 315 824; x_wconf 90' lang='lat' dir='ltr'>rum</span> <span class='ocrx_word' id='word_1_25' title='bbox 343 766 479 831; x_wconf 88' lang='lat' dir='ltr'>mittunt,</span> <span class='ocrx_word' id='word_1_26' title='bbox 510 763 639 823; x_wconf 90' lang='lat' dir='ltr'>dativum</span> <span class='ocrx_word' id='word_1_27' title='bbox 668 771 698 824; x_wconf 90' lang='lat' dir='ltr'>et</span> <span class='ocrx_word' id='word_1_28' title='bbox 727 762 888 823; x_wconf 79' lang='lat' dir='ltr'>ablativum</span> <span class='ocrx_word' id='word_1_29' title='bbox 916 763 946 820; x_wconf 93' lang='lat' dir='ltr'>in</span> <span class='ocrx_word' id='word_1_30' title='bbox 975 763 1001 820; x_wconf 92' lang='lat' dir='ltr'>is</span> <span class='ocrx_word' id='word_1_31' title='bbox 1028 759 1170 839; x_wconf 81' lang='lat' dir='ltr'>syllabam</span> <span class='ocrx_word' id='word_1_32' title='bbox 1201 762 1337 829; x_wconf 90' lang='lat' dir='ltr'>mittunt,</span> <span class='ocrx_word' id='word_1_33' title='bbox 1366 770 1398 820; x_wconf 92' lang='lat' dir='ltr'>ut</span> <span class='ocrx_word' id='word_1_34' title='bbox 1421 761 1457 821; x_wconf 90' lang='lat' dir='ltr'>ab</span> <span class='ocrx_word' id='word_1_35' title='bbox 1480 762 1535 822; x_wconf 92' lang='lat' dir='ltr'>bac</span> 
     </span>
     <span class='ocr_line' id='line_1_6' title="bbox 249 862 1535 942; baseline -0.002 -16"><span class='ocrx_word' id='word_1_36' title='bbox 249 866 331 927; x_wconf 87' lang='lat' dir='ltr'>Musa</span> <span class='ocrx_word' id='word_1_37' title='bbox 358 866 463 926; x_wconf 90' lang='lat' dir='ltr'>harum</span> <span class='ocrx_word' id='word_1_38' title='bbox 490 864 640 926; x_wconf 86' lang='lat' dir='ltr'>hlirsarum</span> <span class='ocrx_word' id='word_1_39' title='bbox 674 865 720 924; x_wconf 89' lang='lat' dir='ltr'>his</span> <span class='ocrx_word' id='word_1_40' title='bbox 749 873 778 924; x_wconf 90' lang='lat' dir='ltr'>et</span> <span class='ocrx_word' id='word_1_41' title='bbox 807 864 843 925; x_wconf 92' lang='lat' dir='ltr'>ab</span> <span class='ocrx_word' id='word_1_42' title='bbox 871 864 917 924; x_wconf 92' lang='lat' dir='ltr'>bis</span> <span class='ocrx_word' id='word_1_43' title='bbox 946 863 1047 923; x_wconf 85' lang='lat' dir='ltr'>Musis.</span> <span class='ocrx_word' id='word_1_44' title='bbox 1092 880 1166 942; x_wconf 89' lang='lat' dir='ltr'>quae</span> <span class='ocrx_word' id='word_1_45' title='bbox 1200 862 1301 941; x_wconf 89' lang='lat' dir='ltr'>regula</span> <span class='ocrx_word' id='word_1_46' title='bbox 1331 866 1535 942; x_wconf 80' lang='lat' dir='ltr'>exceptionem</span> 
     </span>
     <span class='ocr_line' id='line_1_7' title="bbox 251 963 1563 1045; baseline -0.002 -16"><span class='ocrx_word' id='word_1_47' title='bbox 251 976 348 1029; x_wconf 90' lang='lat' dir='ltr'>tamen</span> <span class='ocrx_word' id='word_1_48' title='bbox 378 970 485 1045; x_wconf 80' lang='lat' dir='ltr'>recipit</span> <span class='ocrx_word' id='word_1_49' title='bbox 513 969 543 1027; x_wconf 93' lang='lat' dir='ltr'>in</span> <span class='ocrx_word' id='word_1_50' title='bbox 571 968 619 1027; x_wconf 91' lang='lat' dir='ltr'>his</span> <span class='ocrx_word' id='word_1_51' title='bbox 647 966 832 1036; x_wconf 85' lang='lat' dir='ltr'>nominibus,</span> <span class='ocrx_word' id='word_1_52' title='bbox 864 968 894 1026; x_wconf 90' lang='lat' dir='ltr'>in</span> <span class='ocrx_word' id='word_1_53' title='bbox 923 965 1031 1045; x_wconf 89' lang='lat' dir='ltr'>quibus</span> <span class='ocrx_word' id='word_1_54' title='bbox 1059 963 1237 1042; x_wconf 80' lang='lat' dir='ltr'>ambiguitas</span> <span class='ocrx_word' id='word_1_55' title='bbox 1260 966 1458 1026; x_wconf 90' lang='lat' dir='ltr'>discernenda</span> <span class='ocrx_word' id='word_1_56' title='bbox 1480 974 1563 1026; x_wconf 72' lang='lat' dir='ltr'>esca</span> 
     </span>
     <span class='ocr_line' id='line_1_8' title="bbox 250 1066 1535 1155; baseline -0.001 -25"><span class='ocrx_word' id='word_1_57' title='bbox 250 1089 317 1131; x_wconf 88' lang='lat' dir='ltr'>nam</span> <span class='ocrx_word' id='word_1_58' title='bbox 346 1070 476 1155; x_wconf 88' lang='lat' dir='ltr'>dativum</span> <span class='ocrx_word' id='word_1_59' title='bbox 505 1078 534 1130; x_wconf 92' lang='lat' dir='ltr'>ct</span> <span class='ocrx_word' id='word_1_60' title='bbox 562 1069 722 1130; x_wconf 92' lang='lat' dir='ltr'>ablativum</span> <span class='ocrx_word' id='word_1_61' title='bbox 746 1088 804 1128; x_wconf 92' lang='lat' dir='ltr'>uon</span> <span class='ocrx_word' id='word_1_62' title='bbox 827 1071 857 1128; x_wconf 91' lang='lat' dir='ltr'>in</span> <span class='ocrx_word' id='word_1_63' title='bbox 880 1071 920 1137; x_wconf 94' lang='lat' dir='ltr'>is,</span> <span class='ocrx_word' id='word_1_64' title='bbox 944 1067 997 1127; x_wconf 89' lang='lat' dir='ltr'>sed</span> <span class='ocrx_word' id='word_1_65' title='bbox 1020 1069 1050 1127; x_wconf 94' lang='lat' dir='ltr'>iu</span> <span class='ocrx_word' id='word_1_66' title='bbox 1073 1066 1128 1126; x_wconf 92' lang='lat' dir='ltr'>bus</span> <span class='ocrx_word' id='word_1_67' title='bbox 1151 1069 1233 1128; x_wconf 79' lang='lat' dir='ltr'>crire</span> <span class='ocrx_word' id='word_1_68' title='bbox 1262 1070 1424 1128; x_wconf 77' lang='lat' dir='ltr'>necessitas</span> <span class='ocrx_word' id='word_1_69' title='bbox 1447 1071 1535 1146; x_wconf 81' lang='lat' dir='ltr'>cogit,</span> 
     </span>
     <span class='ocr_line' id='line_1_9' title="bbox 251 1169 1536 1246; baseline -0.002 -13"><span class='ocrx_word' id='word_1_70' title='bbox 251 1179 283 1233; x_wconf 92' lang='lat' dir='ltr'>ut</span> <span class='ocrx_word' id='word_1_71' title='bbox 304 1173 358 1233; x_wconf 90' lang='lat' dir='ltr'>dea</span> <span class='ocrx_word' id='word_1_72' title='bbox 380 1172 440 1233; x_wconf 85' lang='lat' dir='ltr'>tilia</span> <span class='ocrx_word' id='word_1_73' title='bbox 468 1172 580 1232; x_wconf 88' lang='lat' dir='ltr'>deabus</span> <span class='ocrx_word' id='word_1_74' title='bbox 608 1170 739 1240; x_wconf 90' lang='lat' dir='ltr'>liliabus,</span> <span class='ocrx_word' id='word_1_75' title='bbox 763 1189 800 1231; x_wconf 92' lang='lat' dir='ltr'>ue</span> <span class='ocrx_word' id='word_1_76' title='bbox 824 1171 908 1239; x_wconf 88' lang='lat' dir='ltr'>deos,</span> <span class='ocrx_word' id='word_1_77' title='bbox 931 1189 990 1230; x_wconf 91' lang='lat' dir='ltr'>non</span> <span class='ocrx_word' id='word_1_78' title='bbox 1013 1169 1082 1229; x_wconf 89' lang='lat' dir='ltr'>deas</span> <span class='ocrx_word' id='word_1_79' title='bbox 1104 1171 1272 1246; x_wconf 79' lang='lat' dir='ltr'>siguificare</span> <span class='ocrx_word' id='word_1_80' title='bbox 1295 1170 1457 1230; x_wconf 89' lang='lat' dir='ltr'>videamur.</span> <span class='ocrx_word' id='word_1_81' title='bbox 1502 1190 1536 1231; x_wconf 88' lang='lat' dir='ltr'>ca</span> 
     </span>
     <span class='ocr_line' id='line_1_10' title="bbox 249 1270 1536 1356; baseline -0.002 -20"><span class='ocrx_word' id='word_1_82' title='bbox 249 1294 366 1356; x_wconf 88' lang='lat' dir='ltr'>quoque</span> <span class='ocrx_word' id='word_1_83' title='bbox 388 1275 508 1334; x_wconf 73' lang='lat' dir='ltr'>victorina</span> <span class='ocrx_word' id='word_1_84' title='bbox 530 1292 606 1352; x_wconf 88' lang='lat' dir='ltr'>quae</span> <span class='ocrx_word' id='word_1_85' title='bbox 629 1271 757 1333; x_wconf 91' lang='lat' dir='ltr'>ablativo</span> <span class='ocrx_word' id='word_1_86' title='bbox 778 1292 847 1336; x_wconf 84' lang='lat' dir='ltr'>casu</span> <span class='ocrx_word' id='word_1_87' title='bbox 869 1272 1050 1350; x_wconf 89' lang='lat' dir='ltr'>singularia</span> <span class='ocrx_word' id='word_1_88' title='bbox 1073 1273 1172 1332; x_wconf 87' lang='lat' dir='ltr'>littera</span> <span class='ocrx_word' id='word_1_89' title='bbox 1195 1275 1393 1333; x_wconf 88' lang='lat' dir='ltr'>teriuinautur</span> <span class='ocrx_word' id='word_1_90' title='bbox 1421 1270 1536 1352; x_wconf 79' lang='lat' dir='ltr'>similli-</span> 
     </span>
     <span class='ocr_line' id='line_1_11' title="bbox 250 1374 1535 1454; baseline -0.004 -15"><span class='ocrx_word' id='word_1_91' title='bbox 250 1377 384 1439; x_wconf 91' lang='lat' dir='ltr'>tndioem</span> <span class='ocrx_word' id='word_1_92' title='bbox 406 1375 525 1452; x_wconf 87' lang='lat' dir='ltr'>regulae</span> <span class='ocrx_word' id='word_1_93' title='bbox 553 1374 689 1435; x_wconf 84' lang='lat' dir='ltr'>obtinent</span> <span class='ocrx_word' id='word_1_94' title='bbox 717 1393 782 1434; x_wconf 91' lang='lat' dir='ltr'>cum</span> <span class='ocrx_word' id='word_1_95' title='bbox 811 1378 976 1454; x_wconf 85' lang='lat' dir='ltr'>superiore.</span> <span class='ocrx_word' id='word_1_96' title='bbox 1022 1393 1089 1434; x_wconf 93' lang='lat' dir='ltr'>uam</span> <span class='ocrx_word' id='word_1_97' title='bbox 1112 1376 1226 1453; x_wconf 90' lang='lat' dir='ltr'>etipsa</span> <span class='ocrx_word' id='word_1_98' title='bbox 1250 1377 1413 1451; x_wconf 87' lang='lat' dir='ltr'>genitivum</span> <span class='ocrx_word' id='word_1_99' title='bbox 1435 1376 1535 1454; x_wconf 93' lang='lat' dir='ltr'>plura·</span> 
     </span>
     <span class='ocr_line' id='line_1_12' title="bbox 250 1474 1575 1555; baseline -0.003 -15"><span class='ocrx_word' id='word_1_100' title='bbox 250 1481 308 1540; x_wconf 89' lang='lat' dir='ltr'>lem</span> <span class='ocrx_word' id='word_1_101' title='bbox 338 1482 369 1539; x_wconf 92' lang='lat' dir='ltr'>in</span> <span class='ocrx_word' id='word_1_102' title='bbox 397 1497 479 1546; x_wconf 93' lang='lat' dir='ltr'>rum,</span> <span class='ocrx_word' id='word_1_103' title='bbox 509 1477 638 1538; x_wconf 91' lang='lat' dir='ltr'>dativum</span> <span class='ocrx_word' id='word_1_104' title='bbox 667 1485 697 1536; x_wconf 91' lang='lat' dir='ltr'>et</span> <span class='ocrx_word' id='word_1_105' title='bbox 724 1475 885 1537; x_wconf 83' lang='lat' dir='ltr'>ablativum</span> <span class='ocrx_word' id='word_1_106' title='bbox 913 1480 943 1536; x_wconf 92' lang='lat' dir='ltr'>iu</span> <span class='ocrx_word' id='word_1_107' title='bbox 974 1479 999 1537; x_wconf 91' lang='lat' dir='ltr'>is</span> <span class='ocrx_word' id='word_1_108' title='bbox 1027 1474 1172 1555; x_wconf 77' lang='lat' dir='ltr'>syllabam</span> <span class='ocrx_word' id='word_1_109' title='bbox 1200 1478 1334 1546; x_wconf 89' lang='lat' dir='ltr'>mittunt,</span> <span class='ocrx_word' id='word_1_110' title='bbox 1364 1483 1398 1536; x_wconf 90' lang='lat' dir='ltr'>ut</span> <span class='ocrx_word' id='word_1_111' title='bbox 1419 1476 1456 1536; x_wconf 92' lang='lat' dir='ltr'>ab</span> <span class='ocrx_word' id='word_1_112' title='bbox 1479 1476 1536 1536; x_wconf 90' lang='lat' dir='ltr'>hoc</span> <span class='ocrx_word' id='word_1_113' title='bbox 1550 1490 1575 1529; x_wconf 87' lang='lat'>1⁰</span> 
     </span>
     <span class='ocr_line' id='line_1_13' title="bbox 250 1578 1535 1659; baseline -0.003 -17"><span class='ocrx_word' id='word_1_114' title='bbox 250 1583 392 1659; x_wconf 89' lang='lat' dir='ltr'>magistro</span> <span class='ocrx_word' id='word_1_115' title='bbox 420 1581 526 1640; x_wconf 92' lang='lat' dir='ltr'>horum</span> <span class='ocrx_word' id='word_1_116' title='bbox 553 1581 764 1655; x_wconf 86' lang='lat' dir='ltr'>magistrorum</span> <span class='ocrx_word' id='word_1_117' title='bbox 790 1579 837 1639; x_wconf 91' lang='lat' dir='ltr'>his</span> <span class='ocrx_word' id='word_1_118' title='bbox 860 1587 888 1639; x_wconf 93' lang='lat' dir='ltr'>ct</span> <span class='ocrx_word' id='word_1_119' title='bbox 911 1578 947 1639; x_wconf 93' lang='lat' dir='ltr'>ab</span> <span class='ocrx_word' id='word_1_120' title='bbox 970 1580 1017 1639; x_wconf 93' lang='lat' dir='ltr'>his</span> <span class='ocrx_word' id='word_1_121' title='bbox 1039 1580 1199 1656; x_wconf 80' lang='lat' dir='ltr'>magistris.</span> <span class='ocrx_word' id='word_1_122' title='bbox 1244 1597 1320 1656; x_wconf 89' lang='lat' dir='ltr'>quae</span> <span class='ocrx_word' id='word_1_123' title='bbox 1349 1587 1379 1638; x_wconf 91' lang='lat' dir='ltr'>et</span> <span class='ocrx_word' id='word_1_124' title='bbox 1401 1581 1466 1658; x_wconf 91' lang='lat' dir='ltr'>ipsa</span> <span class='ocrx_word' id='word_1_125' title='bbox 1488 1597 1535 1638; x_wconf 91' lang='lat' dir='ltr'>re·</span> 
     </span>
     <span class='ocr_line' id='line_1_14' title="bbox 250 1680 1536 1760; baseline 0 -18"><span class='ocrx_word' id='word_1_126' title='bbox 250 1683 317 1760; x_wconf 91' lang='lat' dir='ltr'>gula</span> <span class='ocrx_word' id='word_1_127' title='bbox 341 1685 545 1760; x_wconf 81' lang='lat' dir='ltr'>exceptionem</span> <span class='ocrx_word' id='word_1_128' title='bbox 566 1681 751 1760; x_wconf 88' lang='lat' dir='ltr'>quorundam</span> <span class='ocrx_word' id='word_1_129' title='bbox 768 1682 918 1740; x_wconf 84' lang='lat' dir='ltr'>vroruiuum</span> <span class='ocrx_word' id='word_1_130' title='bbox 935 1683 1056 1759; x_wconf 89' lang='lat' dir='ltr'>recipit,</span> <span class='ocrx_word' id='word_1_131' title='bbox 1080 1698 1154 1759; x_wconf 77' lang='lat' dir='ltr'>aptiae</span> <span class='ocrx_word' id='word_1_132' title='bbox 1170 1680 1299 1740; x_wconf 86' lang='lat' dir='ltr'>‹latimm</span> <span class='ocrx_word' id='word_1_133' title='bbox 1323 1688 1353 1739; x_wconf 90' lang='lat' dir='ltr'>et</span> <span class='ocrx_word' id='word_1_134' title='bbox 1375 1680 1536 1742; x_wconf 84' lang='lat' dir='ltr'>ablativum</span> 
     </span>
     <span class='ocr_line' id='line_1_15' title="bbox 251 1776 1569 1864; baseline -0.003 -19"><span class='ocrx_word' id='word_1_135' title='bbox 251 1785 395 1864; x_wconf 90' lang='lat' dir='ltr'>pluralem</span> <span class='ocrx_word' id='word_1_136' title='bbox 418 1803 475 1843; x_wconf 89' lang='lat' dir='ltr'>mm</span> <span class='ocrx_word' id='word_1_137' title='bbox 500 1786 530 1843; x_wconf 95' lang='lat' dir='ltr'>in</span> <span class='ocrx_word' id='word_1_138' title='bbox 554 1786 597 1851; x_wconf 92' lang='lat' dir='ltr'>is,</span> <span class='ocrx_word' id='word_1_139' title='bbox 621 1785 699 1844; x_wconf 89' lang='lat' dir='ltr'>sicut</span> <span class='ocrx_word' id='word_1_140' title='bbox 721 1784 863 1852; x_wconf 87' lang='lat' dir='ltr'>diximus,</span> <span class='ocrx_word' id='word_1_141' title='bbox 887 1782 939 1842; x_wconf 92' lang='lat' dir='ltr'>sed</span> <span class='ocrx_word' id='word_1_142' title='bbox 963 1785 993 1842; x_wconf 93' lang='lat' dir='ltr'>in</span> <span class='ocrx_word' id='word_1_143' title='bbox 1017 1781 1072 1841; x_wconf 95' lang='lat' dir='ltr'>bus</span> <span class='ocrx_word' id='word_1_144' title='bbox 1095 1785 1230 1851; x_wconf 91' lang='lat' dir='ltr'>mittunt,</span> <span class='ocrx_word' id='word_1_145' title='bbox 1254 1790 1286 1842; x_wconf 93' lang='lat' dir='ltr'>ut</span> <span class='ocrx_word' id='word_1_146' title='bbox 1309 1782 1346 1842; x_wconf 93' lang='lat' dir='ltr'>ab</span> <span class='ocrx_word' id='word_1_147' title='bbox 1362 1782 1417 1842; x_wconf 90' lang='lat' dir='ltr'>hac</span> <span class='ocrx_word' id='word_1_148' title='bbox 1439 1783 1534 1852; x_wconf 77' lang='lat' dir='ltr'>clama,</span> <span class='ocrx_word' id='word_1_149' title='bbox 1566 1776 1569 1782; x_wconf 71' lang='grc'><strong>’</strong></span> 
     </span>
     <span class='ocr_line' id='line_1_16' title="bbox 251 1884 1535 1965; baseline 0 -20"><span class='ocrx_word' id='word_1_150' title='bbox 251 1886 287 1946; x_wconf 88' lang='lat' dir='ltr'>ab</span> <span class='ocrx_word' id='word_1_151' title='bbox 310 1885 365 1945; x_wconf 93' lang='lat' dir='ltr'>hoc</span> <span class='ocrx_word' id='word_1_152' title='bbox 388 1888 505 1963; x_wconf 87' lang='lat' dir='ltr'>iugem,</span> <span class='ocrx_word' id='word_1_153' title='bbox 530 1884 667 1945; x_wconf 91' lang='lat' dir='ltr'>domibus</span> <span class='ocrx_word' id='word_1_154' title='bbox 689 1885 852 1963; x_wconf 89' lang='lat' dir='ltr'>iugeribus.</span> <span class='ocrx_word' id='word_1_155' title='bbox 897 1903 972 1965; x_wconf 91' lang='lat' dir='ltr'>quae</span> <span class='ocrx_word' id='word_1_156' title='bbox 1000 1891 1098 1944; x_wconf 85' lang='lat' dir='ltr'>tamen</span> <span class='ocrx_word' id='word_1_157' title='bbox 1121 1886 1247 1944; x_wconf 89' lang='lat' dir='ltr'>varietas</span> <span class='ocrx_word' id='word_1_158' title='bbox 1270 1884 1477 1945; x_wconf 82' lang='lat' dir='ltr'>declinationis</span> <span class='ocrx_word' id='word_1_159' title='bbox 1500 1904 1535 1945; x_wconf 83' lang='lat' dir='ltr'>ex</span> 
     </span>
     <span class='ocr_line' id='line_1_17' title="bbox 250 1984 1574 2048; baseline -0.001 0"><span class='ocrx_word' id='word_1_160' title='bbox 250 1990 425 2048; x_wconf 87' lang='lat' dir='ltr'>auctoritate</span> <span class='ocrx_word' id='word_1_161' title='bbox 450 1997 582 2048; x_wconf 87' lang='lat' dir='ltr'>veterum</span> <span class='ocrx_word' id='word_1_162' title='bbox 610 1996 710 2048; x_wconf 86' lang='lat' dir='ltr'>exorta</span> <span class='ocrx_word' id='word_1_163' title='bbox 740 1995 794 2047; x_wconf 88' lang='lat' dir='ltr'>est.</span> <span class='ocrx_word' id='word_1_164' title='bbox 840 1988 884 2047; x_wconf 93' lang='lat' dir='ltr'>illi</span> <span class='ocrx_word' id='word_1_165' title='bbox 913 1989 993 2046; x_wconf 92' lang='lat' dir='ltr'>enim</span> <span class='ocrx_word' id='word_1_166' title='bbox 1021 1984 1180 2046; x_wconf 89' lang='lat' dir='ltr'>ablativum</span> <span class='ocrx_word' id='word_1_167' title='bbox 1204 1994 1233 2045; x_wconf 89' lang='lat' dir='ltr'>ct</span> <span class='ocrx_word' id='word_1_168' title='bbox 1255 1985 1293 2045; x_wconf 89' lang='lat' dir='ltr'>ab</span> <span class='ocrx_word' id='word_1_169' title='bbox 1316 1986 1371 2045; x_wconf 89' lang='lat' dir='ltr'>hac</span> <span class='ocrx_word' id='word_1_170' title='bbox 1394 1988 1482 2047; x_wconf 90' lang='lat' dir='ltr'>doum</span> <span class='ocrx_word' id='word_1_171' title='bbox 1505 1996 1574 2047; x_wconf 86' lang='lat' dir='ltr'>ct1⁵</span> 
     </span>
     <span class='ocr_line' id='line_1_18' title="bbox 251 2089 1534 2169; baseline -0.002 -19"><span class='ocrx_word' id='word_1_172' title='bbox 251 2089 366 2150; x_wconf 91' lang='lat' dir='ltr'>abhoc</span> <span class='ocrx_word' id='word_1_173' title='bbox 390 2092 493 2166; x_wconf 90' lang='lat' dir='ltr'>ingere</span> <span class='ocrx_word' id='word_1_174' title='bbox 516 2089 719 2158; x_wconf 82' lang='lat' dir='ltr'>declinabant,</span> <span class='ocrx_word' id='word_1_175' title='bbox 743 2109 830 2169; x_wconf 91' lang='lat' dir='ltr'>quam</span> <span class='ocrx_word' id='word_1_176' title='bbox 853 2089 1082 2149; x_wconf 90' lang='lat' dir='ltr'>declinationem</span> <span class='ocrx_word' id='word_1_177' title='bbox 1106 2095 1205 2147; x_wconf 88' lang='lat' dir='ltr'>secuta</span> <span class='ocrx_word' id='word_1_178' title='bbox 1229 2095 1274 2146; x_wconf 87' lang='lat' dir='ltr'>est</span> <span class='ocrx_word' id='word_1_179' title='bbox 1296 2091 1381 2157; x_wconf 89' lang='lat' dir='ltr'>ratio,</span> <span class='ocrx_word' id='word_1_180' title='bbox 1406 2097 1438 2148; x_wconf 94' lang='lat' dir='ltr'>ut</span> <span class='ocrx_word' id='word_1_181' title='bbox 1460 2089 1534 2150; x_wconf 92' lang='lat' dir='ltr'>dati-</span> 
     </span>
     <span class='ocr_line' id='line_1_19' title="bbox 250 2190 1536 2276; baseline 0.001 -27"><span class='ocrx_word' id='word_1_182' title='bbox 250 2210 303 2251; x_wconf 85' lang='lat' dir='ltr'>vus</span> <span class='ocrx_word' id='word_1_183' title='bbox 326 2200 355 2252; x_wconf 89' lang='lat' dir='ltr'>et</span> <span class='ocrx_word' id='word_1_184' title='bbox 378 2190 523 2252; x_wconf 87' lang='lat' dir='ltr'>ablativus</span> <span class='ocrx_word' id='word_1_185' title='bbox 553 2191 676 2270; x_wconf 90' lang='lat' dir='ltr'>pluralis</span> <span class='ocrx_word' id='word_1_186' title='bbox 699 2194 731 2251; x_wconf 95' lang='lat' dir='ltr'>in</span> <span class='ocrx_word' id='word_1_187' title='bbox 760 2191 814 2252; x_wconf 92' lang='lat' dir='ltr'>bus</span> <span class='ocrx_word' id='word_1_188' title='bbox 843 2194 1050 2276; x_wconf 77' lang='lat' dir='ltr'>terminentur.</span> <span class='ocrx_word' id='word_1_189' title='bbox 1095 2190 1147 2250; x_wconf 89' lang='lat' dir='ltr'>sed</span> <span class='ocrx_word' id='word_1_190' title='bbox 1176 2190 1336 2270; x_wconf 77' lang='lat' dir='ltr'>eraprhonia,</span> <span class='ocrx_word' id='word_1_191' title='bbox 1365 2210 1440 2269; x_wconf 78' lang='lat' dir='ltr'>quiae</span> <span class='ocrx_word' id='word_1_192' title='bbox 1468 2192 1536 2269; x_wconf 89' lang='lat' dir='ltr'>plus</span> 
     </span>
     <span class='ocr_line' id='line_1_20' title="bbox 251 2294 1535 2373; baseline -0.004 -18"><span class='ocrx_word' id='word_1_193' title='bbox 251 2297 281 2355; x_wconf 95' lang='lat' dir='ltr'>in</span> <span class='ocrx_word' id='word_1_194' title='bbox 305 2294 426 2353; x_wconf 82' lang='lat' dir='ltr'>vocibus</span> <span class='ocrx_word' id='word_1_195' title='bbox 448 2295 525 2354; x_wconf 90' lang='lat' dir='ltr'>valct</span> <span class='ocrx_word' id='word_1_196' title='bbox 547 2311 638 2369; x_wconf 83' lang='lat' dir='ltr'>quam</span> <span class='ocrx_word' id='word_1_197' title='bbox 660 2297 784 2369; x_wconf 75' lang='lat' dir='ltr'>reputa,</span> <span class='ocrx_word' id='word_1_198' title='bbox 814 2297 846 2354; x_wconf 82' lang='lat' dir='ltr'>in</span> <span class='ocrx_word' id='word_1_199' title='bbox 867 2294 976 2373; x_wconf 83' lang='lat' dir='ltr'>plumli</span> <span class='ocrx_word' id='word_1_200' title='bbox 999 2311 1124 2353; x_wconf 89' lang='lat' dir='ltr'>numero</span> <span class='ocrx_word' id='word_1_201' title='bbox 1147 2294 1296 2371; x_wconf 88' lang='lat' dir='ltr'>antiquam</span> <span class='ocrx_word' id='word_1_202' title='bbox 1320 2295 1465 2353; x_wconf 89' lang='lat' dir='ltr'>rationem</span> <span class='ocrx_word' id='word_1_203' title='bbox 1488 2311 1535 2352; x_wconf 90' lang='lat' dir='ltr'>re-</span> 
     </span>
     <span class='ocr_line' id='line_1_21' title="bbox 249 2394 1539 2477; baseline -0.001 -22"><span class='ocrx_word' id='word_1_204' title='bbox 249 2398 338 2463; x_wconf 87' lang='lat' dir='ltr'>tinet,</span> <span class='ocrx_word' id='word_1_205' title='bbox 368 2415 435 2455; x_wconf 87' lang='lat' dir='ltr'>rum</span> <span class='ocrx_word' id='word_1_206' title='bbox 464 2395 691 2455; x_wconf 85' lang='lat' dir='ltr'>declinationem</span> <span class='ocrx_word' id='word_1_207' title='bbox 720 2394 840 2455; x_wconf 91' lang='lat' dir='ltr'>ablativi</span> <span class='ocrx_word' id='word_1_208' title='bbox 869 2396 1029 2477; x_wconf 88' lang='lat' dir='ltr'>singularis</span> <span class='ocrx_word' id='word_1_209' title='bbox 1058 2394 1211 2455; x_wconf 89' lang='lat' dir='ltr'>abiecerit.</span> <span class='ocrx_word' id='word_1_210' title='bbox 1255 2413 1288 2453; x_wconf 92' lang='lat' dir='ltr'>ea</span> <span class='ocrx_word' id='word_1_211' title='bbox 1319 2413 1388 2454; x_wconf 88' lang='lat' dir='ltr'>vero</span> <span class='ocrx_word' id='word_1_212' title='bbox 1416 2397 1539 2464; x_wconf 62' lang='lat' dir='ltr'>trauan</span> 
     </span>
     <span class='ocr_line' id='line_1_22' title="bbox 250 2494 1574 2576; baseline 0 -21"><span class='ocrx_word' id='word_1_213' title='bbox 250 2516 324 2576; x_wconf 90' lang='lat' dir='ltr'>quae</span> <span class='ocrx_word' id='word_1_214' title='bbox 347 2497 473 2557; x_wconf 91' lang='lat' dir='ltr'>ablativo</span> <span class='ocrx_word' id='word_1_215' title='bbox 496 2516 570 2559; x_wconf 83' lang='lat' dir='ltr'>cusa</span> <span class='ocrx_word' id='word_1_216' title='bbox 592 2498 736 2574; x_wconf 86' lang='lat' dir='ltr'>singulari</span> <span class='ocrx_word' id='word_1_217' title='bbox 759 2517 775 2554; x_wconf 88' lang='lat' dir='ltr'>e</span> <span class='ocrx_word' id='word_1_218' title='bbox 798 2498 897 2557; x_wconf 87' lang='lat' dir='ltr'>littera</span> <span class='ocrx_word' id='word_1_219' title='bbox 921 2499 1117 2568; x_wconf 77' lang='lat' dir='ltr'>tenuiuautur</span> <span class='ocrx_word' id='word_1_220' title='bbox 1140 2497 1288 2575; x_wconf 90' lang='lat' dir='ltr'>duplicem</span> <span class='ocrx_word' id='word_1_221' title='bbox 1311 2498 1434 2556; x_wconf 90' lang='lat' dir='ltr'>lonuam</span> <span class='ocrx_word' id='word_1_222' title='bbox 1458 2494 1534 2555; x_wconf 89' lang='lat' dir='ltr'>obti-</span> <span class='ocrx_word' id='word_1_223' title='bbox 1548 2511 1574 2547; x_wconf 79' lang='lat'>20</span> 
     </span>
     <span class='ocr_line' id='line_1_23' title="bbox 249 2600 1534 2679; baseline -0.002 -20"><span class='ocrx_word' id='word_1_224' title='bbox 249 2606 329 2659; x_wconf 82' lang='lat' dir='ltr'>ueru.</span> <span class='ocrx_word' id='word_1_225' title='bbox 374 2618 441 2658; x_wconf 82' lang='lat' dir='ltr'>viam</span> <span class='ocrx_word' id='word_1_226' title='bbox 470 2602 494 2659; x_wconf 94' lang='lat' dir='ltr'>si</span> <span class='ocrx_word' id='word_1_227' title='bbox 523 2600 665 2679; x_wconf 87' lang='lat' dir='ltr'>pr·‹ulucta</span> <span class='ocrx_word' id='word_1_228' title='bbox 696 2619 711 2658; x_wconf 89' lang='lat' dir='ltr'>e.</span> <span class='ocrx_word' id='word_1_229' title='bbox 740 2600 838 2659; x_wconf 89' lang='lat' dir='ltr'>littera</span> <span class='ocrx_word' id='word_1_230' title='bbox 861 2601 974 2660; x_wconf 88' lang='lat' dir='ltr'>luerint</span> <span class='ocrx_word' id='word_1_231' title='bbox 996 2602 1175 2668; x_wconf 80' lang='lat' dir='ltr'>terminata,</span> <span class='ocrx_word' id='word_1_232' title='bbox 1199 2602 1229 2659; x_wconf 91' lang='lat' dir='ltr'>in</span> <span class='ocrx_word' id='word_1_233' title='bbox 1254 2617 1318 2657; x_wconf 86' lang='lat' dir='ltr'>uun</span> <span class='ocrx_word' id='word_1_234' title='bbox 1342 2601 1461 2659; x_wconf 89' lang='lat' dir='ltr'>mittunt</span> <span class='ocrx_word' id='word_1_235' title='bbox 1483 2616 1534 2675; x_wconf 88' lang='lat' dir='ltr'>ge·</span> 
     </span>
     <span class='ocr_line' id='line_1_24' title="bbox 249 2699 1535 2779; baseline -0.002 -18"><span class='ocrx_word' id='word_1_236' title='bbox 249 2703 373 2761; x_wconf 87' lang='lat' dir='ltr'>uitivum</span> <span class='ocrx_word' id='word_1_237' title='bbox 397 2701 555 2779; x_wconf 90' lang='lat' dir='ltr'>pluralem,</span> <span class='ocrx_word' id='word_1_238' title='bbox 580 2702 709 2762; x_wconf 87' lang='lat' dir='ltr'>dativum</span> <span class='ocrx_word' id='word_1_239' title='bbox 733 2709 762 2760; x_wconf 91' lang='lat' dir='ltr'>et</span> <span class='ocrx_word' id='word_1_240' title='bbox 783 2701 943 2761; x_wconf 90' lang='lat' dir='ltr'>ablativum</span> <span class='ocrx_word' id='word_1_241' title='bbox 967 2703 997 2760; x_wconf 94' lang='lat' dir='ltr'>in</span> <span class='ocrx_word' id='word_1_242' title='bbox 1022 2700 1091 2770; x_wconf 89' lang='lat' dir='ltr'>bus,</span> <span class='ocrx_word' id='word_1_243' title='bbox 1115 2708 1147 2760; x_wconf 96' lang='lat' dir='ltr'>ut</span> <span class='ocrx_word' id='word_1_244' title='bbox 1170 2701 1206 2761; x_wconf 92' lang='lat' dir='ltr'>ab</span> <span class='ocrx_word' id='word_1_245' title='bbox 1230 2701 1285 2760; x_wconf 89' lang='lat' dir='ltr'>hac</span> <span class='ocrx_word' id='word_1_246' title='bbox 1307 2701 1407 2779; x_wconf 87' lang='lat' dir='ltr'>specie</span> <span class='ocrx_word' id='word_1_247' title='bbox 1430 2699 1535 2760; x_wconf 88' lang='lat' dir='ltr'>barum</span> 
     </span>
     <span class='ocr_line' id='line_1_25' title="bbox 248 2802 1533 2882; baseline -0.001 -20"><span class='ocrx_word' id='word_1_248' title='bbox 248 2805 415 2882; x_wconf 85' lang='lat' dir='ltr'>specierum</span> <span class='ocrx_word' id='word_1_249' title='bbox 443 2803 490 2864; x_wconf 91' lang='lat' dir='ltr'>his</span> <span class='ocrx_word' id='word_1_250' title='bbox 518 2813 548 2863; x_wconf 88' lang='lat' dir='ltr'>et</span> <span class='ocrx_word' id='word_1_251' title='bbox 570 2803 606 2863; x_wconf 93' lang='lat' dir='ltr'>ab</span> <span class='ocrx_word' id='word_1_252' title='bbox 629 2804 676 2863; x_wconf 91' lang='lat' dir='ltr'>his</span> <span class='ocrx_word' id='word_1_253' title='bbox 698 2802 870 2882; x_wconf 88' lang='lat' dir='ltr'>speciebus;</span> <span class='ocrx_word' id='word_1_254' title='bbox 899 2822 974 2882; x_wconf 75' lang='lat' dir='ltr'>«puae</span> <span class='ocrx_word' id='word_1_255' title='bbox 999 2803 1098 2879; x_wconf 87' lang='lat' dir='ltr'>regula</span> <span class='ocrx_word' id='word_1_256' title='bbox 1121 2804 1241 2880; x_wconf 90' lang='lat' dir='ltr'>generis</span> <span class='ocrx_word' id='word_1_257' title='bbox 1263 2810 1376 2861; x_wconf 91' lang='lat' dir='ltr'>tautum</span> <span class='ocrx_word' id='word_1_258' title='bbox 1399 2803 1533 2861; x_wconf 81' lang='lat' dir='ltr'>seminini</span> 
     </span>
     <span class='ocr_line' id='line_1_26' title="bbox 176 2905 1533 2985; baseline 0.004 -26"><span class='ocrx_word' id='word_1_259' title='bbox 176 2952 179 2959; x_wconf 91' lang='lat'><em>.</em></span> <span class='ocrx_word' id='word_1_260' title='bbox 247 2905 367 2965; x_wconf 89' lang='lat' dir='ltr'>dicitur.</span> <span class='ocrx_word' id='word_1_261' title='bbox 412 2905 537 2985; x_wconf 88' lang='lat' dir='ltr'>quodsi</span> <span class='ocrx_word' id='word_1_262' title='bbox 568 2925 583 2964; x_wconf 90' lang='lat' dir='ltr'>c</span> <span class='ocrx_word' id='word_1_263' title='bbox 606 2914 742 2984; x_wconf 89' lang='lat' dir='ltr'>correpta</span> <span class='ocrx_word' id='word_1_264' title='bbox 765 2905 894 2965; x_wconf 89' lang='lat' dir='ltr'>ablativo</span> <span class='ocrx_word' id='word_1_265' title='bbox 922 2906 1065 2982; x_wconf 90' lang='lat' dir='ltr'>singulari</span> <span class='ocrx_word' id='word_1_266' title='bbox 1088 2906 1208 2965; x_wconf 81' lang='lat' dir='ltr'>nonina</span> <span class='ocrx_word' id='word_1_267' title='bbox 1230 2905 1343 2964; x_wconf 82' lang='lat' dir='ltr'>literint</span> <span class='ocrx_word' id='word_1_268' title='bbox 1365 2906 1533 2967; x_wconf 86' lang='lat' dir='ltr'>terminata,</span> 
     </span>
     <span class='ocr_line' id='line_1_27' title="bbox 248 3004 1573 3085; baseline -0.002 -18"><span class='ocrx_word' id='word_1_269' title='bbox 248 3008 320 3067; x_wconf 89' lang='lat' dir='ltr'>haec</span> <span class='ocrx_word' id='word_1_270' title='bbox 347 3010 509 3084; x_wconf 87' lang='lat' dir='ltr'>genitiuuu</span> <span class='ocrx_word' id='word_1_271' title='bbox 539 3008 681 3085; x_wconf 89' lang='lat' dir='ltr'>pluralem</span> <span class='ocrx_word' id='word_1_272' title='bbox 711 3010 741 3067; x_wconf 94' lang='lat' dir='ltr'>in</span> <span class='ocrx_word' id='word_1_273' title='bbox 771 3026 833 3076; x_wconf 83' lang='lat' dir='ltr'>itm,</span> <span class='ocrx_word' id='word_1_274' title='bbox 862 3007 991 3067; x_wconf 93' lang='lat' dir='ltr'>dativum</span> <span class='ocrx_word' id='word_1_275' title='bbox 1021 3015 1049 3066; x_wconf 92' lang='lat' dir='ltr'>ct</span> <span class='ocrx_word' id='word_1_276' title='bbox 1072 3006 1231 3068; x_wconf 90' lang='lat' dir='ltr'>ablativum</span> <span class='ocrx_word' id='word_1_277' title='bbox 1254 3008 1285 3065; x_wconf 92' lang='lat' dir='ltr'>in</span> <span class='ocrx_word' id='word_1_278' title='bbox 1309 3004 1363 3065; x_wconf 91' lang='lat' dir='ltr'>hus</span> <span class='ocrx_word' id='word_1_279' title='bbox 1386 3004 1528 3084; x_wconf 76' lang='lat' dir='ltr'>syllabam</span> <span class='ocrx_word' id='word_1_280' title='bbox 1547 3016 1573 3055; x_wconf 78' lang='lat'>2⁵</span> 
     </span>
     <span class='ocr_line' id='line_1_28' title="bbox 248 3107 1533 3188; baseline -0.002 -20"><span class='ocrx_word' id='word_1_281' title='bbox 248 3111 383 3177; x_wconf 89' lang='lat' dir='ltr'>mittunt,</span> <span class='ocrx_word' id='word_1_282' title='bbox 418 3117 449 3168; x_wconf 90' lang='lat' dir='ltr'>ut</span> <span class='ocrx_word' id='word_1_283' title='bbox 483 3109 519 3168; x_wconf 92' lang='lat' dir='ltr'>ab</span> <span class='ocrx_word' id='word_1_284' title='bbox 547 3110 602 3168; x_wconf 91' lang='lat' dir='ltr'>hoc</span> <span class='ocrx_word' id='word_1_285' title='bbox 631 3112 745 3188; x_wconf 85' lang='lat' dir='ltr'>pariete</span> <span class='ocrx_word' id='word_1_286' title='bbox 777 3110 881 3169; x_wconf 69' lang='lat' dir='ltr'>luorum</span> <span class='ocrx_word' id='word_1_287' title='bbox 910 3111 1057 3187; x_wconf 88' lang='lat' dir='ltr'>parietum</span> <span class='ocrx_word' id='word_1_288' title='bbox 1086 3109 1132 3168; x_wconf 90' lang='lat' dir='ltr'>his</span> <span class='ocrx_word' id='word_1_289' title='bbox 1161 3115 1190 3168; x_wconf 87' lang='lat' dir='ltr'>el</span> <span class='ocrx_word' id='word_1_290' title='bbox 1217 3108 1254 3168; x_wconf 90' lang='lat' dir='ltr'>ab</span> <span class='ocrx_word' id='word_1_291' title='bbox 1282 3108 1328 3167; x_wconf 86' lang='lat' dir='ltr'>his</span> <span class='ocrx_word' id='word_1_292' title='bbox 1358 3107 1533 3185; x_wconf 89' lang='lat' dir='ltr'>parietibus.</span> 
     </span>
     <span class='ocr_line' id='line_1_29' title="bbox 247 3207 1534 3291; baseline -0.002 -22"><span class='ocrx_word' id='word_1_293' title='bbox 247 3230 323 3290; x_wconf 87' lang='lat' dir='ltr'>quae</span> <span class='ocrx_word' id='word_1_294' title='bbox 352 3211 454 3288; x_wconf 89' lang='lat' dir='ltr'>regula</span> <span class='ocrx_word' id='word_1_295' title='bbox 482 3214 512 3272; x_wconf 92' lang='lat' dir='ltr'>iu</span> <span class='ocrx_word' id='word_1_296' title='bbox 542 3211 720 3291; x_wconf 84' lang='lat' dir='ltr'>qvubusdavn</span> <span class='ocrx_word' id='word_1_297' title='bbox 755 3211 925 3271; x_wconf 82' lang='lat' dir='ltr'>inmunibus</span> <span class='ocrx_word' id='word_1_298' title='bbox 959 3211 1168 3270; x_wconf 86' lang='lat' dir='ltr'>discretionem</span> <span class='ocrx_word' id='word_1_299' title='bbox 1197 3212 1319 3289; x_wconf 88' lang='lat' dir='ltr'>recipit,</span> <span class='ocrx_word' id='word_1_300' title='bbox 1354 3216 1386 3268; x_wconf 89' lang='lat' dir='ltr'>ut</span> <span class='ocrx_word' id='word_1_301' title='bbox 1413 3207 1450 3268; x_wconf 93' lang='lat' dir='ltr'>ab</span> <span class='ocrx_word' id='word_1_302' title='bbox 1478 3208 1534 3268; x_wconf 88' lang='lat' dir='ltr'>hoc</span> 
     </span>
     <span class='ocr_line' id='line_1_30' title="bbox 248 3310 1533 3392; baseline -0.001 -22"><span class='ocrx_word' id='word_1_303' title='bbox 248 3332 330 3382; x_wconf 86' lang='lat' dir='ltr'>vase,</span> <span class='ocrx_word' id='word_1_304' title='bbox 365 3315 527 3390; x_wconf 91' lang='lat' dir='ltr'>genitivum</span> <span class='ocrx_word' id='word_1_305' title='bbox 564 3315 707 3392; x_wconf 89' lang='lat' dir='ltr'>pluralem</span> <span class='ocrx_word' id='word_1_306' title='bbox 741 3314 845 3374; x_wconf 91' lang='lat' dir='ltr'>horum</span> <span class='ocrx_word' id='word_1_307' title='bbox 878 3331 1013 3373; x_wconf 91' lang='lat' dir='ltr'>vasorum</span> <span class='ocrx_word' id='word_1_308' title='bbox 1042 3313 1127 3381; x_wconf 89' lang='lat' dir='ltr'>iacit,</span> <span class='ocrx_word' id='word_1_309' title='bbox 1159 3313 1288 3371; x_wconf 86' lang='lat' dir='ltr'>datiuun</span> <span class='ocrx_word' id='word_1_310' title='bbox 1318 3320 1347 3371; x_wconf 91' lang='lat' dir='ltr'>et.</span> <span class='ocrx_word' id='word_1_311' title='bbox 1374 3310 1533 3371; x_wconf 91' lang='lat' dir='ltr'>ablativum</span> 
     </span>
     <span class='ocr_line' id='line_1_31' title="bbox 177 3400 1534 3494; baseline -0.002 -21"><span class='ocrx_word' id='word_1_312' title='bbox 177 3400 183 3413; x_wconf 60' lang='lat'><strong><em>⁹</em></strong></span> <span class='ocrx_word' id='word_1_313' title='bbox 248 3417 335 3475; x_wconf 90' lang='lat' dir='ltr'>vasis.</span> <span class='ocrx_word' id='word_1_314' title='bbox 380 3415 431 3474; x_wconf 88' lang='lat' dir='ltr'>scd</span> <span class='ocrx_word' id='word_1_315' title='bbox 460 3423 489 3474; x_wconf 91' lang='lat' dir='ltr'>et</span> <span class='ocrx_word' id='word_1_316' title='bbox 518 3415 566 3474; x_wconf 91' lang='lat' dir='ltr'>bic</span> <span class='ocrx_word' id='word_1_317' title='bbox 595 3416 762 3494; x_wconf 89' lang='lat' dir='ltr'>euphoniae</span> <span class='ocrx_word' id='word_1_318' title='bbox 796 3418 872 3475; x_wconf 92' lang='lat' dir='ltr'>ratio</span> <span class='ocrx_word' id='word_1_319' title='bbox 905 3417 1077 3474; x_wconf 85' lang='lat' dir='ltr'>varietatem</span> <span class='ocrx_word' id='word_1_320' title='bbox 1110 3413 1229 3490; x_wconf 88' lang='lat' dir='ltr'>regulae</span> <span class='ocrx_word' id='word_1_321' title='bbox 1264 3413 1372 3473; x_wconf 90' lang='lat' dir='ltr'>attulit.</span> <span class='ocrx_word' id='word_1_322' title='bbox 1417 3419 1534 3471; x_wconf 87' lang='lat' dir='ltr'>veteres</span> 
     </span>
     <span class='ocr_line' id='line_1_32' title="bbox 248 3514 1573 3593; baseline -0.002 -19"><span class='ocrx_word' id='word_1_323' title='bbox 248 3518 327 3576; x_wconf 92' lang='lat' dir='ltr'>euim</span> <span class='ocrx_word' id='word_1_324' title='bbox 356 3515 517 3576; x_wconf 91' lang='lat' dir='ltr'>ablativum</span> <span class='ocrx_word' id='word_1_325' title='bbox 544 3517 726 3593; x_wconf 84' lang='lat' dir='ltr'>singularem</span> <span class='ocrx_word' id='word_1_326' title='bbox 756 3518 793 3577; x_wconf 89' lang='lat' dir='ltr'>ab</span> <span class='ocrx_word' id='word_1_327' title='bbox 820 3517 876 3577; x_wconf 74' lang='lat' dir='ltr'>lure</span> <span class='ocrx_word' id='word_1_328' title='bbox 905 3536 987 3585; x_wconf 88' lang='lat' dir='ltr'>vaso,</span> <span class='ocrx_word' id='word_1_329' title='bbox 1017 3535 1074 3576; x_wconf 81' lang='lat' dir='ltr'>vion</span> <span class='ocrx_word' id='word_1_330' title='bbox 1103 3514 1140 3576; x_wconf 91' lang='lat' dir='ltr'>ab</span> <span class='ocrx_word' id='word_1_331' title='bbox 1162 3514 1217 3574; x_wconf 91' lang='lat' dir='ltr'>hoc</span> <span class='ocrx_word' id='word_1_332' title='bbox 1241 3533 1308 3574; x_wconf 90' lang='lat' dir='ltr'>vase</span> <span class='ocrx_word' id='word_1_333' title='bbox 1331 3514 1573 3575; x_wconf 77' lang='lat' dir='ltr'>declinabantur</span> 
     </span>
     <span class='ocr_line' id='line_1_33' title="bbox 248 3617 1531 3696; baseline 0.001 -21"><span class='ocrx_word' id='word_1_334' title='bbox 248 3636 451 3696; x_wconf 87' lang='lat' dir='ltr'>quaecumque</span> <span class='ocrx_word' id='word_1_335' title='bbox 481 3620 600 3677; x_wconf 78' lang='lat' dir='ltr'>rrvvrniua</span> <span class='ocrx_word' id='word_1_336' title='bbox 630 3618 757 3678; x_wconf 90' lang='lat' dir='ltr'>ablativo</span> <span class='ocrx_word' id='word_1_337' title='bbox 786 3637 854 3677; x_wconf 90' lang='lat' dir='ltr'>casu</span> <span class='ocrx_word' id='word_1_338' title='bbox 883 3618 1027 3693; x_wconf 90' lang='lat' dir='ltr'>singulari</span> <span class='ocrx_word' id='word_1_339' title='bbox 1055 3637 1073 3676; x_wconf 97' lang='lat' dir='ltr'>u</span> <span class='ocrx_word' id='word_1_340' title='bbox 1103 3618 1201 3677; x_wconf 88' lang='lat' dir='ltr'>littera</span> <span class='ocrx_word' id='word_1_341' title='bbox 1230 3619 1342 3677; x_wconf 81' lang='lat' dir='ltr'>laverint</span> <span class='ocrx_word' id='word_1_342' title='bbox 1365 3617 1531 3684; x_wconf 88' lang='lat' dir='ltr'>terminata,</span> 
     </span>
     <span class='ocr_line' id='line_1_34' title="bbox 247 3717 1529 3796; baseline -0.001 -19"><span class='ocrx_word' id='word_1_343' title='bbox 247 3721 409 3795; x_wconf 90' lang='lat' dir='ltr'>genitivum</span> <span class='ocrx_word' id='word_1_344' title='bbox 437 3720 583 3796; x_wconf 90' lang='lat' dir='ltr'>pluralem</span> <span class='ocrx_word' id='word_1_345' title='bbox 610 3722 757 3796; x_wconf 84' lang='lat' dir='ltr'>gevrriuata</span> <span class='ocrx_word' id='word_1_346' title='bbox 782 3739 800 3778; x_wconf 95' lang='lat' dir='ltr'>u</span> <span class='ocrx_word' id='word_1_347' title='bbox 829 3720 927 3779; x_wconf 88' lang='lat' dir='ltr'>littera</span> <span class='ocrx_word' id='word_1_348' title='bbox 950 3722 979 3778; x_wconf 91' lang='lat' dir='ltr'>iu</span> <span class='ocrx_word' id='word_1_349' title='bbox 1004 3739 1087 3787; x_wconf 91' lang='grc' dir='ltr'>ιιιιιιι,</span> <span class='ocrx_word' id='word_1_350' title='bbox 1112 3719 1240 3779; x_wconf 91' lang='lat' dir='ltr'>dativum</span> <span class='ocrx_word' id='word_1_351' title='bbox 1264 3727 1294 3778; x_wconf 92' lang='lat' dir='ltr'>et</span> <span class='ocrx_word' id='word_1_352' title='bbox 1316 3717 1476 3779; x_wconf 90' lang='lat' dir='ltr'>ablativum</span> <span class='ocrx_word' id='word_1_353' title='bbox 1499 3719 1529 3777; x_wconf 91' lang='lat' dir='ltr'>in</span> 
     </span>
     <span class='ocr_line' id='line_1_35' title="bbox 247 3817 1532 3889; baseline -0.002 -11"><span class='ocrx_word' id='word_1_354' title='bbox 247 3819 303 3879; x_wconf 90' lang='lat' dir='ltr'>bus</span> <span class='ocrx_word' id='word_1_355' title='bbox 332 3823 465 3889; x_wconf 91' lang='lat' dir='ltr'>mittunt,</span> <span class='ocrx_word' id='word_1_356' title='bbox 495 3830 527 3880; x_wconf 90' lang='lat' dir='ltr'>ut</span> <span class='ocrx_word' id='word_1_357' title='bbox 556 3822 592 3880; x_wconf 89' lang='lat' dir='ltr'>ab</span> <span class='ocrx_word' id='word_1_358' title='bbox 620 3821 675 3880; x_wconf 92' lang='lat' dir='ltr'>hoc</span> <span class='ocrx_word' id='word_1_359' title='bbox 703 3822 793 3880; x_wconf 91' lang='lat' dir='ltr'>lluctu</span> <span class='ocrx_word' id='word_1_360' title='bbox 822 3820 926 3879; x_wconf 86' lang='lat' dir='ltr'>lrurum</span> <span class='ocrx_word' id='word_1_361' title='bbox 955 3821 1097 3880; x_wconf 84' lang='lat' dir='ltr'>ssvtcttutm</span> <span class='ocrx_word' id='word_1_362' title='bbox 1126 3821 1173 3880; x_wconf 91' lang='lat' dir='ltr'>his</span> <span class='ocrx_word' id='word_1_363' title='bbox 1201 3829 1230 3879; x_wconf 88' lang='lat' dir='ltr'>et</span> <span class='ocrx_word' id='word_1_364' title='bbox 1253 3819 1289 3880; x_wconf 89' lang='lat' dir='ltr'>ab</span> <span class='ocrx_word' id='word_1_365' title='bbox 1312 3820 1359 3879; x_wconf 90' lang='lat' dir='ltr'>his</span> <span class='ocrx_word' id='word_1_366' title='bbox 1382 3817 1532 3878; x_wconf 90' lang='lat' dir='ltr'>llnctibus.</span> 
     </span>
     <span class='ocr_line' id='line_1_36' title="bbox 247 3912 1533 4002; baseline 0 -24"><span class='ocrx_word' id='word_1_367' title='bbox 247 3921 278 3978; x_wconf 92' lang='lat' dir='ltr'>io</span> <span class='ocrx_word' id='word_1_368' title='bbox 301 3921 355 3979; x_wconf 91' lang='lat' dir='ltr'>hac</span> <span class='ocrx_word' id='word_1_369' title='bbox 378 3929 475 3981; x_wconf 86' lang='lat' dir='ltr'>autmn</span> <span class='ocrx_word' id='word_1_370' title='bbox 498 3923 599 3999; x_wconf 91' lang='lat' dir='ltr'>regula</span> <span class='ocrx_word' id='word_1_371' title='bbox 623 3923 757 4001; x_wconf 76' lang='lat' dir='ltr'>plerique</span> <span class='ocrx_word' id='word_1_372' title='bbox 781 3923 986 4001; x_wconf 84' lang='lat' dir='ltr'>antiquitatem</span> <span class='ocrx_word' id='word_1_373' title='bbox 1015 3923 1099 4002; x_wconf 86' lang='lat' dir='ltr'>sequi</span> <span class='ocrx_word' id='word_1_374' title='bbox 1123 3912 1328 3990; x_wconf 87' lang='lat' dir='ltr'>aestimantes,</span> <span class='ocrx_word' id='word_1_375' title='bbox 1358 3938 1376 3979; x_wconf 96' lang='lat' dir='ltr'>u</span> <span class='ocrx_word' id='word_1_376' title='bbox 1401 3920 1533 3980; x_wconf 85' lang='lat' dir='ltr'>litteram</span> 
     </span>
    </p>
   </div>
   <div class='ocr_carea' id='block_1_4' title="bbox 245 4071 1533 4906">
    <p class='ocr_par' dir='ltr' id='par_1_4' title="bbox 245 4071 1533 4906">
     <span class='ocr_line' id='line_1_37' title="bbox 318 4071 1473 4139; baseline 0 -18"><span class='ocrx_word' id='word_1_377' title='bbox 318 4071 349 4121; x_wconf 81' lang='lat'>12</span> <span class='ocrx_word' id='word_1_378' title='bbox 368 4073 506 4122; x_wconf 88' lang='lat' dir='ltr'>ablatinum</span> <span class='ocrx_word' id='word_1_379' title='bbox 526 4075 635 4123; x_wconf 89' lang='lat' dir='ltr'>nominis</span> <span class='ocrx_word' id='word_1_380' title='bbox 654 4072 697 4138; x_wconf 80' lang='lat' dir='ltr'>plia</span> <span class='ocrx_word' id='word_1_381' title='bbox 718 4072 796 4136; x_wconf 85' lang='lat' dir='ltr'>(corr.</span> <span class='ocrx_word' id='word_1_382' title='bbox 816 4076 860 4139; x_wconf 79' lang='lat' dir='ltr'>phi</span> <span class='ocrx_word' id='word_1_383' title='bbox 878 4075 1001 4136; x_wconf 86' lang='lat' dir='ltr'>nominis)</span> <span class='ocrx_word' id='word_1_384' title='bbox 1020 4076 1085 4123; x_wconf 88' lang='lat' dir='ltr'>sicut</span> <span class='ocrx_word' id='word_1_385' title='bbox 1104 4074 1215 4122; x_wconf 86' lang='lat' dir='ltr'>diximus</span> <span class='ocrx_word' id='word_1_386' title='bbox 1234 4089 1282 4123; x_wconf 91' lang='lat' dir='ltr'>nou</span> <span class='ocrx_word' id='word_1_387' title='bbox 1296 4074 1320 4122; x_wconf 93' lang='lat' dir='ltr'>in</span> <span class='ocrx_word' id='word_1_388' title='bbox 1335 4073 1357 4123; x_wconf 88' lang='lat' dir='ltr'>is</span> <span class='ocrx_word' id='word_1_389' title='bbox 1375 4073 1420 4121; x_wconf 91' lang='lat' dir='ltr'>sed</span> <span class='ocrx_word' id='word_1_390' title='bbox 1441 4072 1473 4121; x_wconf 99' lang='lat' dir='ltr'><em>M</em></span> 
     </span>
     <span class='ocr_line' id='line_1_38' title="bbox 248 4141 1533 4194; baseline -0.003 -1"><span class='ocrx_word' id='word_1_391' title='bbox 248 4143 280 4193; x_wconf 78' lang='lat'>14</span> <span class='ocrx_word' id='word_1_392' title='bbox 299 4143 410 4191; x_wconf 84' lang='lat' dir='ltr'>uarietas</span> <span class='ocrx_word' id='word_1_393' title='bbox 433 4160 464 4193; x_wconf 82' lang='lat' dir='ltr'>ex</span> <span class='ocrx_word' id='word_1_394' title='bbox 486 4145 633 4193; x_wconf 88' lang='lat' dir='ltr'>auctoritate</span> <span class='ocrx_word' id='word_1_395' title='bbox 657 4152 769 4193; x_wconf 85' lang='lat' dir='ltr'>ueterum</span> <span class='ocrx_word' id='word_1_396' title='bbox 794 4144 969 4193; x_wconf 82' lang='lat' dir='ltr'>declinationis</span> <span class='ocrx_word' id='word_1_397' title='bbox 987 4154 1073 4194; x_wconf 84' lang='lat' dir='ltr'>exorta</span> <span class='ocrx_word' id='word_1_398' title='bbox 1090 4152 1127 4193; x_wconf 86' lang='lat' dir='ltr'>est</span> <span class='ocrx_word' id='word_1_399' title='bbox 1142 4143 1234 4193; x_wconf 91' lang='lat' dir='ltr'>BML</span> <span class='ocrx_word' id='word_1_400' title='bbox 1319 4142 1351 4192; x_wconf 80' lang='lat'>17</span> <span class='ocrx_word' id='word_1_401' title='bbox 1370 4142 1489 4192; x_wconf 87' lang='lat' dir='ltr'>coloniae</span> <span class='ocrx_word' id='word_1_402' title='bbox 1509 4141 1533 4189; x_wconf 99' lang='lat' dir='ltr'><em>L</em></span> 
     </span>
     <span class='ocr_line' id='line_1_39' title="bbox 316 4211 1533 4278; baseline -0.003 -15"><span class='ocrx_word' id='word_1_403' title='bbox 316 4212 349 4263; x_wconf 82' lang='lat'>18</span> <span class='ocrx_word' id='word_1_404' title='bbox 366 4211 434 4261; x_wconf 86' lang='lat' dir='ltr'>ualet</span> <span class='ocrx_word' id='word_1_405' title='bbox 449 4213 493 4278; x_wconf 85' lang='lat' dir='ltr'>plir</span> <span class='ocrx_word' id='word_1_406' title='bbox 506 4213 691 4278; x_wconf 82' lang='lat' dir='ltr'>(superscripto</span> <span class='ocrx_word' id='word_1_407' title='bbox 705 4212 735 4276; x_wconf 90' lang='lat' dir='ltr'>li)</span> <span class='ocrx_word' id='word_1_408' title='bbox 755 4230 884 4263; x_wconf 82' lang='lat' dir='ltr'>rrarmerum</span> <span class='ocrx_word' id='word_1_409' title='bbox 898 4215 1026 4277; x_wconf 89' lang='lat' dir='ltr'>antiquam</span> <span class='ocrx_word' id='word_1_410' title='bbox 1042 4215 1162 4262; x_wconf 88' lang='lat' dir='ltr'>rationem</span> <span class='ocrx_word' id='word_1_411' title='bbox 1179 4213 1210 4261; x_wconf 90' lang='lat' dir='ltr'><em>M</em></span> <span class='ocrx_word' id='word_1_412' title='bbox 1226 4213 1292 4261; x_wconf 80' lang='lat' dir='ltr'>violet</span> <span class='ocrx_word' id='word_1_413' title='bbox 1306 4212 1416 4276; x_wconf 81' lang='lat' dir='ltr'>ploratis</span> <span class='ocrx_word' id='word_1_414' title='bbox 1435 4213 1533 4261; x_wconf 83' lang='lat' dir='ltr'>numeri</span> 
     </span>
     <span class='ocr_line' id='line_1_40' title="bbox 246 4281 1532 4347; baseline -0.002 -16"><span class='ocrx_word' id='word_1_415' title='bbox 246 4281 375 4345; x_wconf 85' lang='lat' dir='ltr'>antiquam</span> <span class='ocrx_word' id='word_1_416' title='bbox 395 4283 518 4332; x_wconf 88' lang='lat' dir='ltr'>rationem</span> <span class='ocrx_word' id='word_1_417' title='bbox 537 4284 561 4331; x_wconf 93' lang='lat' dir='ltr'><em>L</em></span> <span class='ocrx_word' id='word_1_418' title='bbox 580 4283 645 4332; x_wconf 92' lang='lat' dir='ltr'>ualet</span> <span class='ocrx_word' id='word_1_419' title='bbox 666 4283 770 4347; x_wconf 86' lang='lat' dir='ltr'>pluralis</span> <span class='ocrx_word' id='word_1_420' title='bbox 790 4285 887 4333; x_wconf 77' lang='lat' dir='ltr'>ricimeri</span> <span class='ocrx_word' id='word_1_421' title='bbox 910 4284 1038 4346; x_wconf 88' lang='lat' dir='ltr'>antiquam</span> <span class='ocrx_word' id='word_1_422' title='bbox 1057 4284 1251 4332; x_wconf 85' lang='lat' dir='ltr'>declinationem</span> <span class='ocrx_word' id='word_1_423' title='bbox 1271 4283 1295 4330; x_wconf 90' lang='lat' dir='ltr'><em>B</em></span> <span class='ocrx_word' id='word_1_424' title='bbox 1315 4283 1389 4334; x_wconf 80' lang='lat' dir='ltr'>tralet,</span> <span class='ocrx_word' id='word_1_425' title='bbox 1411 4282 1532 4345; x_wconf 86' lang='lat' dir='ltr'>pluralem</span> 
     </span>
     <span class='ocr_line' id='line_1_41' title="bbox 246 4349 1532 4414; baseline -0.002 -13"><span class='ocrx_word' id='word_1_426' title='bbox 246 4367 378 4401; x_wconf 86' lang='lat' dir='ltr'>numerum</span> <span class='ocrx_word' id='word_1_427' title='bbox 397 4354 500 4414; x_wconf 78' lang='lat' dir='ltr'>avitique</span> <span class='ocrx_word' id='word_1_428' title='bbox 519 4355 615 4402; x_wconf 89' lang='lat' dir='ltr'>ratione</span> <span class='ocrx_word' id='word_1_429' title='bbox 632 4352 772 4402; x_wconf 84' lang='lat' dir='ltr'>Sichcrdus</span> <span class='ocrx_word' id='word_1_430' title='bbox 847 4351 881 4402; x_wconf 76' lang='lat'>20</span> <span class='ocrx_word' id='word_1_431' title='bbox 898 4370 957 4402; x_wconf 84' lang='lat' dir='ltr'>casu</span> <span class='ocrx_word' id='word_1_432' title='bbox 980 4370 1026 4407; x_wconf 76' lang='lat' dir='ltr'>aaa,</span> <span class='ocrx_word' id='word_1_433' title='bbox 1046 4353 1109 4403; x_wconf 85' lang='grc' dir='ltr'>ΒΜ</span> <span class='ocrx_word' id='word_1_434' title='bbox 1116 4353 1140 4401; x_wconf 88' lang='lat' dir='ltr'><em>L</em></span> <span class='ocrx_word' id='word_1_435' title='bbox 1214 4349 1338 4413; x_wconf 84' lang='lat' dir='ltr'>obtinent]</span> <span class='ocrx_word' id='word_1_436' title='bbox 1359 4351 1453 4401; x_wconf 86' lang='lat' dir='ltr'>habent</span> <span class='ocrx_word' id='word_1_437' title='bbox 1471 4351 1532 4399; x_wconf 90' lang='lat' dir='ltr'>ML</span> 
     </span>
     <span class='ocr_line' id='line_1_42' title="bbox 315 4419 1533 4488; baseline -0.004 -15"><span class='ocrx_word' id='word_1_438' title='bbox 315 4423 347 4473; x_wconf 77' lang='lat'>21</span> <span class='ocrx_word' id='word_1_439' title='bbox 367 4437 424 4471; x_wconf 91' lang='lat' dir='ltr'>uam</span> <span class='ocrx_word' id='word_1_440' title='bbox 445 4423 467 4472; x_wconf 91' lang='lat' dir='ltr'>si</span> <span class='ocrx_word' id='word_1_441' title='bbox 487 4423 641 4488; x_wconf 87' lang='lat' dir='ltr'>productae</span> <span class='ocrx_word' id='word_1_442' title='bbox 664 4422 746 4472; x_wconf 87' lang='lat' dir='ltr'>littera</span> <span class='ocrx_word' id='word_1_443' title='bbox 766 4424 859 4472; x_wconf 85' lang='lat' dir='ltr'>luerint</span> <span class='ocrx_word' id='word_1_444' title='bbox 878 4426 901 4473; x_wconf 92' lang='lat' dir='ltr'>io</span> <span class='ocrx_word' id='word_1_445' title='bbox 922 4438 975 4472; x_wconf 88' lang='lat' dir='ltr'>rum</span> <span class='ocrx_word' id='word_1_446' title='bbox 994 4425 1096 4472; x_wconf 87' lang='lat' dir='ltr'>mittunt</span> <span class='ocrx_word' id='word_1_447' title='bbox 1113 4422 1136 4469; x_wconf 93' lang='lat' dir='ltr'><em>L</em></span> <span class='ocrx_word' id='word_1_448' title='bbox 1155 4439 1212 4472; x_wconf 87' lang='lat' dir='ltr'>nam</span> <span class='ocrx_word' id='word_1_449' title='bbox 1232 4423 1253 4470; x_wconf 87' lang='lat' dir='ltr'>si</span> <span class='ocrx_word' id='word_1_450' title='bbox 1277 4420 1399 4486; x_wconf 87' lang='lat' dir='ltr'>producta</span> <span class='ocrx_word' id='word_1_451' title='bbox 1416 4438 1430 4469; x_wconf 89' lang='lat' dir='ltr'>e</span> <span class='ocrx_word' id='word_1_452' title='bbox 1450 4419 1533 4470; x_wconf 84' lang='lat' dir='ltr'>littera</span> 
     </span>
     <span class='ocr_line' id='line_1_43' title="bbox 247 4491 1533 4557; baseline -0.002 -16"><span class='ocrx_word' id='word_1_453' title='bbox 247 4492 365 4543; x_wconf 78' lang='lat' dir='ltr'>fueritin</span> <span class='ocrx_word' id='word_1_454' title='bbox 386 4508 440 4542; x_wconf 88' lang='lat' dir='ltr'>rum</span> <span class='ocrx_word' id='word_1_455' title='bbox 460 4493 533 4541; x_wconf 85' lang='lat' dir='ltr'>mittit</span> <span class='ocrx_word' id='word_1_456' title='bbox 548 4494 581 4543; x_wconf 92' lang='lat' dir='ltr'><em>M</em></span> <span class='ocrx_word' id='word_1_457' title='bbox 597 4507 652 4541; x_wconf 79' lang='lat' dir='ltr'>viam</span> <span class='ocrx_word' id='word_1_458' title='bbox 673 4494 694 4542; x_wconf 87' lang='lat' dir='ltr'>si</span> <span class='ocrx_word' id='word_1_459' title='bbox 718 4494 841 4557; x_wconf 88' lang='lat' dir='ltr'>producta</span> <span class='ocrx_word' id='word_1_460' title='bbox 859 4503 895 4544; x_wconf 91' lang='lat' dir='ltr'>est</span> <span class='ocrx_word' id='word_1_461' title='bbox 915 4510 928 4542; x_wconf 89' lang='lat' dir='ltr'>e</span> <span class='ocrx_word' id='word_1_462' title='bbox 948 4492 1030 4542; x_wconf 89' lang='lat' dir='ltr'>littera</span> <span class='ocrx_word' id='word_1_463' title='bbox 1049 4493 1073 4540; x_wconf 90' lang='lat' dir='ltr'>iu</span> <span class='ocrx_word' id='word_1_464' title='bbox 1093 4508 1149 4542; x_wconf 87' lang='lat' dir='ltr'>rum</span> <span class='ocrx_word' id='word_1_465' title='bbox 1169 4492 1244 4542; x_wconf 79' lang='lat' dir='ltr'>rsrittit</span> <span class='ocrx_word' id='word_1_466' title='bbox 1261 4491 1285 4540; x_wconf 85' lang='lat' dir='ltr'><em>B</em></span> <span class='ocrx_word' id='word_1_467' title='bbox 1355 4493 1389 4540; x_wconf 79' lang='lat'>‘2¹2</span> <span class='ocrx_word' id='word_1_468' title='bbox 1403 4491 1489 4556; x_wconf 89' lang='lat' dir='ltr'>specie</span> <span class='ocrx_word' id='word_1_469' title='bbox 1508 4498 1533 4539; x_wconf 90' lang='lat' dir='ltr'>et</span> 
     </span>
     <span class='ocr_line' id='line_1_44' title="bbox 246 4560 1532 4628; baseline 0 -18"><span class='ocrx_word' id='word_1_470' title='bbox 246 4562 344 4625; x_wconf 83' lang='lat' dir='ltr'>reliqua</span> <span class='ocrx_word' id='word_1_471' title='bbox 359 4577 423 4625; x_wconf 87' lang='lat' dir='ltr'>quae</span> <span class='ocrx_word' id='word_1_472' title='bbox 438 4562 492 4612; x_wconf 90' lang='lat' dir='ltr'>BL</span> <span class='ocrx_word' id='word_1_473' title='bbox 580 4563 613 4611; x_wconf 79' lang='lat'>24</span> <span class='ocrx_word' id='word_1_474' title='bbox 634 4562 745 4613; x_wconf 89' lang='lat' dir='ltr'>ablatiuo</span> <span class='ocrx_word' id='word_1_475' title='bbox 762 4564 885 4628; x_wconf 85' lang='lat' dir='ltr'>singulari</span> <span class='ocrx_word' id='word_1_476' title='bbox 907 4563 1009 4612; x_wconf 76' lang='lat' dir='ltr'>crumina</span> <span class='ocrx_word' id='word_1_477' title='bbox 1026 4578 1072 4613; x_wconf 90' lang='lat' dir='ltr'>om.</span> <span class='ocrx_word' id='word_1_478' title='bbox 1092 4563 1146 4612; x_wconf 88' lang='lat' dir='ltr'>BL</span> <span class='ocrx_word' id='word_1_479' title='bbox 1234 4560 1450 4612; x_wconf 69' lang='lat' dir='ltr'>tutassent:</span> <span class='ocrx_word' id='word_1_480' title='bbox 1470 4575 1532 4610; x_wconf 86' lang='lat' dir='ltr'>uase</span> 
     </span>
     <span class='ocr_line' id='line_1_45' title="bbox 245 4630 1462 4697; baseline -0.002 -16"><span class='ocrx_word' id='word_1_481' title='bbox 245 4633 308 4681; x_wconf 88' lang='lat' dir='ltr'>haec</span> <span class='ocrx_word' id='word_1_482' title='bbox 325 4633 467 4697; x_wconf 84' lang='lat' dir='ltr'>genitiuum</span> <span class='ocrx_word' id='word_1_483' title='bbox 486 4631 511 4680; x_wconf 90' lang='lat' dir='ltr'><em>B</em></span> <span class='ocrx_word' id='word_1_484' title='bbox 580 4647 713 4681; x_wconf 89' lang='lat' dir='ltr'>uassorum</span> <span class='ocrx_word' id='word_1_485' title='bbox 733 4633 756 4680; x_wconf 93' lang='lat' dir='ltr'><em>L</em></span> <span class='ocrx_word' id='word_1_486' title='bbox 776 4648 893 4683; x_wconf 89' lang='lat' dir='ltr'>uasorum</span> <span class='ocrx_word' id='word_1_487' title='bbox 913 4648 981 4685; x_wconf 85' lang='lat' dir='ltr'>corr.</span> <span class='ocrx_word' id='word_1_488' title='bbox 1003 4647 1135 4682; x_wconf 87' lang='lat' dir='ltr'>nassorum</span> <span class='ocrx_word' id='word_1_489' title='bbox 1155 4633 1186 4682; x_wconf 95' lang='lat' dir='ltr'><em>M</em></span> <span class='ocrx_word' id='word_1_490' title='bbox 1254 4630 1287 4681; x_wconf 81' lang='lat'>29</span> <span class='ocrx_word' id='word_1_491' title='bbox 1304 4632 1387 4680; x_wconf 86' lang='lat' dir='ltr'>nassis</span> <span class='ocrx_word' id='word_1_492' title='bbox 1401 4630 1462 4680; x_wconf 89' lang='lat' dir='ltr'>ML</span> 
     </span>
     <span class='ocr_line' id='line_1_46' title="bbox 245 4699 1532 4767; baseline -0.002 -17"><span class='ocrx_word' id='word_1_493' title='bbox 245 4701 291 4750; x_wconf 85' lang='lat' dir='ltr'>sed</span> <span class='ocrx_word' id='word_1_494' title='bbox 310 4712 334 4750; x_wconf 88' lang='lat' dir='ltr'>et</span> <span class='ocrx_word' id='word_1_495' title='bbox 349 4701 390 4751; x_wconf 90' lang='lat' dir='ltr'>hic</span> <span class='ocrx_word' id='word_1_496' title='bbox 409 4703 484 4751; x_wconf 86' lang='lat' dir='ltr'>etiam</span> <span class='ocrx_word' id='word_1_497' title='bbox 501 4699 644 4765; x_wconf 86' lang='lat' dir='ltr'>euphoniae</span> <span class='ocrx_word' id='word_1_498' title='bbox 657 4703 681 4751; x_wconf 89' lang='lat' dir='ltr'><em>B</em></span> <span class='ocrx_word' id='word_1_499' title='bbox 696 4704 741 4752; x_wconf 87' lang='lat' dir='ltr'>scd</span> <span class='ocrx_word' id='word_1_500' title='bbox 757 4713 780 4751; x_wconf 88' lang='lat' dir='ltr'>et</span> <span class='ocrx_word' id='word_1_501' title='bbox 796 4701 858 4753; x_wconf 88' lang='lat' dir='ltr'>haec</span> <span class='ocrx_word' id='word_1_502' title='bbox 876 4702 964 4752; x_wconf 86' lang='lat' dir='ltr'>eadem</span> <span class='ocrx_word' id='word_1_503' title='bbox 981 4702 1124 4767; x_wconf 86' lang='lat' dir='ltr'>euphoniae</span> <span class='ocrx_word' id='word_1_504' title='bbox 1141 4703 1164 4751; x_wconf 92' lang='lat' dir='ltr'><em>L</em></span> <span class='ocrx_word' id='word_1_505' title='bbox 1215 4700 1250 4751; x_wconf 88' lang='grc'>30</span> <span class='ocrx_word' id='word_1_506' title='bbox 1268 4701 1334 4750; x_wconf 88' lang='lat' dir='ltr'>enim</span> <span class='ocrx_word' id='word_1_507' title='bbox 1352 4709 1377 4749; x_wconf 86' lang='lat' dir='ltr'>et</span> <span class='ocrx_word' id='word_1_508' title='bbox 1392 4700 1532 4749; x_wconf 90' lang='lat' dir='ltr'>ablatiuum</span> 
     </span>
     <span class='ocr_line' id='line_1_47' title="bbox 247 4770 1532 4835; baseline -0.002 -15"><span class='ocrx_word' id='word_1_509' title='bbox 247 4770 279 4820; x_wconf 89' lang='lat' dir='ltr'><em>M</em></span> <span class='ocrx_word' id='word_1_510' title='bbox 346 4771 377 4819; x_wconf 89' lang='lat' dir='ltr'>ab</span> <span class='ocrx_word' id='word_1_511' title='bbox 399 4771 447 4820; x_wconf 90' lang='lat' dir='ltr'>hoc</span> <span class='ocrx_word' id='word_1_512' title='bbox 467 4786 543 4820; x_wconf 88' lang='lat' dir='ltr'>uasso</span> <span class='ocrx_word' id='word_1_513' title='bbox 564 4785 612 4818; x_wconf 90' lang='grc' dir='ltr'>ιιοιι</span> <span class='ocrx_word' id='word_1_514' title='bbox 635 4772 665 4818; x_wconf 92' lang='lat' dir='ltr'>ab</span> <span class='ocrx_word' id='word_1_515' title='bbox 685 4771 732 4820; x_wconf 90' lang='lat' dir='ltr'>hoc</span> <span class='ocrx_word' id='word_1_516' title='bbox 752 4786 826 4821; x_wconf 76' lang='lat' dir='ltr'>crasse</span> <span class='ocrx_word' id='word_1_517' title='bbox 845 4773 905 4822; x_wconf 90' lang='lat' dir='ltr'>ML</span> <span class='ocrx_word' id='word_1_518' title='bbox 975 4772 1010 4822; x_wconf 83' lang='grc'>34</span> <span class='ocrx_word' id='word_1_519' title='bbox 1028 4781 1111 4821; x_wconf 88' lang='lat' dir='ltr'>autem</span> <span class='ocrx_word' id='word_1_520' title='bbox 1130 4788 1176 4822; x_wconf 86' lang='lat' dir='ltr'>om.</span> <span class='ocrx_word' id='word_1_521' title='bbox 1196 4771 1220 4820; x_wconf 87' lang='lat' dir='ltr'><em>B</em></span> <span class='ocrx_word' id='word_1_522' title='bbox 1289 4771 1403 4835; x_wconf 87' lang='lat' dir='ltr'>plerique</span> <span class='ocrx_word' id='word_1_523' title='bbox 1421 4784 1449 4818; x_wconf 87' lang='lat' dir='ltr'>se</span> <span class='ocrx_word' id='word_1_524' title='bbox 1466 4771 1532 4818; x_wconf 86' lang='lat' dir='ltr'>auti-</span> 
     </span>
     <span class='ocr_line' id='line_1_48' title="bbox 247 4839 1477 4906; baseline 0.001 -18"><span class='ocrx_word' id='word_1_525' title='bbox 247 4840 365 4902; x_wconf 88' lang='lat' dir='ltr'>quitatem</span> <span class='ocrx_word' id='word_1_526' title='bbox 384 4842 547 4891; x_wconf 77' lang='lat' dir='ltr'>aestimantes</span> <span class='ocrx_word' id='word_1_527' title='bbox 565 4841 637 4903; x_wconf 87' lang='lat' dir='ltr'>sequi</span> <span class='ocrx_word' id='word_1_528' title='bbox 656 4841 687 4889; x_wconf 93' lang='lat' dir='ltr'><em>M</em></span> <span class='ocrx_word' id='word_1_529' title='bbox 702 4841 817 4906; x_wconf 86' lang='lat' dir='ltr'>plerique</span> <span class='ocrx_word' id='word_1_530' title='bbox 835 4857 863 4891; x_wconf 82' lang='lat' dir='ltr'>se</span> <span class='ocrx_word' id='word_1_531' title='bbox 882 4842 1056 4903; x_wconf 87' lang='lat' dir='ltr'>antiquitatem</span> <span class='ocrx_word' id='word_1_532' title='bbox 1073 4843 1146 4906; x_wconf 89' lang='lat' dir='ltr'>sequi</span> <span class='ocrx_word' id='word_1_533' title='bbox 1165 4841 1320 4892; x_wconf 87' lang='lat' dir='ltr'>destinantes</span> <span class='ocrx_word' id='word_1_534' title='bbox 1338 4839 1477 4891; x_wconf 84' lang='lat' dir='ltr'>Sicbardus</span> 
     </span>
    </p>
   </div>
   <div class='ocr_carea' id='block_1_5' title="bbox 0 0 1678 5498">
    <p class='ocr_par' dir='ltr' id='par_1_5' title="bbox 0 0 1678 5498">
     <span class='ocr_line' id='line_1_49' title="bbox 0 0 1678 5498; baseline 0 1"><span class='ocrx_word' id='word_1_535' title='bbox 0 0 1678 5498; x_wconf 95' lang='lat' dir='ltr'> </span> 
     </span>
    </p>
   </div>
  </div>
 </body>
</html>
