<?xml version="1.0" encoding="UTF-8"?>
<!DOCTYPE html PUBLIC "-//W3C//DTD XHTML 1.0 Transitional//EN"
    "http://www.w3.org/TR/xhtml1/DTD/xhtml1-transitional.dtd">
<html xmlns="http://www.w3.org/1999/xhtml" xml:lang="en" lang="en">
 <head>
  <title>
</title>
<meta http-equiv="Content-Type" content="text/html;charset=utf-8" />
  <meta name='ocr-system' content='tesseract 3.04.00' />
  <meta name='ocr-capabilities' content='ocr_page ocr_carea ocr_par ocr_line ocrx_word'/>
</head>
<body>
  <div class='ocr_page' id='page_1' title='image "./grammaticilatin03keilgoog_0183.png"; bbox 0 0 3346 5498; ppageno 0'>
   <div class='ocr_carea' id='block_1_1' title="bbox 277 376 1000 443">
    <p class='ocr_par' dir='ltr' id='par_1_1' title="bbox 277 376 1000 443">
     <span class='ocr_line' id='line_1_1' title="bbox 277 376 1000 443; baseline 0 -1"><span class='ocrx_word' id='word_1_1' title='bbox 277 376 338 442; x_wconf 79' lang='lat'><strong>170</strong></span> <span class='ocrx_word' id='word_1_2' title='bbox 488 384 489 388; x_wconf 75' lang='grc'>’</span> <span class='ocrx_word' id='word_1_3' title='bbox 845 380 1000 443; x_wconf 86' lang='lat' dir='ltr'><strong>POMPEll</strong></span> 
     </span>
    </p>
   </div>
   <div class='ocr_carea' id='block_1_2' title="bbox 156 490 1606 3100">
    <p class='ocr_par' dir='ltr' id='par_1_2' title="bbox 274 490 1565 752">
     <span class='ocr_line' id='line_1_2' title="bbox 300 490 459 556; baseline -0.025 -24"><span class='ocrx_word' id='word_1_4' title='bbox 300 490 459 556; x_wconf 56' lang='lat' dir='ltr'><strong>plui—6914.</strong></span> 
     </span>
     <span class='ocr_line' id='line_1_3' title="bbox 274 569 1565 651; baseline -0.002 -19"><span class='ocrx_word' id='word_1_5' title='bbox 274 574 391 649; x_wconf 82' lang='lat' dir='ltr'><strong>tingunt</strong></span> <span class='ocrx_word' id='word_1_6' title='bbox 418 572 488 630; x_wconf 91' lang='lat' dir='ltr'><strong>item</strong></span> <span class='ocrx_word' id='word_1_7' title='bbox 515 569 635 629; x_wconf 84' lang='lat' dir='ltr'><strong>nomina</strong></span> <span class='ocrx_word' id='word_1_8' title='bbox 668 587 743 649; x_wconf 87' lang='lat' dir='ltr'><strong>quae</strong></span> <span class='ocrx_word' id='word_1_9' title='bbox 771 571 935 648; x_wconf 88' lang='lat' dir='ltr'><strong>posteriore</strong></span> <span class='ocrx_word' id='word_1_10' title='bbox 968 579 1052 651; x_wconf 84' lang='lat' dir='ltr'><strong>parte</strong></span> <span class='ocrx_word' id='word_1_11' title='bbox 1080 569 1279 642; x_wconf 79' lang='lat' dir='ltr'>declinantur,</span> <span class='ocrx_word' id='word_1_12' title='bbox 1310 579 1339 632; x_wconf 90' lang='lat' dir='ltr'><strong>et</strong></span> <span class='ocrx_word' id='word_1_13' title='bbox 1366 572 1466 650; x_wconf 78' lang='lat' dir='ltr'><strong>priore</strong></span> <span class='ocrx_word' id='word_1_14' title='bbox 1496 589 1565 640; x_wconf 91' lang='lat' dir='ltr'><strong>non,</strong></span> 
     </span>
     <span class='ocr_line' id='line_1_4' title="bbox 274 675 543 752; baseline -0.011 -16"><span class='ocrx_word' id='word_1_15' title='bbox 274 684 306 736; x_wconf 90' lang='lat' dir='ltr'><strong>ut</strong></span> <span class='ocrx_word' id='word_1_16' title='bbox 328 676 400 735; x_wconf 89' lang='lat' dir='ltr'><strong>iuris</strong></span> <span class='ocrx_word' id='word_1_17' title='bbox 422 675 543 752; x_wconf 88' lang='lat' dir='ltr'><strong>peritus.</strong></span> 
     </span>
    </p>

    <p class='ocr_par' dir='ltr' id='par_1_3' title="bbox 156 774 1596 1370">
     <span class='ocr_line' id='line_1_5' title="bbox 156 774 1567 863; baseline 0.001 -28"><span class='ocrx_word' id='word_1_18' title='bbox 156 777 261 835; x_wconf 55' lang='grc' dir='ltr'><strong>ΒΗΘ</strong></span> <span class='ocrx_word' id='word_1_19' title='bbox 357 775 448 863; x_wconf 84' lang='lat' dir='ltr'><strong>Plane</strong></span> <span class='ocrx_word' id='word_1_20' title='bbox 475 774 555 844; x_wconf 82' lang='lat' dir='ltr'><strong>vide,</strong></span> <span class='ocrx_word' id='word_1_21' title='bbox 585 794 644 854; x_wconf 86' lang='lat' dir='ltr'><strong>qun</strong></span> <span class='ocrx_word' id='word_1_22' title='bbox 672 774 760 835; x_wconf 90' lang='lat' dir='ltr'><strong>modo</strong></span> <span class='ocrx_word' id='word_1_23' title='bbox 790 774 861 835; x_wconf 90' lang='lat' dir='ltr'><strong>dicit</strong></span> <span class='ocrx_word' id='word_1_24' title='bbox 889 775 945 836; x_wconf 89' lang='lat' dir='ltr'><strong>sihi</strong></span> <span class='ocrx_word' id='word_1_25' title='bbox 973 774 1069 855; x_wconf 82' lang='lat' dir='ltr'><strong>aliqua</strong></span> <span class='ocrx_word' id='word_1_26' title='bbox 1098 778 1255 837; x_wconf 82' lang='lat' dir='ltr'><strong>contrariu.</strong></span> <span class='ocrx_word' id='word_1_27' title='bbox 1300 778 1338 837; x_wconf 86' lang='lat' dir='ltr'><strong>ait</strong></span> <span class='ocrx_word' id='word_1_28' title='bbox 1366 778 1423 845; x_wconf 88' lang='lat' dir='ltr'><strong>sic,</strong></span> <span class='ocrx_word' id='word_1_29' title='bbox 1456 777 1567 854; x_wconf 79' lang='lat' dir='ltr'><strong>‘figura</strong></span> 
     </span>
     <span class='ocr_line' id='line_1_6' title="bbox 273 877 1568 958; baseline -0.001 -19"><span class='ocrx_word' id='word_1_30' title='bbox 273 896 348 957; x_wconf 81' lang='lat' dir='ltr'><strong>quae</strong></span> <span class='ocrx_word' id='word_1_31' title='bbox 377 879 530 957; x_wconf 88' lang='lat' dir='ltr'><strong>conposita</strong></span> <span class='ocrx_word' id='word_1_32' title='bbox 559 885 604 937; x_wconf 87' lang='lat' dir='ltr'><strong>est</strong></span> <span class='ocrx_word' id='word_1_33' title='bbox 631 877 729 938; x_wconf 87' lang='lat' dir='ltr'><strong>denuo</strong></span> <span class='ocrx_word' id='word_1_34' title='bbox 759 880 887 956; x_wconf 90' lang='lat' dir='ltr'><strong>conponi</strong></span> <span class='ocrx_word' id='word_1_35' title='bbox 915 897 974 939; x_wconf 93' lang='lat' dir='ltr'><strong>non</strong></span> <span class='ocrx_word' id='word_1_36' title='bbox 1004 882 1128 957; x_wconf 88' lang='lat' dir='ltr'><strong>potest&#39;.</strong></span> <span class='ocrx_word' id='word_1_37' title='bbox 1173 887 1206 939; x_wconf 95' lang='lat' dir='ltr'><strong>ut</strong></span> <span class='ocrx_word' id='word_1_38' title='bbox 1240 885 1310 958; x_wconf 83' lang='lat' dir='ltr'><strong>putu</strong></span> <span class='ocrx_word' id='word_1_39' title='bbox 1345 877 1414 938; x_wconf 80' lang='lat' dir='ltr'>felix</span> <span class='ocrx_word' id='word_1_40' title='bbox 1442 878 1568 958; x_wconf 80' lang='lat' dir='ltr'>simplex</span> 
     </span>
     <span class='ocr_line' id='line_1_7' title="bbox 274 977 1596 1060; baseline 0.002 -20"><span class='ocrx_word' id='word_1_41' title='bbox 274 988 330 1041; x_wconf 91' lang='lat' dir='ltr'><strong>est:</strong></span> <span class='ocrx_word' id='word_1_42' title='bbox 360 997 509 1059; x_wconf 85' lang='lat' dir='ltr'><strong>conpone,</strong></span> <span class='ocrx_word' id='word_1_43' title='bbox 539 977 659 1039; x_wconf 75' lang='lat' dir='ltr'><strong>infelix:</strong></span> <span class='ocrx_word' id='word_1_44' title='bbox 688 981 745 1040; x_wconf 84' lang='lat' dir='ltr'><strong>iam</strong></span> <span class='ocrx_word' id='word_1_45' title='bbox 774 979 898 1041; x_wconf 92' lang='lat' dir='ltr'><strong>ulterius</strong></span> <span class='ocrx_word' id='word_1_46' title='bbox 921 998 980 1040; x_wconf 92' lang='lat' dir='ltr'><strong>uon</strong></span> <span class='ocrx_word' id='word_1_47' title='bbox 1003 989 1088 1059; x_wconf 91' lang='lat' dir='ltr'><strong>potes</strong></span> <span class='ocrx_word' id='word_1_48' title='bbox 1110 998 1291 1060; x_wconf 80' lang='lat' dir='ltr'><strong>conponere.</strong></span> <span class='ocrx_word' id='word_1_49' title='bbox 1335 989 1364 1041; x_wconf 90' lang='lat' dir='ltr'><strong>ct</strong></span> <span class='ocrx_word' id='word_1_50' title='bbox 1386 981 1474 1041; x_wconf 81' lang='lat' dir='ltr'><strong>titudo</strong></span> <span class='ocrx_word' id='word_1_51' title='bbox 1497 981 1596 1042; x_wconf 82' lang='lat' dir='ltr'><strong>dicits</strong></span> 
     </span>
     <span class='ocr_line' id='line_1_8' title="bbox 273 1080 1568 1163; baseline 0.001 -21"><span class='ocrx_word' id='word_1_52' title='bbox 273 1081 361 1142; x_wconf 74' lang='lat' dir='ltr'><strong>‘licet</strong></span> <span class='ocrx_word' id='word_1_53' title='bbox 383 1081 469 1142; x_wconf 86' lang='lat' dir='ltr'><strong>nohis</strong></span> <span class='ocrx_word' id='word_1_54' title='bbox 492 1083 580 1141; x_wconf 86' lang='lat' dir='ltr'><strong>etiarn</strong></span> <span class='ocrx_word' id='word_1_55' title='bbox 604 1100 640 1141; x_wconf 85' lang='lat' dir='ltr'><strong>ex</strong></span> <span class='ocrx_word' id='word_1_56' title='bbox 662 1080 795 1161; x_wconf 92' lang='lat' dir='ltr'><strong>pluribus</strong></span> <span class='ocrx_word' id='word_1_57' title='bbox 818 1101 1004 1161; x_wconf 85' lang='lat' dir='ltr'><strong>conponere,</strong></span> <span class='ocrx_word' id='word_1_58' title='bbox 1028 1091 1061 1143; x_wconf 90' lang='lat' dir='ltr'><strong>ut</strong></span> <span class='ocrx_word' id='word_1_59' title='bbox 1082 1084 1319 1162; x_wconf 89' lang='lat' dir='ltr'><strong>inperterritus&#39;.</strong></span> <span class='ocrx_word' id='word_1_60' title='bbox 1354 1085 1380 1143; x_wconf 92' lang='lat' dir='ltr'><strong>si</strong></span> <span class='ocrx_word' id='word_1_61' title='bbox 1402 1083 1473 1145; x_wconf 90' lang='lat' dir='ltr'><strong>dicit</strong></span> <span class='ocrx_word' id='word_1_62' title='bbox 1495 1102 1568 1163; x_wconf 86' lang='lat' dir='ltr'><strong>quo·</strong></span> 
     </span>
     <span class='ocr_line' id='line_1_9' title="bbox 274 1185 1569 1265; baseline 0.001 -20"><span class='ocrx_word' id='word_1_63' title='bbox 274 1186 352 1245; x_wconf 83' lang='lat' dir='ltr'><strong>uiam</strong></span> <span class='ocrx_word' id='word_1_64' title='bbox 375 1185 468 1262; x_wconf 83' lang='lat' dir='ltr'><strong>ligura</strong></span> <span class='ocrx_word' id='word_1_65' title='bbox 492 1185 643 1263; x_wconf 82' lang='lat' dir='ltr'><strong>conposita</strong></span> <span class='ocrx_word' id='word_1_66' title='bbox 666 1202 725 1245; x_wconf 92' lang='lat' dir='ltr'><strong>uon</strong></span> <span class='ocrx_word' id='word_1_67' title='bbox 748 1191 845 1265; x_wconf 88' lang='lat' dir='ltr'><strong>potest</strong></span> <span class='ocrx_word' id='word_1_68' title='bbox 867 1187 1005 1263; x_wconf 92' lang='lat' dir='ltr'><strong>conponi,</strong></span> <span class='ocrx_word' id='word_1_69' title='bbox 1022 1204 1080 1265; x_wconf 83' lang='lat' dir='ltr'><strong>quo</strong></span> <span class='ocrx_word' id='word_1_70' title='bbox 1103 1185 1191 1246; x_wconf 90' lang='lat' dir='ltr'><strong>modo</strong></span> <span class='ocrx_word' id='word_1_71' title='bbox 1214 1193 1313 1265; x_wconf 88' lang='lat' dir='ltr'><strong>potest</strong></span> <span class='ocrx_word' id='word_1_72' title='bbox 1333 1203 1392 1247; x_wconf 84' lang='lat' dir='ltr'><strong>una</strong></span> <span class='ocrx_word' id='word_1_73' title='bbox 1414 1186 1507 1263; x_wconf 77' lang='lat' dir='ltr'><strong>ligura</strong></span> <span class='ocrx_word' id='word_1_74' title='bbox 1531 1186 1569 1246; x_wconf 88' lang='lat' dir='ltr'><strong>de</strong></span> 
     </span>
     <span class='ocr_line' id='line_1_10' title="bbox 272 1285 1567 1370; baseline 0.002 -22"><span class='ocrx_word' id='word_1_75' title='bbox 272 1286 406 1368; x_wconf 88' lang='lat' dir='ltr'><strong>pluribus</strong></span> <span class='ocrx_word' id='word_1_76' title='bbox 429 1287 576 1365; x_wconf 74' lang='lat' dir='ltr'><strong>conponi?</strong></span> <span class='ocrx_word' id='word_1_77' title='bbox 608 1304 667 1347; x_wconf 90' lang='lat' dir='ltr'><strong>nnn</strong></span> <span class='ocrx_word' id='word_1_78' title='bbox 691 1288 769 1346; x_wconf 88' lang='lat' dir='ltr'><strong>eninr</strong></span> <span class='ocrx_word' id='word_1_79' title='bbox 792 1294 891 1365; x_wconf 90' lang='lat' dir='ltr'><strong>potest</strong></span> <span class='ocrx_word' id='word_1_80' title='bbox 912 1285 948 1346; x_wconf 91' lang='lat' dir='ltr'><strong>de</strong></span> <span class='ocrx_word' id='word_1_81' title='bbox 972 1286 1104 1365; x_wconf 85' lang='lat' dir='ltr'><strong>pluribus</strong></span> <span class='ocrx_word' id='word_1_82' title='bbox 1127 1289 1270 1366; x_wconf 90' lang='lat' dir='ltr'><strong>conponi,</strong></span> <span class='ocrx_word' id='word_1_83' title='bbox 1295 1289 1351 1348; x_wconf 92' lang='lat' dir='ltr'><strong>nisi</strong></span> <span class='ocrx_word' id='word_1_84' title='bbox 1373 1290 1431 1349; x_wconf 85' lang='lat' dir='ltr'><strong>iam</strong></span> <span class='ocrx_word' id='word_1_85' title='bbox 1455 1308 1567 1370; x_wconf 90' lang='lat' dir='ltr'><strong>conpo-</strong></span> 
     </span>
    </p>

    <p class='ocr_par' dir='ltr' id='par_1_4' title="bbox 202 1387 1606 3100">
     <span class='ocr_line' id='line_1_11' title="bbox 202 1387 1567 1471; baseline 0.001 -21"><span class='ocrx_word' id='word_1_86' title='bbox 202 1465 207 1468; x_wconf 76' lang='lat'><em>.</em></span> <span class='ocrx_word' id='word_1_87' title='bbox 272 1392 360 1451; x_wconf 87' lang='lat' dir='ltr'><strong>situm</strong></span> <span class='ocrx_word' id='word_1_88' title='bbox 390 1391 497 1449; x_wconf 90' lang='lat' dir='ltr'><strong>iterum</strong></span> <span class='ocrx_word' id='word_1_89' title='bbox 526 1396 721 1467; x_wconf 85' lang='lat' dir='ltr'><strong>conponatur.</strong></span> <span class='ocrx_word' id='word_1_90' title='bbox 766 1406 836 1466; x_wconf 81' lang='lat' dir='ltr'><strong>ergo</strong></span> <span class='ocrx_word' id='word_1_91' title='bbox 866 1387 984 1465; x_wconf 84' lang='lat' dir='ltr'><strong>quando</strong></span> <span class='ocrx_word' id='word_1_92' title='bbox 1013 1390 1132 1450; x_wconf 87' lang='lat' dir='ltr'><strong>territus</strong></span> <span class='ocrx_word' id='word_1_93' title='bbox 1161 1388 1242 1458; x_wconf 88' lang='lat' dir='ltr'><strong>dico,</strong></span> <span class='ocrx_word' id='word_1_94' title='bbox 1267 1397 1311 1449; x_wconf 89' lang='lat' dir='ltr'><strong>est</strong></span> <span class='ocrx_word' id='word_1_95' title='bbox 1333 1389 1473 1468; x_wconf 67' lang='lat' dir='ltr'><strong>simplem</strong></span> <span class='ocrx_word' id='word_1_96' title='bbox 1498 1410 1567 1471; x_wconf 91' lang='lat' dir='ltr'><strong>per·</strong></span> 
     </span>
     <span class='ocr_line' id='line_1_12' title="bbox 272 1488 1606 1572; baseline -0.001 -19"><span class='ocrx_word' id='word_1_97' title='bbox 272 1493 395 1553; x_wconf 87' lang='lat' dir='ltr'><strong>territus</strong></span> <span class='ocrx_word' id='word_1_98' title='bbox 424 1490 541 1570; x_wconf 82' lang='lat' dir='ltr'><strong>qnando</strong></span> <span class='ocrx_word' id='word_1_99' title='bbox 569 1489 650 1560; x_wconf 89' lang='lat' dir='ltr'><strong>dico,</strong></span> <span class='ocrx_word' id='word_1_100' title='bbox 682 1493 740 1551; x_wconf 85' lang='lat' dir='ltr'><strong>ium</strong></span> <span class='ocrx_word' id='word_1_101' title='bbox 769 1493 954 1569; x_wconf 91' lang='lat' dir='ltr'><strong>conpositum</strong></span> <span class='ocrx_word' id='word_1_102' title='bbox 983 1499 1040 1559; x_wconf 90' lang='lat' dir='ltr'><strong>est;</strong></span> <span class='ocrx_word' id='word_1_103' title='bbox 1069 1492 1279 1570; x_wconf 75' lang='lat' dir='ltr'><strong>inperterritus</strong></span> <span class='ocrx_word' id='word_1_104' title='bbox 1308 1488 1312 1572; x_wconf 77' lang='lat' dir='ltr'><strong>l</strong></span> <span class='ocrx_word' id='word_1_105' title='bbox 1342 1492 1460 1571; x_wconf 66' lang='lat' dir='ltr'><strong>eluendo</strong></span> <span class='ocrx_word' id='word_1_106' title='bbox 1488 1492 1606 1565; x_wconf 84' lang='lat' dir='ltr'><strong>dico,1c</strong></span> 
     </span>
     <span class='ocr_line' id='line_1_13' title="bbox 272 1592 1567 1675; baseline 0.002 -21"><span class='ocrx_word' id='word_1_107' title='bbox 272 1596 330 1654; x_wconf 85' lang='lat' dir='ltr'><strong>iarn</strong></span> <span class='ocrx_word' id='word_1_108' title='bbox 360 1594 545 1672; x_wconf 87' lang='lat' dir='ltr'><strong>conpositum</strong></span> <span class='ocrx_word' id='word_1_109' title='bbox 574 1594 683 1655; x_wconf 84' lang='lat' dir='ltr'><strong>iteruin</strong></span> <span class='ocrx_word' id='word_1_110' title='bbox 711 1594 902 1672; x_wconf 88' lang='lat' dir='ltr'><strong>conponitur,</strong></span> <span class='ocrx_word' id='word_1_111' title='bbox 937 1592 1016 1670; x_wconf 90' lang='lat' dir='ltr'><strong>quod</strong></span> <span class='ocrx_word' id='word_1_112' title='bbox 1049 1594 1105 1654; x_wconf 87' lang='lat' dir='ltr'><strong>iste</strong></span> <span class='ocrx_word' id='word_1_113' title='bbox 1139 1602 1226 1671; x_wconf 80' lang='lat' dir='ltr'><strong>negat</strong></span> <span class='ocrx_word' id='word_1_114' title='bbox 1255 1613 1342 1673; x_wconf 86' lang='lat' dir='ltr'><strong>posse</strong></span> <span class='ocrx_word' id='word_1_115' title='bbox 1375 1596 1448 1655; x_wconf 84' lang='lat' dir='ltr'><strong>steri.</strong></span> <span class='ocrx_word' id='word_1_116' title='bbox 1494 1595 1567 1675; x_wconf 86' lang='lat' dir='ltr'><strong>quid</strong></span> 
     </span>
     <span class='ocr_line' id='line_1_14' title="bbox 273 1695 1566 1775; baseline 0.001 -19"><span class='ocrx_word' id='word_1_117' title='bbox 273 1711 360 1772; x_wconf 79' lang='lat' dir='ltr'><strong>ergo,</strong></span> <span class='ocrx_word' id='word_1_118' title='bbox 389 1703 491 1756; x_wconf 82' lang='lat' dir='ltr'><strong>contra</strong></span> <span class='ocrx_word' id='word_1_119' title='bbox 520 1713 552 1755; x_wconf 91' lang='lat' dir='ltr'><strong>se</strong></span> <span class='ocrx_word' id='word_1_120' title='bbox 579 1695 697 1756; x_wconf 92' lang='lat' dir='ltr'><strong>locutus</strong></span> <span class='ocrx_word' id='word_1_121' title='bbox 727 1696 788 1755; x_wconf 81' lang='lat' dir='ltr'><strong>est?</strong></span> <span class='ocrx_word' id='word_1_122' title='bbox 816 1714 886 1756; x_wconf 93' lang='lat' dir='ltr'><strong>nou.</strong></span> <span class='ocrx_word' id='word_1_123' title='bbox 925 1696 1189 1775; x_wconf 78' lang='lat' dir='ltr'><strong>quotienscumque</strong></span> <span class='ocrx_word' id='word_1_124' title='bbox 1213 1697 1291 1755; x_wconf 89' lang='lat' dir='ltr'><strong>enim</strong></span> <span class='ocrx_word' id='word_1_125' title='bbox 1315 1697 1510 1774; x_wconf 89' lang='lat' dir='ltr'><strong>conponimus</strong></span> <span class='ocrx_word' id='word_1_126' title='bbox 1533 1715 1566 1758; x_wconf 85' lang='lat' dir='ltr'><strong>eu</strong></span> 
     </span>
     <span class='ocr_line' id='line_1_15' title="bbox 272 1796 1565 1878; baseline 0.003 -21"><span class='ocrx_word' id='word_1_127' title='bbox 272 1816 348 1878; x_wconf 82' lang='lat' dir='ltr'><strong>quae</strong></span> <span class='ocrx_word' id='word_1_128' title='bbox 376 1799 528 1876; x_wconf 81' lang='lat' dir='ltr'><strong>conposita</strong></span> <span class='ocrx_word' id='word_1_129' title='bbox 555 1798 681 1867; x_wconf 85' lang='lat' dir='ltr'><strong>inerint,</strong></span> <span class='ocrx_word' id='word_1_130' title='bbox 710 1801 787 1857; x_wconf 89' lang='lat' dir='ltr'><strong>scire</strong></span> <span class='ocrx_word' id='word_1_131' title='bbox 816 1796 906 1857; x_wconf 86' lang='lat' dir='ltr'><strong>debes</strong></span> <span class='ocrx_word' id='word_1_132' title='bbox 935 1800 1001 1875; x_wconf 84' lang='lat' dir='ltr'><strong>quia</strong></span> <span class='ocrx_word' id='word_1_133' title='bbox 1030 1799 1092 1876; x_wconf 84' lang='lat' dir='ltr'><strong>ipsa</strong></span> <span class='ocrx_word' id='word_1_134' title='bbox 1121 1800 1285 1877; x_wconf 90' lang='lat' dir='ltr'><strong>conpositio</strong></span> <span class='ocrx_word' id='word_1_135' title='bbox 1313 1800 1395 1877; x_wconf 91' lang='lat' dir='ltr'><strong>prior</strong></span> <span class='ocrx_word' id='word_1_136' title='bbox 1417 1817 1472 1878; x_wconf 93' lang='lat' dir='ltr'><strong>pro</strong></span> <span class='ocrx_word' id='word_1_137' title='bbox 1495 1801 1565 1862; x_wconf 85' lang='lat' dir='ltr'><strong>stm-</strong></span> 
     </span>
     <span class='ocr_line' id='line_1_16' title="bbox 272 1897 1566 1980; baseline 0 -21"><span class='ocrx_word' id='word_1_138' title='bbox 272 1899 341 1979; x_wconf 91' lang='lat' dir='ltr'><strong>plici</strong></span> <span class='ocrx_word' id='word_1_139' title='bbox 364 1897 504 1969; x_wconf 85' lang='lat' dir='ltr'><strong>habetur,</strong></span> <span class='ocrx_word' id='word_1_140' title='bbox 528 1907 559 1960; x_wconf 94' lang='lat' dir='ltr'><strong>ut</strong></span> <span class='ocrx_word' id='word_1_141' title='bbox 581 1899 698 1980; x_wconf 84' lang='lat' dir='ltr'><strong>quaudo</strong></span> <span class='ocrx_word' id='word_1_142' title='bbox 722 1899 848 1959; x_wconf 85' lang='lat' dir='ltr'><strong>dicimus</strong></span> <span class='ocrx_word' id='word_1_143' title='bbox 878 1902 1063 1979; x_wconf 83' lang='lat' dir='ltr'><strong>perterritus</strong></span> <span class='ocrx_word' id='word_1_144' title='bbox 1110 1909 1139 1960; x_wconf 91' lang='lat' dir='ltr'><strong>et</strong></span> <span class='ocrx_word' id='word_1_145' title='bbox 1166 1899 1245 1960; x_wconf 90' lang='lat' dir='ltr'><strong>unde</strong></span> <span class='ocrx_word' id='word_1_146' title='bbox 1267 1900 1324 1960; x_wconf 91' lang='lat' dir='ltr'><strong>hoc</strong></span> <span class='ocrx_word' id='word_1_147' title='bbox 1347 1899 1566 1978; x_wconf 78' lang='lat' dir='ltr'><strong>intellegimus?</strong></span> 
     </span>
     <span class='ocr_line' id='line_1_17' title="bbox 272 2001 1605 2082; baseline 0.001 -20"><span class='ocrx_word' id='word_1_148' title='bbox 272 2002 410 2081; x_wconf 84' lang='lat' dir='ltr'><strong>quonium</strong></span> <span class='ocrx_word' id='word_1_149' title='bbox 434 2004 600 2081; x_wconf 91' lang='lat' dir='ltr'><strong>conpositio</strong></span> <span class='ocrx_word' id='word_1_150' title='bbox 623 2012 674 2063; x_wconf 83' lang='lat' dir='ltr'><strong>out</strong></span> <span class='ocrx_word' id='word_1_151' title='bbox 695 2002 849 2062; x_wconf 82' lang='lat' dir='ltr'><strong>confirmat</strong></span> <span class='ocrx_word' id='word_1_152' title='bbox 872 2001 981 2082; x_wconf 83' lang='lat' dir='ltr'><strong>aliquid</strong></span> <span class='ocrx_word' id='word_1_153' title='bbox 1005 2012 1055 2064; x_wconf 80' lang='lat' dir='ltr'><strong>aut</strong></span> <span class='ocrx_word' id='word_1_154' title='bbox 1077 2001 1211 2062; x_wconf 91' lang='lat' dir='ltr'><strong>destruit.</strong></span> <span class='ocrx_word' id='word_1_155' title='bbox 1244 2003 1365 2063; x_wconf 88' lang='lat' dir='ltr'><strong>territus</strong></span> <span class='ocrx_word' id='word_1_156' title='bbox 1382 2009 1425 2063; x_wconf 93' lang='lat' dir='ltr'><strong>est</strong></span> <span class='ocrx_word' id='word_1_157' title='bbox 1441 2003 1564 2062; x_wconf 88' lang='lat' dir='ltr'><strong>timens:</strong></span> <span class='ocrx_word' id='word_1_158' title='bbox 1580 2023 1605 2063; x_wconf 88' lang='lat'><strong>15</strong></span> 
     </span>
     <span class='ocr_line' id='line_1_18' title="bbox 273 2103 1567 2183; baseline 0 -19"><span class='ocrx_word' id='word_1_159' title='bbox 273 2104 448 2182; x_wconf 87' lang='lat' dir='ltr'><strong>perterritus</strong></span> <span class='ocrx_word' id='word_1_160' title='bbox 471 2105 497 2163; x_wconf 92' lang='lat' dir='ltr'><strong>si</strong></span> <span class='ocrx_word' id='word_1_161' title='bbox 518 2103 612 2172; x_wconf 83' lang='lat' dir='ltr'><strong>dicas,</strong></span> <span class='ocrx_word' id='word_1_162' title='bbox 637 2111 681 2163; x_wconf 91' lang='lat' dir='ltr'><strong>est</strong></span> <span class='ocrx_word' id='word_1_163' title='bbox 702 2105 809 2164; x_wconf 89' lang='lat' dir='ltr'><strong>iterum</strong></span> <span class='ocrx_word' id='word_1_164' title='bbox 831 2105 953 2164; x_wconf 89' lang='lat' dir='ltr'><strong>timens:</strong></span> <span class='ocrx_word' id='word_1_165' title='bbox 982 2104 1039 2164; x_wconf 93' lang='lat' dir='ltr'><strong>hoc</strong></span> <span class='ocrx_word' id='word_1_166' title='bbox 1061 2112 1107 2164; x_wconf 92' lang='lat' dir='ltr'><strong>est</strong></span> <span class='ocrx_word' id='word_1_167' title='bbox 1128 2105 1249 2164; x_wconf 91' lang='lat' dir='ltr'><strong>territus</strong></span> <span class='ocrx_word' id='word_1_168' title='bbox 1271 2103 1350 2183; x_wconf 86' lang='lat' dir='ltr'><strong>quod</strong></span> <span class='ocrx_word' id='word_1_169' title='bbox 1374 2111 1403 2163; x_wconf 92' lang='lat' dir='ltr'><strong>et</strong></span> <span class='ocrx_word' id='word_1_170' title='bbox 1425 2105 1567 2183; x_wconf 90' lang='lat' dir='ltr'><strong>perterri-</strong></span> 
     </span>
     <span class='ocr_line' id='line_1_19' title="bbox 273 2203 1568 2285; baseline -0.001 -18"><span class='ocrx_word' id='word_1_171' title='bbox 273 2214 330 2267; x_wconf 91' lang='lat' dir='ltr'><strong>tus.</strong></span> <span class='ocrx_word' id='word_1_172' title='bbox 370 2222 441 2282; x_wconf 79' lang='lat' dir='ltr'><strong>ergo</strong></span> <span class='ocrx_word' id='word_1_173' title='bbox 470 2207 495 2264; x_wconf 90' lang='lat' dir='ltr'><strong>si</strong></span> <span class='ocrx_word' id='word_1_174' title='bbox 524 2205 650 2266; x_wconf 89' lang='lat' dir='ltr'><strong>eundem</strong></span> <span class='ocrx_word' id='word_1_175' title='bbox 678 2205 860 2265; x_wconf 88' lang='lat' dir='ltr'><strong>intellectum</strong></span> <span class='ocrx_word' id='word_1_176' title='bbox 895 2205 984 2266; x_wconf 83' lang='lat' dir='ltr'><strong>habet</strong></span> <span class='ocrx_word' id='word_1_177' title='bbox 1012 2206 1136 2284; x_wconf 85' lang='lat' dir='ltr'><strong>simplex</strong></span> <span class='ocrx_word' id='word_1_178' title='bbox 1164 2207 1271 2283; x_wconf 83' lang='lat' dir='ltr'><strong>ligura,</strong></span> <span class='ocrx_word' id='word_1_179' title='bbox 1305 2225 1393 2285; x_wconf 86' lang='lat' dir='ltr'><strong>quem</strong></span> <span class='ocrx_word' id='word_1_180' title='bbox 1421 2203 1511 2266; x_wconf 80' lang='lat' dir='ltr'><strong>hebet</strong></span> <span class='ocrx_word' id='word_1_181' title='bbox 1539 2212 1568 2266; x_wconf 91' lang='lat' dir='ltr'><strong>et</strong></span> 
     </span>
     <span class='ocr_line' id='line_1_20' title="bbox 273 2307 1567 2388; baseline -0.001 -19"><span class='ocrx_word' id='word_1_182' title='bbox 273 2309 441 2388; x_wconf 81' lang='lat' dir='ltr'><strong>conposita,</strong></span> <span class='ocrx_word' id='word_1_183' title='bbox 465 2307 582 2367; x_wconf 85' lang='lat' dir='ltr'><strong>videtur</strong></span> <span class='ocrx_word' id='word_1_184' title='bbox 604 2310 658 2367; x_wconf 86' lang='lat' dir='ltr'><strong>ista</strong></span> <span class='ocrx_word' id='word_1_185' title='bbox 681 2325 731 2367; x_wconf 90' lang='lat' dir='ltr'><strong>res</strong></span> <span class='ocrx_word' id='word_1_186' title='bbox 754 2326 813 2367; x_wconf 93' lang='lat' dir='ltr'><strong>non</strong></span> <span class='ocrx_word' id='word_1_187' title='bbox 837 2326 900 2367; x_wconf 88' lang='lat' dir='ltr'><strong>esse</strong></span> <span class='ocrx_word' id='word_1_188' title='bbox 924 2307 1022 2368; x_wconf 89' lang='lat' dir='ltr'><strong>denuo</strong></span> <span class='ocrx_word' id='word_1_189' title='bbox 1045 2309 1205 2386; x_wconf 79' lang='lat' dir='ltr'><strong>conposita.</strong></span> <span class='ocrx_word' id='word_1_190' title='bbox 1250 2307 1329 2368; x_wconf 86' lang='lat' dir='ltr'><strong>unde</strong></span> <span class='ocrx_word' id='word_1_191' title='bbox 1352 2315 1477 2386; x_wconf 83' lang='lat' dir='ltr'><strong>apparet</strong></span> <span class='ocrx_word' id='word_1_192' title='bbox 1499 2326 1567 2368; x_wconf 89' lang='lat' dir='ltr'><strong>eunt</strong></span> 
     </span>
     <span class='ocr_line' id='line_1_21' title="bbox 273 2408 1566 2486; baseline -0.001 -15"><span class='ocrx_word' id='word_1_193' title='bbox 273 2429 332 2471; x_wconf 91' lang='lat' dir='ltr'><strong>non</strong></span> <span class='ocrx_word' id='word_1_194' title='bbox 356 2417 458 2470; x_wconf 82' lang='lat' dir='ltr'><strong>contro</strong></span> <span class='ocrx_word' id='word_1_195' title='bbox 486 2427 519 2469; x_wconf 90' lang='lat' dir='ltr'><strong>se</strong></span> <span class='ocrx_word' id='word_1_196' title='bbox 547 2408 677 2471; x_wconf 88' lang='lat' dir='ltr'><strong>locutum</strong></span> <span class='ocrx_word' id='word_1_197' title='bbox 702 2427 776 2468; x_wconf 88' lang='lat' dir='ltr'><strong>esse.</strong></span> <span class='ocrx_word' id='word_1_198' title='bbox 823 2426 895 2486; x_wconf 80' lang='lat' dir='ltr'><strong>ergo</strong></span> <span class='ocrx_word' id='word_1_199' title='bbox 917 2410 971 2469; x_wconf 86' lang='lat' dir='ltr'><strong>ista</strong></span> <span class='ocrx_word' id='word_1_200' title='bbox 994 2429 1043 2471; x_wconf 89' lang='lat' dir='ltr'><strong>res</strong></span> <span class='ocrx_word' id='word_1_201' title='bbox 1066 2409 1181 2471; x_wconf 83' lang='lat' dir='ltr'><strong>videtur</strong></span> <span class='ocrx_word' id='word_1_202' title='bbox 1203 2429 1262 2470; x_wconf 93' lang='lat' dir='ltr'><strong>non</strong></span> <span class='ocrx_word' id='word_1_203' title='bbox 1286 2427 1352 2470; x_wconf 90' lang='lat' dir='ltr'><strong>esse</strong></span> <span class='ocrx_word' id='word_1_204' title='bbox 1375 2408 1473 2469; x_wconf 90' lang='lat' dir='ltr'><strong>denuo</strong></span> <span class='ocrx_word' id='word_1_205' title='bbox 1496 2427 1566 2470; x_wconf 91' lang='lat' dir='ltr'><strong>enn-</strong></span> 
     </span>
     <span class='ocr_line' id='line_1_22' title="bbox 272 2510 1605 2592; baseline 0.002 -21"><span class='ocrx_word' id='word_1_206' title='bbox 272 2513 380 2592; x_wconf 82' lang='lat' dir='ltr'><strong>posito‚</strong></span> <span class='ocrx_word' id='word_1_207' title='bbox 404 2529 479 2591; x_wconf 86' lang='lat' dir='ltr'><strong>quae</strong></span> <span class='ocrx_word' id='word_1_208' title='bbox 503 2529 562 2571; x_wconf 92' lang='lat' dir='ltr'><strong>nou</strong></span> <span class='ocrx_word' id='word_1_209' title='bbox 585 2512 614 2570; x_wconf 95' lang='lat' dir='ltr'><strong>in</strong></span> <span class='ocrx_word' id='word_1_210' title='bbox 631 2512 813 2571; x_wconf 83' lang='lat' dir='ltr'><strong>contrarium</strong></span> <span class='ocrx_word' id='word_1_211' title='bbox 829 2513 929 2580; x_wconf 83' lang='lat' dir='ltr'><strong>vertit,</strong></span> <span class='ocrx_word' id='word_1_212' title='bbox 947 2512 998 2572; x_wconf 91' lang='lat' dir='ltr'><strong>sed</strong></span> <span class='ocrx_word' id='word_1_213' title='bbox 1015 2513 1111 2591; x_wconf 87' lang='lat' dir='ltr'><strong>ipsum</strong></span> <span class='ocrx_word' id='word_1_214' title='bbox 1128 2510 1217 2572; x_wconf 84' lang='lat' dir='ltr'><strong>habet</strong></span> <span class='ocrx_word' id='word_1_215' title='bbox 1232 2510 1423 2572; x_wconf 88' lang='lat' dir='ltr'><strong>intellectum.</strong></span> <span class='ocrx_word' id='word_1_216' title='bbox 1448 2511 1605 2589; x_wconf 79' lang='lat' dir='ltr'><strong>quandem</strong></span> 
     </span>
     <span class='ocr_line' id='line_1_23' title="bbox 273 2611 1569 2692; baseline -0.001 -17"><span class='ocrx_word' id='word_1_217' title='bbox 273 2623 371 2675; x_wconf 85' lang='lat' dir='ltr'><strong>autent</strong></span> <span class='ocrx_word' id='word_1_218' title='bbox 394 2613 522 2674; x_wconf 80' lang='lat' dir='ltr'><strong>diximus</strong></span> <span class='ocrx_word' id='word_1_219' title='bbox 544 2612 628 2682; x_wconf 83' lang='lat' dir='ltr'><strong>felix,</strong></span> <span class='ocrx_word' id='word_1_220' title='bbox 652 2611 777 2691; x_wconf 84' lang='lat' dir='ltr'><strong>simplex</strong></span> <span class='ocrx_word' id='word_1_221' title='bbox 800 2621 858 2680; x_wconf 91' lang='lat' dir='ltr'><strong>est;</strong></span> <span class='ocrx_word' id='word_1_222' title='bbox 883 2612 1000 2682; x_wconf 84' lang='lat' dir='ltr'><strong>infelix,</strong></span> <span class='ocrx_word' id='word_1_223' title='bbox 1024 2616 1082 2673; x_wconf 84' lang='lat' dir='ltr'><strong>iam</strong></span> <span class='ocrx_word' id='word_1_224' title='bbox 1105 2612 1162 2673; x_wconf 89' lang='lat' dir='ltr'><strong>hoc</strong></span> <span class='ocrx_word' id='word_1_225' title='bbox 1185 2615 1369 2692; x_wconf 88' lang='lat' dir='ltr'><strong>conpositum</strong></span> <span class='ocrx_word' id='word_1_226' title='bbox 1394 2621 1445 2675; x_wconf 88' lang='lat' dir='ltr'><strong>est.</strong></span> <span class='ocrx_word' id='word_1_227' title='bbox 1469 2613 1499 2674; x_wconf 91' lang='lat' dir='ltr'><strong>id</strong></span> <span class='ocrx_word' id='word_1_228' title='bbox 1522 2623 1569 2674; x_wconf 89' lang='lat' dir='ltr'><strong>est</strong></span> 
     </span>
     <span class='ocr_line' id='line_1_24' title="bbox 273 2715 1566 2796; baseline 0 -20"><span class='ocrx_word' id='word_1_229' title='bbox 273 2717 410 2796; x_wconf 83' lang='lat' dir='ltr'><strong>quotiens</strong></span> <span class='ocrx_word' id='word_1_230' title='bbox 439 2717 478 2776; x_wconf 81' lang='lat' dir='ltr'><strong>itu</strong></span> <span class='ocrx_word' id='word_1_231' title='bbox 506 2717 692 2794; x_wconf 90' lang='lat' dir='ltr'><strong>conpositum</strong></span> <span class='ocrx_word' id='word_1_232' title='bbox 724 2715 812 2775; x_wconf 85' lang='lat' dir='ltr'><strong>luerit</strong></span> <span class='ocrx_word' id='word_1_233' title='bbox 838 2733 962 2783; x_wconf 85' lang='lat' dir='ltr'><strong>nomen.</strong></span> <span class='ocrx_word' id='word_1_234' title='bbox 992 2724 1025 2775; x_wconf 92' lang='lat' dir='ltr'><strong>nt</strong></span> <span class='ocrx_word' id='word_1_235' title='bbox 1053 2718 1115 2794; x_wconf 85' lang='lat' dir='ltr'><strong>ipsu</strong></span> <span class='ocrx_word' id='word_1_236' title='bbox 1144 2717 1308 2794; x_wconf 90' lang='lat' dir='ltr'><strong>conpositio</strong></span> <span class='ocrx_word' id='word_1_237' title='bbox 1330 2718 1359 2776; x_wconf 92' lang='lat' dir='ltr'><strong>in</strong></span> <span class='ocrx_word' id='word_1_238' title='bbox 1383 2718 1566 2777; x_wconf 81' lang='lat' dir='ltr'><strong>contrarium</strong></span> 
     </span>
     <span class='ocr_line' id='line_1_25' title="bbox 272 2815 1569 2897; baseline -0.001 -18"><span class='ocrx_word' id='word_1_239' title='bbox 272 2825 381 2886; x_wconf 90' lang='lat' dir='ltr'><strong>mutet,</strong></span> <span class='ocrx_word' id='word_1_240' title='bbox 405 2817 434 2877; x_wconf 91' lang='lat' dir='ltr'><strong>itl</strong></span> <span class='ocrx_word' id='word_1_241' title='bbox 458 2835 567 2877; x_wconf 90' lang='lat' dir='ltr'><strong>nomen</strong></span> <span class='ocrx_word' id='word_1_242' title='bbox 592 2831 650 2877; x_wconf 91' lang='lat' dir='ltr'><strong>non</strong></span> <span class='ocrx_word' id='word_1_243' title='bbox 674 2822 770 2897; x_wconf 90' lang='lat' dir='ltr'><strong>potest</strong></span> <span class='ocrx_word' id='word_1_244' title='bbox 792 2815 889 2877; x_wconf 91' lang='lat' dir='ltr'><strong>denuo</strong></span> <span class='ocrx_word' id='word_1_245' title='bbox 912 2819 1052 2894; x_wconf 89' lang='lat' dir='ltr'><strong>conponi.</strong></span> <span class='ocrx_word' id='word_1_246' title='bbox 1097 2819 1122 2877; x_wconf 91' lang='lat' dir='ltr'><strong>si</strong></span> <span class='ocrx_word' id='word_1_247' title='bbox 1144 2825 1241 2878; x_wconf 87' lang='lat' dir='ltr'><strong>autem</strong></span> <span class='ocrx_word' id='word_1_248' title='bbox 1266 2837 1282 2879; x_wconf 90' lang='lat' dir='ltr'><strong>e</strong></span> <span class='ocrx_word' id='word_1_249' title='bbox 1305 2819 1454 2879; x_wconf 85' lang='lat' dir='ltr'><strong>contrario</strong></span> <span class='ocrx_word' id='word_1_250' title='bbox 1477 2818 1569 2879; x_wconf 82' lang='lat' dir='ltr'><strong>fuerit</strong></span> 
     </span>
     <span class='ocr_line' id='line_1_26' title="bbox 272 2921 1566 2999; baseline 0 -19"><span class='ocrx_word' id='word_1_251' title='bbox 272 2922 314 2981; x_wconf 92' lang='lat' dir='ltr'><strong>sie</strong></span> <span class='ocrx_word' id='word_1_252' title='bbox 337 2921 537 2997; x_wconf 86' lang='lat' dir='ltr'><strong>conpositum,</strong></span> <span class='ocrx_word' id='word_1_253' title='bbox 570 2926 603 2978; x_wconf 91' lang='lat' dir='ltr'><strong>ut</strong></span> <span class='ocrx_word' id='word_1_254' title='bbox 624 2927 798 2998; x_wconf 84' lang='lat' dir='ltr'><strong>permaneat</strong></span> <span class='ocrx_word' id='word_1_255' title='bbox 820 2921 882 2997; x_wconf 83' lang='lat' dir='ltr'><strong>ipsu</strong></span> <span class='ocrx_word' id='word_1_256' title='bbox 912 2921 1089 2998; x_wconf 89' lang='lat' dir='ltr'><strong>conpositio,</strong></span> <span class='ocrx_word' id='word_1_257' title='bbox 1114 2936 1237 2980; x_wconf 89' lang='lat' dir='ltr'><strong>necesse</strong></span> <span class='ocrx_word' id='word_1_258' title='bbox 1261 2926 1358 2980; x_wconf 89' lang='lat' dir='ltr'><strong>estut</strong></span> <span class='ocrx_word' id='word_1_259' title='bbox 1380 2922 1566 2999; x_wconf 90' lang='lat' dir='ltr'><strong>conpositum</strong></span> 
     </span>
     <span class='ocr_line' id='line_1_27' title="bbox 272 3015 1605 3100; baseline 0.002 -18"><span class='ocrx_word' id='word_1_260' title='bbox 272 3039 381 3082; x_wconf 88' lang='lat' dir='ltr'><strong>nomeu</strong></span> <span class='ocrx_word' id='word_1_261' title='bbox 405 3021 493 3081; x_wconf 84' lang='lat' dir='ltr'><strong>liceat</strong></span> <span class='ocrx_word' id='word_1_262' title='bbox 515 3019 599 3081; x_wconf 79' lang='lat' dir='ltr'><strong>uoltis</strong></span> <span class='ocrx_word' id='word_1_263' title='bbox 621 3021 728 3081; x_wconf 91' lang='lat' dir='ltr'><strong>iterum</strong></span> <span class='ocrx_word' id='word_1_264' title='bbox 752 3039 931 3100; x_wconf 89' lang='lat' dir='ltr'><strong>conponere.</strong></span> <span class='ocrx_word' id='word_1_265' title='bbox 956 3015 959 3099; x_wconf 77' lang='lat' dir='ltr'><strong>l</strong></span> <span class='ocrx_word' id='word_1_266' title='bbox 1579 3045 1605 3084; x_wconf 82' lang='lat' dir='ltr'><strong>es</strong></span> 
     </span>
    </p>
   </div>
   <div class='ocr_carea' id='block_1_3' title="bbox 817 3204 1030 3253">
    <p class='ocr_par' dir='ltr' id='par_1_5' title="bbox 817 3204 1030 3253">
     <span class='ocr_line' id='line_1_28' title="bbox 817 3204 1030 3253; baseline 0.014 -3"><span class='ocrx_word' id='word_1_267' title='bbox 817 3205 864 3250; x_wconf 82' lang='lat' dir='ltr'><strong>DE</strong></span> <span class='ocrx_word' id='word_1_268' title='bbox 887 3204 1030 3253; x_wconf 83' lang='lat' dir='ltr'>CASIBVS</span> 
     </span>
    </p>
   </div>
   <div class='ocr_carea' id='block_1_4' title="bbox 155 3302 1604 4115">
    <p class='ocr_par' dir='ltr' id='par_1_6' title="bbox 155 3302 1604 4115">
     <span class='ocr_line' id='line_1_29' title="bbox 155 3302 1567 3387; baseline 0.001 -17"><span class='ocrx_word' id='word_1_269' title='bbox 155 3302 214 3362; x_wconf 82' lang='lat'><strong>433,</strong></span> <span class='ocrx_word' id='word_1_270' title='bbox 230 3302 260 3349; x_wconf 77' lang='lat'><strong>12</strong></span> <span class='ocrx_word' id='word_1_271' title='bbox 359 3311 452 3372; x_wconf 84' lang='lat' dir='ltr'><strong>Casus</strong></span> <span class='ocrx_word' id='word_1_272' title='bbox 482 3310 552 3370; x_wconf 93' lang='lat' dir='ltr'><strong>dicti</strong></span> <span class='ocrx_word' id='word_1_273' title='bbox 580 3318 649 3372; x_wconf 92' lang='lat' dir='ltr'><strong>sunt</strong></span> <span class='ocrx_word' id='word_1_274' title='bbox 677 3309 713 3371; x_wconf 85' lang='lat' dir='ltr'><strong>ult</strong></span> <span class='ocrx_word' id='word_1_275' title='bbox 743 3330 792 3377; x_wconf 87' lang='lat' dir='ltr'><strong>eo,</strong></span> <span class='ocrx_word' id='word_1_276' title='bbox 823 3309 901 3387; x_wconf 86' lang='lat' dir='ltr'><strong>quod</strong></span> <span class='ocrx_word' id='word_1_277' title='bbox 932 3310 1041 3370; x_wconf 80' lang='lat' dir='ltr'><strong>iaciunt</strong></span> <span class='ocrx_word' id='word_1_278' title='bbox 1063 3329 1172 3370; x_wconf 89' lang='lat' dir='ltr'><strong>nomen</strong></span> <span class='ocrx_word' id='word_1_279' title='bbox 1195 3310 1315 3380; x_wconf 84' lang='lat' dir='ltr'><strong>cadere,</strong></span> <span class='ocrx_word' id='word_1_280' title='bbox 1339 3311 1369 3371; x_wconf 94' lang='lat' dir='ltr'><strong>id</strong></span> <span class='ocrx_word' id='word_1_281' title='bbox 1393 3318 1437 3372; x_wconf 92' lang='lat' dir='ltr'><strong>est</strong></span> <span class='ocrx_word' id='word_1_282' title='bbox 1459 3329 1567 3372; x_wconf 90' lang='lat' dir='ltr'><strong>nomen</strong></span> 
     </span>
     <span class='ocr_line' id='line_1_30' title="bbox 273 3411 1565 3492; baseline 0.002 -19"><span class='ocrx_word' id='word_1_283' title='bbox 273 3413 380 3474; x_wconf 83' lang='lat' dir='ltr'><strong>laniant</strong></span> <span class='ocrx_word' id='word_1_284' title='bbox 409 3411 559 3473; x_wconf 85' lang='lat' dir='ltr'><strong>declinari.</strong></span> <span class='ocrx_word' id='word_1_285' title='bbox 605 3420 675 3492; x_wconf 85' lang='lat' dir='ltr'><strong>puta</strong></span> <span class='ocrx_word' id='word_1_286' title='bbox 704 3413 821 3492; x_wconf 85' lang='lat' dir='ltr'><strong>quando</strong></span> <span class='ocrx_word' id='word_1_287' title='bbox 849 3412 915 3474; x_wconf 93' lang='lat' dir='ltr'><strong>dico</strong></span> <span class='ocrx_word' id='word_1_288' title='bbox 949 3412 1066 3482; x_wconf 90' lang='lat' dir='ltr'><strong>doctus,</strong></span> <span class='ocrx_word' id='word_1_289' title='bbox 1101 3411 1179 3473; x_wconf 81' lang='lat' dir='ltr'><strong>cadit</strong></span> <span class='ocrx_word' id='word_1_290' title='bbox 1208 3421 1237 3473; x_wconf 91' lang='lat' dir='ltr'><strong>et</strong></span> <span class='ocrx_word' id='word_1_291' title='bbox 1265 3413 1335 3473; x_wconf 85' lang='lat' dir='ltr'><strong>lacit</strong></span> <span class='ocrx_word' id='word_1_292' title='bbox 1367 3413 1460 3482; x_wconf 88' lang='lat' dir='ltr'><strong>docti,</strong></span> <span class='ocrx_word' id='word_1_293' title='bbox 1495 3415 1565 3475; x_wconf 90' lang='lat' dir='ltr'><strong>item</strong></span> 
     </span>
     <span class='ocr_line' id='line_1_31' title="bbox 273 3513 1566 3587; baseline 0.001 -13"><span class='ocrx_word' id='word_1_294' title='bbox 273 3513 351 3575; x_wconf 83' lang='lat' dir='ltr'><strong>eadit</strong></span> <span class='ocrx_word' id='word_1_295' title='bbox 378 3523 407 3574; x_wconf 88' lang='lat' dir='ltr'><strong>et</strong></span> <span class='ocrx_word' id='word_1_296' title='bbox 435 3514 506 3575; x_wconf 82' lang='lat' dir='ltr'><strong>lacit</strong></span> <span class='ocrx_word' id='word_1_297' title='bbox 533 3514 635 3587; x_wconf 83' lang='lat' dir='ltr'><strong>docto,</strong></span> <span class='ocrx_word' id='word_1_298' title='bbox 664 3516 735 3574; x_wconf 90' lang='lat' dir='ltr'><strong>item</strong></span> <span class='ocrx_word' id='word_1_299' title='bbox 764 3515 843 3576; x_wconf 85' lang='lat' dir='ltr'><strong>cudit</strong></span> <span class='ocrx_word' id='word_1_300' title='bbox 871 3523 901 3573; x_wconf 91' lang='lat' dir='ltr'><strong>et</strong></span> <span class='ocrx_word' id='word_1_301' title='bbox 927 3515 996 3576; x_wconf 83' lang='lat' dir='ltr'><strong>lucit</strong></span> <span class='ocrx_word' id='word_1_302' title='bbox 1023 3514 1156 3584; x_wconf 89' lang='lat' dir='ltr'><strong>doctum,</strong></span> <span class='ocrx_word' id='word_1_303' title='bbox 1186 3517 1256 3575; x_wconf 87' lang='lat' dir='ltr'><strong>iteut</strong></span> <span class='ocrx_word' id='word_1_304' title='bbox 1285 3515 1363 3575; x_wconf 83' lang='lat' dir='ltr'><strong>cadit</strong></span> <span class='ocrx_word' id='word_1_305' title='bbox 1386 3523 1415 3574; x_wconf 91' lang='lat' dir='ltr'><strong>ct</strong></span> <span class='ocrx_word' id='word_1_306' title='bbox 1437 3516 1507 3576; x_wconf 84' lang='lat' dir='ltr'><strong>lacit</strong></span> <span class='ocrx_word' id='word_1_307' title='bbox 1529 3514 1566 3575; x_wconf 85' lang='lat' dir='ltr'><strong>ab</strong></span> 
     </span>
     <span class='ocr_line' id='line_1_32' title="bbox 273 3615 1604 3696; baseline 0.004 -22"><span class='ocrx_word' id='word_1_308' title='bbox 273 3615 330 3675; x_wconf 86' lang='lat' dir='ltr'><strong>hou</strong></span> <span class='ocrx_word' id='word_1_309' title='bbox 353 3615 449 3675; x_wconf 87' lang='lat' dir='ltr'><strong>docto.</strong></span> <span class='ocrx_word' id='word_1_310' title='bbox 481 3615 549 3678; x_wconf 92' lang='lat' dir='ltr'><strong>ideo</strong></span> <span class='ocrx_word' id='word_1_311' title='bbox 573 3633 643 3694; x_wconf 84' lang='lat' dir='ltr'><strong>ergo</strong></span> <span class='ocrx_word' id='word_1_312' title='bbox 666 3615 737 3676; x_wconf 89' lang='lat' dir='ltr'><strong>dicti</strong></span> <span class='ocrx_word' id='word_1_313' title='bbox 759 3625 828 3677; x_wconf 93' lang='lat' dir='ltr'><strong>sunt</strong></span> <span class='ocrx_word' id='word_1_314' title='bbox 850 3635 943 3684; x_wconf 83' lang='lat' dir='ltr'><strong>casus,</strong></span> <span class='ocrx_word' id='word_1_315' title='bbox 967 3617 1003 3676; x_wconf 82' lang='lat' dir='ltr'><strong>alt</strong></span> <span class='ocrx_word' id='word_1_316' title='bbox 1027 3636 1062 3676; x_wconf 89' lang='lat' dir='ltr'><strong>eo</strong></span> <span class='ocrx_word' id='word_1_317' title='bbox 1085 3617 1162 3696; x_wconf 90' lang='lat' dir='ltr'><strong>quod</strong></span> <span class='ocrx_word' id='word_1_318' title='bbox 1186 3617 1295 3678; x_wconf 83' lang='lat' dir='ltr'><strong>lucinnt</strong></span> <span class='ocrx_word' id='word_1_319' title='bbox 1317 3635 1423 3678; x_wconf 89' lang='lat' dir='ltr'><strong>nomeu</strong></span> <span class='ocrx_word' id='word_1_320' title='bbox 1447 3616 1564 3678; x_wconf 82' lang='lat' dir='ltr'><strong>cadere.</strong></span> <span class='ocrx_word' id='word_1_321' title='bbox 1579 3640 1604 3680; x_wconf 84' lang='lat' dir='ltr'><strong>to</strong></span> 
     </span>
     <span class='ocr_line' id='line_1_33' title="bbox 273 3716 1564 3798; baseline 0.003 -22"><span class='ocrx_word' id='word_1_322' title='bbox 273 3723 303 3776; x_wconf 92' lang='lat' dir='ltr'><strong>ct</strong></span> <span class='ocrx_word' id='word_1_323' title='bbox 331 3718 357 3775; x_wconf 92' lang='lat' dir='ltr'><strong>si</strong></span> <span class='ocrx_word' id='word_1_324' title='bbox 385 3716 442 3776; x_wconf 90' lang='lat' dir='ltr'><strong>hoc</strong></span> <span class='ocrx_word' id='word_1_325' title='bbox 474 3725 533 3786; x_wconf 91' lang='lat' dir='ltr'><strong>est,</strong></span> <span class='ocrx_word' id='word_1_326' title='bbox 563 3720 760 3779; x_wconf 85' lang='lat' dir='ltr'><strong>nominativus</strong></span> <span class='ocrx_word' id='word_1_327' title='bbox 787 3737 846 3778; x_wconf 94' lang='lat' dir='ltr'><strong>non</strong></span> <span class='ocrx_word' id='word_1_328' title='bbox 878 3720 934 3778; x_wconf 90' lang='lat' dir='ltr'><strong>erit</strong></span> <span class='ocrx_word' id='word_1_329' title='bbox 962 3730 1062 3787; x_wconf 86' lang='lat' dir='ltr'><strong>c&#39;usus,</strong></span> <span class='ocrx_word' id='word_1_330' title='bbox 1092 3738 1125 3779; x_wconf 86' lang='lat' dir='ltr'><strong>eu</strong></span> <span class='ocrx_word' id='word_1_331' title='bbox 1148 3720 1278 3787; x_wconf 85' lang='lat' dir='ltr'><strong>ratione,</strong></span> <span class='ocrx_word' id='word_1_332' title='bbox 1303 3720 1369 3798; x_wconf 85' lang='lat' dir='ltr'><strong>quia</strong></span> <span class='ocrx_word' id='word_1_333' title='bbox 1392 3738 1446 3798; x_wconf 88' lang='lat' dir='ltr'><strong>per</strong></span> <span class='ocrx_word' id='word_1_334' title='bbox 1468 3721 1564 3798; x_wconf 88' lang='lat' dir='ltr'><strong>ipsum</strong></span> 
     </span>
     <span class='ocr_line' id='line_1_34' title="bbox 273 3818 1565 3900; baseline 0.003 -23"><span class='ocrx_word' id='word_1_335' title='bbox 273 3834 332 3877; x_wconf 93' lang='lat' dir='ltr'><strong>non</strong></span> <span class='ocrx_word' id='word_1_336' title='bbox 356 3818 435 3878; x_wconf 87' lang='lat' dir='ltr'><strong>cudit</strong></span> <span class='ocrx_word' id='word_1_337' title='bbox 457 3837 580 3887; x_wconf 86' lang='lat' dir='ltr'><strong>nomeu,</strong></span> <span class='ocrx_word' id='word_1_338' title='bbox 605 3819 657 3879; x_wconf 90' lang='lat' dir='ltr'><strong>sed</strong></span> <span class='ocrx_word' id='word_1_339' title='bbox 679 3820 721 3879; x_wconf 89' lang='lat' dir='ltr'><strong>sie</strong></span> <span class='ocrx_word' id='word_1_340' title='bbox 745 3828 803 3888; x_wconf 90' lang='lat' dir='ltr'><strong>est,</strong></span> <span class='ocrx_word' id='word_1_341' title='bbox 828 3819 998 3900; x_wconf 83' lang='lat' dir='ltr'><strong>quomodo</strong></span> <span class='ocrx_word' id='word_1_342' title='bbox 1023 3821 1128 3881; x_wconf 79' lang='lat' dir='ltr'><strong>iuerat.</strong></span> <span class='ocrx_word' id='word_1_343' title='bbox 1164 3821 1214 3880; x_wconf 91' lang='lat' dir='ltr'><strong>sed</strong></span> <span class='ocrx_word' id='word_1_344' title='bbox 1238 3822 1370 3899; x_wconf 83' lang='lat' dir='ltr'><strong>quamvis</strong></span> <span class='ocrx_word' id='word_1_345' title='bbox 1393 3823 1565 3899; x_wconf 89' lang='lat' dir='ltr'><strong>peripsum</strong></span> 
     </span>
     <span class='ocr_line' id='line_1_35' title="bbox 273 3918 1565 4002; baseline 0.002 -22"><span class='ocrx_word' id='word_1_346' title='bbox 273 3939 332 3980; x_wconf 90' lang='lat' dir='ltr'><strong>non</strong></span> <span class='ocrx_word' id='word_1_347' title='bbox 355 3918 452 3987; x_wconf 82' lang='lat' dir='ltr'><strong>cadat,</strong></span> <span class='ocrx_word' id='word_1_348' title='bbox 478 3928 577 3980; x_wconf 82' lang='lat' dir='ltr'><strong>tamen</strong></span> <span class='ocrx_word' id='word_1_349' title='bbox 600 3939 653 4000; x_wconf 90' lang='lat' dir='ltr'><strong>per</strong></span> <span class='ocrx_word' id='word_1_350' title='bbox 674 3922 773 3999; x_wconf 90' lang='lat' dir='ltr'><strong>ipsum</strong></span> <span class='ocrx_word' id='word_1_351' title='bbox 796 3923 913 3991; x_wconf 91' lang='lat' dir='ltr'><strong>scimus,</strong></span> <span class='ocrx_word' id='word_1_352' title='bbox 938 3921 1008 4002; x_wconf 85' lang='lat' dir='ltr'><strong>qnid</strong></span> <span class='ocrx_word' id='word_1_353' title='bbox 1032 3924 1071 3982; x_wconf 88' lang='lat' dir='ltr'><strong>sit</strong></span> <span class='ocrx_word' id='word_1_354' title='bbox 1093 3921 1208 3982; x_wconf 83' lang='lat' dir='ltr'><strong>cudere.</strong></span> <span class='ocrx_word' id='word_1_355' title='bbox 1255 3921 1372 4001; x_wconf 84' lang='lat' dir='ltr'><strong>quando</strong></span> <span class='ocrx_word' id='word_1_356' title='bbox 1396 3923 1474 3981; x_wconf 88' lang='lat' dir='ltr'><strong>eninr</strong></span> <span class='ocrx_word' id='word_1_357' title='bbox 1498 3922 1565 3982; x_wconf 90' lang='lat' dir='ltr'><strong>dico</strong></span> 
     </span>
     <span class='ocr_line' id='line_1_36' title="bbox 274 4021 1566 4115; baseline 0.002 -34"><span class='ocrx_word' id='word_1_358' title='bbox 274 4021 391 4115; x_wconf 84' lang='lat' dir='ltr'><strong>doctus,</strong></span> <span class='ocrx_word' id='word_1_359' title='bbox 416 4038 475 4080; x_wconf 86' lang='lat' dir='ltr'><strong>uon</strong></span> <span class='ocrx_word' id='word_1_360' title='bbox 498 4023 555 4081; x_wconf 85' lang='lat' dir='ltr'><strong>iarn</strong></span> <span class='ocrx_word' id='word_1_361' title='bbox 580 4023 686 4083; x_wconf 94' lang='lat' dir='ltr'><strong>cecidit</strong></span> <span class='ocrx_word' id='word_1_362' title='bbox 708 4023 765 4082; x_wconf 89' lang='lat' dir='ltr'><strong>hoc</strong></span> <span class='ocrx_word' id='word_1_363' title='bbox 787 4041 914 4093; x_wconf 90' lang='lat' dir='ltr'><strong>nomen,</strong></span> <span class='ocrx_word' id='word_1_364' title='bbox 938 4023 990 4084; x_wconf 90' lang='lat' dir='ltr'><strong>sed</strong></span> <span class='ocrx_word' id='word_1_365' title='bbox 1014 4025 1071 4093; x_wconf 88' lang='lat' dir='ltr'><strong>sic,</strong></span> <span class='ocrx_word' id='word_1_366' title='bbox 1095 4041 1154 4102; x_wconf 91' lang='lat' dir='ltr'><strong>quo</strong></span> <span class='ocrx_word' id='word_1_367' title='bbox 1177 4023 1265 4083; x_wconf 89' lang='lat' dir='ltr'><strong>modo</strong></span> <span class='ocrx_word' id='word_1_368' title='bbox 1289 4031 1334 4083; x_wconf 92' lang='lat' dir='ltr'><strong>est</strong></span> <span class='ocrx_word' id='word_1_369' title='bbox 1356 4023 1498 4092; x_wconf 82' lang='lat' dir='ltr'><strong>naturale,</strong></span> <span class='ocrx_word' id='word_1_370' title='bbox 1522 4027 1566 4085; x_wconf 90' lang='lat' dir='ltr'><strong>sic</strong></span> 
     </span>
    </p>
   </div>
   <div class='ocr_carea' id='block_1_5' title="bbox 218 4191 1566 4960">
    <p class='ocr_par' dir='ltr' id='par_1_7' title="bbox 218 4191 1566 4960">
     <span class='ocr_line' id='line_1_37' title="bbox 344 4191 1566 4259; baseline 0.002 -18"><span class='ocrx_word' id='word_1_371' title='bbox 344 4191 436 4241; x_wconf 88' lang='lat' dir='ltr'><strong>litem</strong></span> <span class='ocrx_word' id='word_1_372' title='bbox 454 4192 602 4242; x_wconf 81' lang='lat' dir='ltr'><strong>AGautem</strong></span> <span class='ocrx_word' id='word_1_373' title='bbox 618 4207 683 4240; x_wconf 76' lang='lat' dir='ltr'><strong>corr.</strong></span> <span class='ocrx_word' id='word_1_374' title='bbox 704 4192 763 4241; x_wconf 90' lang='lat' dir='ltr'><strong>item</strong></span> <span class='ocrx_word' id='word_1_375' title='bbox 783 4193 808 4243; x_wconf 91' lang='lat' dir='ltr'><em>B</em></span> <span class='ocrx_word' id='word_1_376' title='bbox 856 4193 1203 4244; x_wconf 76' lang='lat' dir='ltr'><strong>ldenrtoBCadcnoqu</strong></span> <span class='ocrx_word' id='word_1_377' title='bbox 1252 4191 1360 4259; x_wconf 87' lang='lat' dir='ltr'><strong>simplex</strong></span> <span class='ocrx_word' id='word_1_378' title='bbox 1374 4195 1461 4255; x_wconf 66' lang='lat' dir='ltr'><strong>ome,</strong></span> <span class='ocrx_word' id='word_1_379' title='bbox 1475 4195 1566 4245; x_wconf 79' lang='lat' dir='ltr'><strong>adda</strong></span> 
     </span>
     <span class='ocr_line' id='line_1_38' title="bbox 342 4261 1565 4330; baseline 0.003 -19"><span class='ocrx_word' id='word_1_380' title='bbox 342 4262 489 4326; x_wconf 76' lang='lat' dir='ltr'><strong>opotesto</strong></span> <span class='ocrx_word' id='word_1_381' title='bbox 539 4262 600 4312; x_wconf 77' lang='lat' dir='ltr'><strong>dex</strong></span> <span class='ocrx_word' id='word_1_382' title='bbox 617 4261 782 4327; x_wconf 85' lang='lat' dir='ltr'><strong>conpluribus</strong></span> <span class='ocrx_word' id='word_1_383' title='bbox 795 4261 821 4312; x_wconf 91' lang='lat' dir='ltr'><em>B</em></span> <span class='ocrx_word' id='word_1_384' title='bbox 872 4263 889 4312; x_wconf 88' lang='lat'>8</span> <span class='ocrx_word' id='word_1_385' title='bbox 905 4273 986 4328; x_wconf 88' lang='lat' dir='ltr'><strong>potest</strong></span> <span class='ocrx_word' id='word_1_386' title='bbox 1002 4264 1035 4312; x_wconf 94' lang='lat' dir='ltr'><strong>de</strong></span> <span class='ocrx_word' id='word_1_387' title='bbox 1053 4263 1217 4330; x_wconf 85' lang='lat' dir='ltr'><strong>conpluribus</strong></span> <span class='ocrx_word' id='word_1_388' title='bbox 1236 4267 1315 4329; x_wconf 81' lang='lat' dir='ltr'><strong>(corr.</strong></span> <span class='ocrx_word' id='word_1_389' title='bbox 1331 4264 1448 4329; x_wconf 88' lang='lat' dir='ltr'><strong>pluribus</strong></span> <span class='ocrx_word' id='word_1_390' title='bbox 1460 4264 1488 4327; x_wconf 85' lang='lat' dir='ltr'><strong>a)</strong></span> <span class='ocrx_word' id='word_1_391' title='bbox 1506 4281 1565 4315; x_wconf 91' lang='lat' dir='ltr'><strong>con-</strong></span> 
     </span>
     <span class='ocr_line' id='line_1_39' title="bbox 218 4330 1565 4400; baseline 0.001 -18"><span class='ocrx_word' id='word_1_392' title='bbox 218 4330 220 4334; x_wconf 60' lang='grc'><strong>”</strong></span> <span class='ocrx_word' id='word_1_393' title='bbox 272 4347 367 4399; x_wconf 85' lang='lat' dir='ltr'><strong>ponere</strong></span> <span class='ocrx_word' id='word_1_394' title='bbox 381 4331 453 4381; x_wconf 82' lang='lat' dir='ltr'><strong>ABG</strong></span> <span class='ocrx_word' id='word_1_395' title='bbox 503 4333 519 4384; x_wconf 84' lang='lat'>9</span> <span class='ocrx_word' id='word_1_396' title='bbox 537 4348 598 4398; x_wconf 77' lang='lat' dir='ltr'><strong>ergo</strong></span> <span class='ocrx_word' id='word_1_397' title='bbox 614 4333 715 4396; x_wconf 82' lang='lat' dir='ltr'><strong>quando</strong></span> <span class='ocrx_word' id='word_1_398' title='bbox 730 4342 768 4381; x_wconf 81' lang='lat' dir='ltr'><strong>est</strong></span> <span class='ocrx_word' id='word_1_399' title='bbox 780 4333 888 4397; x_wconf 84' lang='lat' dir='ltr'><strong>simplex</strong></span> <span class='ocrx_word' id='word_1_400' title='bbox 902 4335 1003 4383; x_wconf 85' lang='lat' dir='ltr'><strong>territus</strong></span> <span class='ocrx_word' id='word_1_401' title='bbox 1016 4334 1072 4383; x_wconf 90' lang='lat' dir='ltr'><strong>dico</strong></span> <span class='ocrx_word' id='word_1_402' title='bbox 1086 4335 1234 4399; x_wconf 82' lang='lat' dir='ltr'><strong>perterritus</strong></span> <span class='ocrx_word' id='word_1_403' title='bbox 1252 4334 1353 4398; x_wconf 80' lang='lat' dir='ltr'><strong>quondo</strong></span> <span class='ocrx_word' id='word_1_404' title='bbox 1367 4334 1424 4384; x_wconf 92' lang='lat' dir='ltr'><strong>dico</strong></span> <span class='ocrx_word' id='word_1_405' title='bbox 1437 4337 1486 4384; x_wconf 86' lang='lat' dir='ltr'><strong>ium</strong></span> <span class='ocrx_word' id='word_1_406' title='bbox 1499 4336 1565 4400; x_wconf 85' lang='lat' dir='ltr'><strong>(ium</strong></span> 
     </span>
     <span class='ocr_line' id='line_1_40' title="bbox 272 4402 1564 4469; baseline 0.002 -16"><span class='ocrx_word' id='word_1_407' title='bbox 272 4418 319 4455; x_wconf 85' lang='lat' dir='ltr'><strong>om.</strong></span> <span class='ocrx_word' id='word_1_408' title='bbox 336 4402 368 4465; x_wconf 83' lang='lat' dir='ltr'><strong>G)</strong></span> <span class='ocrx_word' id='word_1_409' title='bbox 392 4402 550 4464; x_wconf 86' lang='lat' dir='ltr'><strong>conpositum</strong></span> <span class='ocrx_word' id='word_1_410' title='bbox 575 4411 612 4453; x_wconf 90' lang='lat' dir='ltr'><strong>est</strong></span> <span class='ocrx_word' id='word_1_411' title='bbox 633 4402 810 4467; x_wconf 82' lang='lat' dir='ltr'><strong>inperterritus</strong></span> <span class='ocrx_word' id='word_1_412' title='bbox 830 4405 931 4466; x_wconf 84' lang='lat' dir='ltr'><strong>quando</strong></span> <span class='ocrx_word' id='word_1_413' title='bbox 950 4404 1006 4452; x_wconf 91' lang='lat' dir='ltr'><strong>dico</strong></span> <span class='ocrx_word' id='word_1_414' title='bbox 1026 4404 1075 4452; x_wconf 86' lang='lat' dir='ltr'><strong>ium</strong></span> <span class='ocrx_word' id='word_1_415' title='bbox 1093 4404 1251 4469; x_wconf 82' lang='lat' dir='ltr'><strong>conpositum</strong></span> <span class='ocrx_word' id='word_1_416' title='bbox 1271 4405 1322 4468; x_wconf 87' lang='lat' dir='ltr'><strong>(est</strong></span> <span class='ocrx_word' id='word_1_417' title='bbox 1340 4404 1401 4458; x_wconf 84' lang='lat' dir='ltr'><strong>add.</strong></span> <span class='ocrx_word' id='word_1_418' title='bbox 1424 4404 1456 4468; x_wconf 80' lang='lat'><strong>0)</strong></span> <span class='ocrx_word' id='word_1_419' title='bbox 1474 4406 1564 4455; x_wconf 88' lang='lat' dir='ltr'><strong>iterum</strong></span> 
     </span>
     <span class='ocr_line' id='line_1_41' title="bbox 273 4471 1564 4538; baseline 0.002 -15"><span class='ocrx_word' id='word_1_420' title='bbox 273 4471 425 4538; x_wconf 86' lang='lat' dir='ltr'><strong>conponitur</strong></span> <span class='ocrx_word' id='word_1_421' title='bbox 440 4472 492 4521; x_wconf 79' lang='lat' dir='ltr'><strong>BC</strong></span> <span class='ocrx_word' id='word_1_422' title='bbox 515 4487 576 4538; x_wconf 78' lang='lat' dir='ltr'><strong>ergo</strong></span> <span class='ocrx_word' id='word_1_423' title='bbox 598 4472 699 4536; x_wconf 85' lang='lat' dir='ltr'><strong>qttundo</strong></span> <span class='ocrx_word' id='word_1_424' title='bbox 722 4480 760 4522; x_wconf 83' lang='lat' dir='ltr'><strong>est</strong></span> <span class='ocrx_word' id='word_1_425' title='bbox 786 4472 896 4538; x_wconf 85' lang='lat' dir='ltr'><strong>simplex</strong></span> <span class='ocrx_word' id='word_1_426' title='bbox 920 4474 1022 4523; x_wconf 87' lang='lat' dir='ltr'><strong>territus</strong></span> <span class='ocrx_word' id='word_1_427' title='bbox 1045 4474 1101 4523; x_wconf 90' lang='lat' dir='ltr'><strong>dico</strong></span> <span class='ocrx_word' id='word_1_428' title='bbox 1122 4476 1269 4538; x_wconf 78' lang='lat' dir='ltr'><strong>perterritus</strong></span> <span class='ocrx_word' id='word_1_429' title='bbox 1288 4474 1389 4535; x_wconf 78' lang='lat' dir='ltr'><strong>quaudo</strong></span> <span class='ocrx_word' id='word_1_430' title='bbox 1408 4509 1413 4520; x_wconf 95' lang='lat'>.</span> <span class='ocrx_word' id='word_1_431' title='bbox 1429 4513 1452 4526; x_wconf 89' lang='lat'><strong>..</strong></span> <span class='ocrx_word' id='word_1_432' title='bbox 1469 4512 1474 4524; x_wconf 93' lang='lat'>.</span> <span class='ocrx_word' id='word_1_433' title='bbox 1494 4475 1564 4538; x_wconf 90' lang='lat' dir='ltr'><strong>(dico</strong></span> 
     </span>
     <span class='ocr_line' id='line_1_42' title="bbox 272 4542 1565 4610; baseline 0.001 -17"><span class='ocrx_word' id='word_1_434' title='bbox 272 4542 448 4608; x_wconf 83' lang='lat' dir='ltr'><strong>inperterritus</strong></span> <span class='ocrx_word' id='word_1_435' title='bbox 471 4542 533 4594; x_wconf 83' lang='lat' dir='ltr'><strong>odd.</strong></span> <span class='ocrx_word' id='word_1_436' title='bbox 553 4560 583 4597; x_wconf 88' lang='grc' dir='ltr'><strong>α.</strong></span> <span class='ocrx_word' id='word_1_437' title='bbox 610 4546 658 4592; x_wconf 85' lang='lat' dir='ltr'><strong>ium</strong></span> <span class='ocrx_word' id='word_1_438' title='bbox 681 4544 849 4609; x_wconf 81' lang='lat' dir='ltr'><strong>compositum</strong></span> <span class='ocrx_word' id='word_1_439' title='bbox 875 4553 957 4593; x_wconf 81' lang='lat' dir='ltr'><strong>estet</strong></span> <span class='ocrx_word' id='word_1_440' title='bbox 979 4545 1080 4607; x_wconf 84' lang='lat' dir='ltr'><strong>qttnndo</strong></span> <span class='ocrx_word' id='word_1_441' title='bbox 1102 4545 1158 4594; x_wconf 91' lang='lat' dir='ltr'><strong>dico</strong></span> <span class='ocrx_word' id='word_1_442' title='bbox 1179 4544 1240 4596; x_wconf 86' lang='lat' dir='ltr'><strong>add.</strong></span> <span class='ocrx_word' id='word_1_443' title='bbox 1258 4542 1303 4599; x_wconf 66' lang='grc' dir='ltr'><strong>α’)</strong></span> <span class='ocrx_word' id='word_1_444' title='bbox 1331 4545 1379 4591; x_wconf 83' lang='lat' dir='ltr'><strong>inm</strong></span> <span class='ocrx_word' id='word_1_445' title='bbox 1404 4547 1565 4610; x_wconf 79' lang='lat' dir='ltr'><strong>conpositum</strong></span> 
     </span>
     <span class='ocr_line' id='line_1_43' title="bbox 272 4613 1565 4680; baseline -0.001 -16"><span class='ocrx_word' id='word_1_446' title='bbox 272 4616 362 4664; x_wconf 91' lang='lat' dir='ltr'><strong>iterum</strong></span> <span class='ocrx_word' id='word_1_447' title='bbox 389 4614 539 4678; x_wconf 89' lang='lat' dir='ltr'><strong>conponitur</strong></span> <span class='ocrx_word' id='word_1_448' title='bbox 558 4613 582 4661; x_wconf 78' lang='grc' dir='ltr'><em>Α</em></span> <span class='ocrx_word' id='word_1_449' title='bbox 655 4615 686 4663; x_wconf 79' lang='grc'><strong>14</strong></span> <span class='ocrx_word' id='word_1_450' title='bbox 705 4613 814 4663; x_wconf 85' lang='lat' dir='ltr'><strong>dicimus</strong></span> <span class='ocrx_word' id='word_1_451' title='bbox 834 4616 980 4680; x_wconf 86' lang='lat' dir='ltr'><strong>perterritus</strong></span> <span class='ocrx_word' id='word_1_452' title='bbox 1000 4614 1060 4663; x_wconf 78' lang='lat' dir='ltr'><strong>Ba·</strong></span> <span class='ocrx_word' id='word_1_453' title='bbox 1086 4615 1194 4663; x_wconf 88' lang='lat' dir='ltr'><strong>dic-imus</strong></span> <span class='ocrx_word' id='word_1_454' title='bbox 1213 4615 1314 4664; x_wconf 87' lang='lat' dir='ltr'><strong>territus</strong></span> <span class='ocrx_word' id='word_1_455' title='bbox 1334 4614 1385 4662; x_wconf 73' lang='lat' dir='ltr'><strong>An</strong></span> <span class='ocrx_word' id='word_1_456' title='bbox 1456 4616 1488 4666; x_wconf 81' lang='lat' dir='ltr'><strong>tn</strong></span> <span class='ocrx_word' id='word_1_457' title='bbox 1507 4631 1565 4679; x_wconf 88' lang='lat' dir='ltr'><strong>per-</strong></span> 
     </span>
     <span class='ocr_line' id='line_1_44' title="bbox 273 4682 1564 4749; baseline -0.001 -15"><span class='ocrx_word' id='word_1_458' title='bbox 273 4685 374 4734; x_wconf 87' lang='lat' dir='ltr'><strong>territus</strong></span> <span class='ocrx_word' id='word_1_459' title='bbox 394 4692 431 4732; x_wconf 87' lang='lat' dir='ltr'><strong>est</strong></span> <span class='ocrx_word' id='word_1_460' title='bbox 453 4684 544 4749; x_wconf 85' lang='lat' dir='ltr'><strong>iterum</strong></span> <span class='ocrx_word' id='word_1_461' title='bbox 562 4684 584 4733; x_wconf 86' lang='lat' dir='ltr'><strong>si</strong></span> <span class='ocrx_word' id='word_1_462' title='bbox 603 4683 674 4733; x_wconf 90' lang='lat' dir='ltr'><strong>dicus</strong></span> <span class='ocrx_word' id='word_1_463' title='bbox 694 4683 892 4733; x_wconf 84' lang='lat' dir='ltr'><strong>timensABC</strong></span> <span class='ocrx_word' id='word_1_464' title='bbox 961 4682 993 4733; x_wconf 88' lang='lat'><strong>18</strong></span> <span class='ocrx_word' id='word_1_465' title='bbox 1014 4685 1096 4733; x_wconf 88' lang='lat' dir='ltr'><strong>denuo</strong></span> <span class='ocrx_word' id='word_1_466' title='bbox 1118 4685 1191 4735; x_wconf 79' lang='lat' dir='ltr'><strong>nna</strong></span> <span class='ocrx_word' id='word_1_467' title='bbox 1213 4683 1357 4732; x_wconf 83' lang='lat' dir='ltr'><strong>denuqu</strong></span> <span class='ocrx_word' id='word_1_468' title='bbox 1430 4685 1564 4737; x_wconf 79' lang='lat' dir='ltr'><strong>llltleuno</strong></span> 
     </span>
     <span class='ocr_line' id='line_1_45' title="bbox 274 4750 1564 4816; baseline -0.002 -12"><span class='ocrx_word' id='word_1_469' title='bbox 274 4754 345 4804; x_wconf 78' lang='lat' dir='ltr'><strong>nna</strong></span> <span class='ocrx_word' id='word_1_470' title='bbox 364 4753 504 4803; x_wconf 81' lang='lat' dir='ltr'><strong>dcuoqu</strong></span> <span class='ocrx_word' id='word_1_471' title='bbox 574 4750 907 4816; x_wconf 76' lang='lat' dir='ltr'><strong>20q11ae]qu0niamno</strong></span> <span class='ocrx_word' id='word_1_472' title='bbox 973 4754 1048 4802; x_wconf 70' lang='lat' dir='ltr'><strong>etin</strong></span> <span class='ocrx_word' id='word_1_473' title='bbox 1067 4755 1219 4804; x_wconf 78' lang='lat' dir='ltr'><strong>contrarium</strong></span> <span class='ocrx_word' id='word_1_474' title='bbox 1238 4754 1564 4804; x_wconf 78' lang='lat' dir='ltr'><strong>mntetAincontrurium</strong></span> 
     </span>
     <span class='ocr_line' id='line_1_46' title="bbox 273 4821 1564 4883; baseline 0.002 -13"><span class='ocrx_word' id='word_1_475' title='bbox 273 4837 376 4872; x_wconf 81' lang='lat' dir='ltr'><strong>sensum</strong></span> <span class='ocrx_word' id='word_1_476' title='bbox 392 4831 470 4872; x_wconf 88' lang='lat' dir='ltr'><strong>mutet</strong></span> <span class='ocrx_word' id='word_1_477' title='bbox 490 4823 560 4873; x_wconf 78' lang='lat' dir='ltr'><strong>nna</strong></span> <span class='ocrx_word' id='word_1_478' title='bbox 614 4821 992 4873; x_wconf 77' lang='lat' dir='ltr'><strong>23denuoBCudenoqu</strong></span> <span class='ocrx_word' id='word_1_479' title='bbox 1044 4823 1077 4873; x_wconf 80' lang='lat'><strong>28</strong></span> <span class='ocrx_word' id='word_1_480' title='bbox 1094 4824 1160 4873; x_wconf 90' lang='lat' dir='ltr'><strong>docti</strong></span> <span class='ocrx_word' id='word_1_481' title='bbox 1179 4824 1269 4873; x_wconf 88' lang='lat' dir='ltr'><strong>iterum</strong></span> <span class='ocrx_word' id='word_1_482' title='bbox 1289 4825 1357 4883; x_wconf 83' lang='lat' dir='ltr'><strong>cadit</strong></span> <span class='ocrx_word' id='word_1_483' title='bbox 1371 4832 1396 4873; x_wconf 90' lang='lat' dir='ltr'><strong>et</strong></span> <span class='ocrx_word' id='word_1_484' title='bbox 1412 4825 1472 4874; x_wconf 87' lang='lat' dir='ltr'><strong>lucit</strong></span> <span class='ocrx_word' id='word_1_485' title='bbox 1490 4825 1564 4875; x_wconf 91' lang='lat' dir='ltr'><strong>docto</strong></span> 
     </span>
     <span class='ocr_line' id='line_1_47' title="bbox 273 4892 448 4960; baseline -0.011 -16"><span class='ocrx_word' id='word_1_486' title='bbox 273 4892 330 4944; x_wconf 90' lang='lat' dir='ltr'><strong>ideo</strong></span> <span class='ocrx_word' id='word_1_487' title='bbox 346 4892 448 4960; x_wconf 79' lang='lat' dir='ltr'><strong>ergoG</strong></span> 
     </span>
    </p>
   </div>
   <div class='ocr_carea' id='block_1_6' title="bbox 0 0 1678 5498">
    <p class='ocr_par' dir='ltr' id='par_1_8' title="bbox 0 0 1678 5498">
     <span class='ocr_line' id='line_1_48' title="bbox 0 0 1678 5498; baseline 0 0"><span class='ocrx_word' id='word_1_488' title='bbox 0 0 1678 5498; x_wconf 95' lang='lat' dir='ltr'><strong> </strong></span> 
     </span>
    </p>
   </div>
  </div>
 </body>
</html>
