3346 5498
254 381 318 446 210
820 380 972 443 POllPEll

280 505 301 546 p.
315 492 404 533 256-59
417 490 439 530 Ι.
1050 544 1053 549 1

254 590 421 651 pronomen
446 569 506 650 [sui
529 569 586 630 sibi
608 588 640 629 se
664 568 667 649 l
691 588 707 629 a
731 567 776 650 se]
801 577 940 647 quattuor
962 567 1052 629 habet
1074 586 1160 630 casus
1182 575 1296 628 tantum
1317 566 1421 635 modo,
1451 566 1544 626 nomi·
1587 622 1591 630 .

254 676 384 734 nativum
408 680 438 733 et
459 673 621 733 vocativum
646 690 705 732 non
728 671 832 741 habet,
863 681 891 732 et
914 679 958 732 est
979 672 1135 748 utriusque
1157 671 1289 730 numeri:
1328 670 1374 730 sui
1396 667 1453 729 sibi
1474 686 1545 730 sea

253 794 285 836 se
307 760 446 855 quattuor
469 792 553 835 casus
575 782 658 844 sunt,
681 773 734 835 sed
756 774 910 853 utriusque
933 774 1058 835 numeri.
1085 790 1154 833 nam
1178 773 1269 834 etita
1291 789 1412 851 possum
1435 770 1545 839 dicere,

254 879 317 938 ‘sui
339 895 428 938 causa
450 876 551 945 lecit’,
576 883 605 937 et
626 878 690 936 ‘sui
713 893 799 936 causa
823 875 984 936 lecerunt'.
1019 874 1100 936 vides
1123 876 1262 952 quoniam
1285 883 1314 935 et
1335 891 1467 935 numero
1485 873 1546 934 sin·

251 978 347 1059 gulari
369 997 486 1060 possum
510 980 633 1055 iungere
657 987 685 1038 et
709 976 767 1058 [in]
791 995 916 1038 numero
939 975 1057 1056 plurali.
1080 975 1137 1036 hoc
1159 978 1190 1036 in
1212 975 1262 1036 illo
1284 977 1463 1055 pronomine
1485 992 1572 1035 nono

252 1100 371 1161 possum
395 1081 507 1150 lacere,
532 1084 602 1140 ‘sno
625 1079 738 1140 homini
760 1078 861 1139 vlixit'.
898 1080 956 1140 iam
980 1080 1004 1139 si
1028 1078 1091 1139 volo
1115 1078 1186 1139 dare
1209 1096 1367 1138 numerum
1388 1075 1545 1156 pluralem,
1605 1088 1608 1092 “

253 1202 312 1245 non
340 1183 407 1244 dice
433 1201 502 1253 suo,
532 1181 584 1242 sed
614 1182 693 1242 ‘suis
721 1180 892 1241 hominibus
921 1180 1021 1241 dixir’.
1066 1181 1146 1242 unde
1174 1190 1297 1260 apparet
1324 1180 1462 1260 quoniam
1484 1197 1546 1239 non

250 1286 320 1346 inde
343 1283 506 1345 descendit.
538 1290 583 1344 est
605 1284 693 1344 etiam
715 1281 771 1343 alia
795 1285 885 1351 ratio,
909 1283 987 1344 unde
1009 1282 1066 1345 hoc
1087 1282 1205 1362 planius
1226 1279 1389 1361 intellegas.
1424 1281 1545 1341 omnino

251 1389 283 1447 in
315 1405 417 1448 rerum
447 1393 552 1447 natura
581 1403 640 1445 non
668 1391 766 1464 potest
793 1404 870 1447 nnus
898 1402 964 1446 esse
992 1386 1043 1462 qui
1070 1384 1204 1463 possidet
1231 1392 1261 1445 et
1287 1385 1339 1464 qui
1367 1381 1544 1464 possidetur.

252 1508 320 1550 nam
350 1506 418 1549 ecee
447 1507 530 1549 suus:
565 1486 682 1567 quando
710 1487 775 1547 dico
805 1489 892 1548 ‘suus
914 1484 1031 1556 hemo',
1061 1487 1184 1548 ostendo
1207 1494 1237 1547 et
1257 1504 1374 1570 servum
1398 1493 1427 1546 et
1448 1485 1544 1546 demi·
1559 1503 1585 1542 ro

254 1610 339 1658 num,
363 1598 487 1669 utputa
512 1591 630 1650 Birrnm
654 1597 684 1649 et
705 1589 865 1650 dominum.
898 1589 1013 1667 quando
1037 1595 1135 1650 autem
1158 1588 1224 1649 dico
1248 1586 1435 1660 ‘sibilacit',
1459 1605 1545 1648 num·

251 1693 324 1774 quid
356 1692 397 1752 ibi
431 1699 515 1771 potos
548 1690 619 1750 duas
646 1709 789 1770 personas
817 1689 1007 1770 intellegere?
1040 1690 1132 1753 habes
1160 1708 1246 1769 ergo,
1281 1688 1333 1750 nbi
1360 1689 1420 1749 duo
1447 1689 1546 1750 desint

160 1803 164 1809 ’
252 1814 350 1865 casus,
375 1795 420 1854 sni
442 1792 499 1853 sibi
521 1811 553 1853 se
576 1811 592 1852 a
615 1813 656 1853 se.

132 1908 192 1971 lau,
207 1909 238 1958 ιο
335 1896 526 1957 lnveniuntuv
554 1894 650 1972 aliqua
680 1898 854 1975 pronomina
878 1917 953 1977 quae
976 1897 1097 1957 omnine
1119 1913 1178 1955 non
1202 1893 1313 1955 liabent
1335 1894 1391 1955 nisi
1412 1892 1544 1971 singulos
1568 1907 1573 1914 '

250 2017 350 2067 casus,
385 2006 417 2057 ut
440 2004 485 2058 est
513 1996 569 2056 laec
591 2015 773 2076 pronomen,
798 2000 863 2058 cnia
893 2008 922 2059 et
956 1999 1063 2059 eninm.
1109 1998 1166 2057 ista
1192 1997 1252 2057 duo
1280 1997 1456 2076 pronomina
1484 2013 1584 2056 nonu

249 2100 361 2161 habent
389 2101 445 2159 nisi
473 2097 605 2177 singulos
627 2118 729 2170 casus,
760 2109 790 2160 et
811 2100 923 2161 habent
944 2102 1113 2178 genetivum
1136 2106 1259 2160 tantum.
1305 2101 1370 2159 cuia
1392 2099 1546 2176 genetivus

250 2209 296 2263 est
316 2202 487 2280 singularis,
518 2202 616 2261 cuium
646 2209 675 2261 et
702 2203 767 2280 ipse
789 2204 942 2280 genetivus
965 2201 969 2285 Ι
995 2210 1041 2264 est
1063 2199 1236 2280 singularis;
1270 2219 1326 2261 nec
1349 2201 1546 2260 nominativus

248 2305 399 2365 invenitur
428 2322 483 2364 nec
511 2302 616 2382 aliquis
645 2301 718 2363 alius
735 2323 830 2381 „casus
853 2306 882 2364 in
906 2303 955 2365 illo
983 2306 1168 2384 pronomine.
1214 2311 1323 2381 etqua
1346 2303 1545 2363 rationenun

249 2405 361 2466 hahent
387 2406 460 2467 alios
488 2406 592 2467 casus?
620 2384 759 2484 quoniam
788 2408 838 2471 isti
866 2425 881 2466 a
911 2405 1022 2484 raguelis
1049 2413 1253 2474 recesserunt,
1282 2404 1351 2464 ideo
1380 2423 1439 2465 non
1462 2405 1544 2463 inve·

248 2510 371 2568 niuntur
392 2507 435 2567 illi
456 2507 564 2587 reliqui
586 2526 681 2569 casus.
713 2527 770 2588 quo
786 2507 892 2568 modo?
915 2506 1014 2569 nullus
1036 2511 1190 2587 genetivus
1212 2508 1361 2587 invenitur
1383 2512 1433 2567 aut
1454 2525 1471 2567 a
1493 2513 1545 2567 aut
1558 2523 1584 2563 vo

248 2628 298 2670 um
327 2610 503 2670 terminatus
530 2611 560 2670 in
588 2628 690 2670 rerum
719 2617 823 2670 natura
853 2609 897 2669 vel
925 2611 953 2670 in
983 2612 1159 2689 pronomine
1182 2609 1227 2670 vel
1250 2611 1280 2670 in
1303 2610 1423 2669 nomine
1446 2607 1490 2668 vel
1512 2608 1545 2667 in

249 2713 404 2791 participio
439 2709 483 2770 vel
514 2713 544 2770 in
581 2711 678 2792 aliqua
710 2720 793 2791 parte
825 2713 968 2772 orationis
1002 2710 1032 2792 [a
1065 2714 1255 2773 terminatum
1288 2711 1459 2790 genetivum
1493 2716 1545 2770 aut
1617 2715 1620 2721 '

249 2811 324 2893 nm].
371 2832 442 2891 ergo
465 2832 532 2873 cum
558 2815 644 2874 iaciat
666 2815 747 2882 cuia,
772 2832 847 2874 novo
870 2832 952 2874 more
975 2814 1161 2874 introductus
1183 2821 1228 2873 est
1238 2815 1323 2910 22²⁰„
1339 2814 1492 2891 genetivus
1514 2820 1545 2872 et

249 2933 306 2975 non
341 2917 436 2994 potuit
463 2914 573 2976 lrabere
603 2915 676 2976 alios
710 2934 804 2976 casus.
845 2918 921 2976 'item
956 2919 1071 2985 cuium,
1111 2915 1188 2975 ‘dic
1216 2916 1321 2984 milri,
1356 2915 1544 2984 Damoeta,

248 3019 369 3078 cuium
398 3018 546 3096 pecusl'
576 3037 650 3078 novo
680 3036 763 3078 more
790 3017 976 3080 introductus
1005 3027 1051 3080 est
1081 3020 1136 3079 istc
1170 3018 1330 3096 genetivus.
1374 3036 1430 3079 nec
1457 3026 1584 3097 putesne

248 3118 335 3180 alium
370 3137 434 3179 esse
468 3138 582 3190 casum,
612 3138 671 3179 non
701 3127 799 3199 potest
832 3121 912 3191 lieri,
946 3123 1101 3199 genetivus
1136 3126 1189 3181 est.
1235 3139 1302 3181 nam
1331 3118 1449 3199 quando
1477 3118 1544 3181 dico

246 3223 329 3283 ‘cuia
352 3229 397 3281 est
420 3220 524 3290 filial',
553 3221 611 3281 tale
634 3231 677 3282 est
700 3241 735 3282 ac
758 3223 784 3282 si
807 3221 903 3283 dicam
927 3221 1023 3284 ‘illius
1045 3223 1130 3292 srlia',
1154 3223 1265 3300 ‘ipsius
1288 3221 1375 3282 tilia'.
1420 3239 1491 3300 ergo
1515 3230 1546 3282 et

247 3325 345 3384 cuium
368 3325 521 3401 genetivus
545 3332 588 3383 est
611 3324 782 3401 singularis:
808 3324 883 3384 ‘dic
906 3324 1011 3393 milri,
1035 3324 1223 3392 Damoeta,
1248 3325 1372 3385 cuium
1394 3324 1544 3403 pecusi'

246 3425 304 3486 tale
336 3432 380 3485 est
407 3444 441 3485 ac
469 3427 495 3485 si
523 3424 617 3485 dicam
648 3427 750 3486 ‘cuius
778 3435 823 3486 est
853 3428 982 3505 pecusl'
1012 3426 1108 3488 ‘illins
1136 3434 1182 3487 est
1204 3429 1323 3505 pecus'.
1367 3425 1449 3486 vides
1472 3443 1543 3503 ergo

245 3528 414 3605 genetivum
443 3545 508 3588 esse
537 3526 642 3588 solnm.
686 3529 756 3588 item
787 3530 935 3598 invenitur
969 3530 1151 3590 accusativus
1182 3536 1294 3589 tantum
1330 3528 1437 3588 ceteris
1471 3527 1584 3588 defi-eo

246 3628 409 3696 cientibus,
439 3637 472 3690 ut
499 3638 544 3690 est
566 3648 667 3691 eccum
692 3648 791 3690 eccam
814 3628 919 3700 ellum;
950 3632 1106 3693 accusativi
1135 3639 1204 3692 sunt
1226 3630 1338 3697 solum,
1362 3648 1417 3690 nec
1440 3647 1542 3709 possu-

245 3750 311 3792 mus
340 3732 473 3791 invenire
503 3730 585 3791 alios
631 3732 773 3811 numquid
800 3730 803 3811 l
826 3751 984 3811 possumus
1007 3732 1108 3794 dicere
1138 3751 1226 3793 eocus
1255 3734 1318 3793 ecci
1340 3750 1411 3793 ecee
1433 3740 1484 3792 aut
1505 3729 1543 3791 ab

246 3851 328 3893 ecco.
374 3840 487 3893 tantum
512 3833 600 3893 mode
622 3835 820 3894 accusativum
843 3834 979 3895 dicimus.
1016 3853 1087 3914 ergo
1110 3833 1216 3913 collige
1239 3834 1321 3896 illud.
1353 3835 1543 3895 inveniuntur

245 3937 437 4014 pronomina,
463 3933 513 3994 ubi
537 3934 652 3996 deficiat
675 3936 835 4004 vocativus,
861 3944 892 3997 ut
914 3955 984 4016 ego;
1013 3938 1197 4006 invenimus,
1220 3937 1272 3998 ubi
1295 3936 1491 3997 nominativus
1514 3943 1544 3997 et

245 4038 393 4098 vocativus
421 4036 572 4106 deficiant,
602 4044 634 4095 nt
662 4039 708 4098 sui
739 4036 795 4098 sibi
823 4056 855 4097 se
878 4058 894 4098 u
917 4058 963 4107 se;
992 4040 1154 4108 invenitur,
1186 4038 1238 4099 ulti
1267 4037 1347 4099 solus
1368 4040 1407 4098 sit
1428 4039 1581 4116 genelius

248 4157 309 4209 vus,
335 4146 366 4199 ut
389 4139 452 4199 onia
476 4139 592 4210 cuium;
614 4140 777 4207 invenitur,
803 4138 854 4201 ubi
875 4139 957 4202 solus
979 4143 1017 4202 sit
1040 4141 1236 4210 accusativae,
1261 4148 1294 4201 ut
1317 4158 1419 4201 eccum
1442 4158 1542 4201 eccam

251 4238 351 4301 ellum.

94 4361 249 4422 436,16.23
336 4341 495 4414 Quaeritur
519 4341 587 4422 quid
609 4344 734 4404 interest
756 4343 833 4404 inter
855 4346 1031 4423 pronomina
1054 4353 1084 4405 et
1105 4343 1253 4406 articulos.
1299 4343 1381 4416 dicit,
1406 4343 1540 4407 multum.

273 4447 357 4506 raeci
380 4443 435 4504 alia
458 4444 568 4504 habent
590 4446 781 4524 pronomina,
805 4445 877 4506 alios
900 4445 1010 4507 hahent
1032 4446 1181 4509 articulos.
1227 4446 1322 4507 Latini
1345 4447 1542 4528 conpendium

317 4651 333 4699 4
349 4650 468 4712 qnoniam
483 4650 507 4697 in
523 4664 627 4698 nunrevo
640 4649 723 4701 ABG
774 4649 791 4700 8
805 4650 935 4702 descendit
951 4651 1138 4702 Lindemannue
1150 4651 1270 4715 dependit
1283 4651 1365 4700 ABG
1417 4660 1455 4702 eat
1467 4653 1543 4701 etium

247 4716 504 4770 BGaestenimA
557 4718 667 4769 tarnum
684 4720 767 4770 Aac
818 4721 850 4773 10
867 4736 924 4769 ecce
941 4737 988 4773 om.
1004 4721 1036 4781 A,
1053 4721 1146 4775 adda
1201 4720 1233 4770 12
1253 4720 1405 4785 potestAO
1466 4721 1500 4772 '23
1519 4731 1543 4770 et

249 4802 299 4837 non
318 4791 450 4854 potuit-
467 4791 502 4840 25)
521 4788 567 4839 iste
586 4791 720 4856 genetivus
743 4806 789 4842 om.
804 4791 839 4854 A,
852 4791 912 4840 add.
928 4808 945 4840 a
998 4792 1030 4840 24
1050 4789 1099 4857 die]
1122 4792 1201 4857 Verp.
1215 4790 1294 4844 bruel.
1308 4792 1362 4851 3,l
1417 4791 1451 4843 26
1464 4791 1541 4841 alium

248 4855 342 4907 habere
356 4874 425 4909 corr.
441 4858 518 4908 ulium
533 4875 590 4910 esse
609 4860 634 4908 Α
704 4861 737 4909 27
756 4860 838 4926 ipsius
857 4859 925 4910 filius
941 4861 1024 4911 Aue
1091 4861 1126 4911 32
1144 4859 1230 4927 ecens]
1250 4862 1334 4912 ecciua
1353 4861 1437 4912 ABG
