3346 5498
538 372 737 433 excurtem
761 372 961 432 contunsis
984 368 1098 430 6-11
1401 365 1462 428 637

1276 489 1297 528 p.
1312 475 1436 516 149.50V.

174 556 320 638 ἐκφέρω,
348 555 462 638 βάλλω
491 555 685 638 συμβάλλω,
709 554 798 619 πλέω
823 554 968 627 ἑκιιλὲω,
991 554 1096 636 τρέχω
1120 554 1274 637 ἐκτρέχω.
1307 556 1385 636 apud
1407 556 1462 615 la·

174 663 253 721 tinos
275 661 362 720 rnodu
385 664 500 738 integra
523 670 706 740 permanent,
730 661 817 721 modo
832 669 1075 740 corrumpuntur,
1099 679 1188 718 enrro
1210 677 1363 739 percurro,
1387 656 1464 717 velle

173 762 254 822 vellis
276 763 386 823 revello
408 763 535 831 revellis,
571 763 646 824 bello
669 763 760 824 bellas
783 763 894 824 rebelle
916 762 1053 831 rebellas,
1089 762 1172 821 trullo
1194 761 1313 821 retraho
1340 758 1463 820 detraho

172 864 319 933 distraho,
354 884 430 944 pono
453 884 603 944 praepono
625 865 756 944 depono,
791 866 855 925 lero
877 865 981 925 dolero
1008 867 1161 943 praelero;
1193 867 1265 923 item
1288 864 1364 922 facio
1394 880 1462 920 eon·

109 954 116 972 '
145 968 238 1026 alicio
260 969 376 1035 iutleio,
400 985 502 1046 premo
524 970 678 1046 conprimo
700 969 849 1046 exprimo,
874 970 998 1027 aestimo
1020 969 1173 1036 eristimo;
1197 974 1227 1026 et
1250 965 1377 1043 amplius
1399 965 1462 1042 ipsa

170 1069 260 1128 etiam
288 1070 469 1147 praepositio
497 1069 582 1129 simul
605 1089 673 1129 cunr
696 1065 789 1130 verbo
813 1076 956 1136 mutatur,
984 1070 1062 1129 facio
1084 1071 1191 1138 ot'licio,
1216 1069 1299 1145 rapio
1321 1067 1461 1144 corripio,

168 1169 234 1246 lego
258 1170 335 1247 eligo
357 1171 474 1248 colligo.
521 1171 597 1250 apud
620 1173 750 1231 Graecos
772 1172 1008 1250 praepositiones
1031 1170 1130 1230 vermis
1156 1170 1287 1230 adiectae
1309 1176 1462 1228 accentum

168 1272 330 1331 eorundem
345 1282 507 1341 reservant,
531 1269 651 1351 γράφω
671 1268 884 1351 καταγράφω,
907 1268 1021 1351 βάλλω
1037 1268 1234 1350 καταβάλλω
1257 1263 1461 1348 περιβάλλω,

168 1368 261 1450 φέρω
284 1369 464 1452 περιφέρω,
488 1374 580 1434 καλώ
602 1374 794 1443 κατοκαλά,
818 1368 939 1451 γλάφω
961 1366 1159 1452 άναγλύφω.
1188 1373 1284 1432 Latini
1305 1378 1460 1432 accentum

135 1489 159 1526 10
172 1476 203 1534 in
226 1475 293 1535 aliis
316 1483 442 1544 servam,
467 1479 497 1536 in
520 1477 586 1536 aliis
608 1485 731 1545 ruutant,
755 1486 787 1536 ut
809 1494 898 1536 curro
920 1494 1092 1555 praecurro,
1116 1495 1193 1554 pono
1209 1492 1369 1553 praepono,
1393 1490 1459 1551 pre-

171 1575 267 1636 hendo
291 1577 488 1656 reprehendo,
512 1580 576 1637 lero
592 1579 705 1648 adlero,
728 1598 800 1656 gero
816 1581 929 1659 ingero,
953 1581 1028 1638 trico
1044 1580 1162 1646 relrien,
1186 1579 1232 1635 vio
1253 1574 1348 1642 «levio,
1372 1575 1461 1633 trodo

171 1678 321 1749 contraho,
345 1679 410 1756 lege
433 1680 552 1757 colligo,
587 1698 689 1759 premo
712 1681 855 1760 deprimo.
902 1681 979 1760 apim
1002 1681 1150 1740 Romanos
1172 1678 1250 1737 nidla
1278 1677 1481 1755 praepositio

170 1780 308 1841 adiuncta
338 1781 437 1842 verbis
464 1789 559 1842 mutat
586 1785 838 1859 coniugationem,
873 1781 968 1843 clamo
996 1783 1105 1842 clamas
1138 1779 1270 1840 declamo
1303 1777 1459 1846 declamas,

170 1900 275 1941 oroneo
308 1903 410 1943 mones
443 1902 615 1944 commoneo
643 1904 826 1954 commones,
861 1903 927 1944 orno
955 1887 1030 1945 emis
1063 1889 1166 1942 camno
1191 1884 1322 1949 eotmis,
1346 1880 1460 1939 dormio

132 1997 156 2036 ιι
170 1983 282 2042 dormis
309 1984 496 2063 praedorrnio
525 1986 718 2065 praedormis
749 1987 869 2047 mordeo
892 1987 1011 2047 mordes
1040 1985 1235 2066 praemordeo
1258 1981 1458 2063 praemordes

168 2087 254 2145 mitto
277 2087 368 2146 mittis
391 2089 548 2165 praemitto
571 2090 746 2166 praemittis.
792 2097 822 2148 et
853 2088 1035 2166 generaliter
1069 2089 1164 2147 enoria
1198 2105 1274 2165 qnae
1307 2086 1459 2163 conposita

169 2196 238 2248 sunt
272 2172 396 2249 eandem
419 2208 507 2268 (liram
530 2191 560 2249 in
583 2189 772 2268 simplicitate
795 2189 1023 2250 declinationem
1045 2190 1226 2257 custodiunt,
1258 2205 1361 2265 premo
1390 2204 1457 2265 pre·

169 2291 225 2349 nris
257 2293 392 2369 opprimo
415 2290 567 2368 opprimis,
592 2291 657 2367 lege
681 2291 755 2369 legis
778 2292 882 2368 colligo
905 2291 1036 2369 colligis,
1068 2293 1105 2350 tio
1128 2293 1162 2349 tis
1184 2293 1226 2357 lit,
1251 2288 1374 2348 riradetio
1398 2307 1457 2347 ma·

167 2390 240 2450 dells
261 2391 389 2460 madefit,
413 2389 515 2450 caletio
537 2391 636 2452 caletis
657 2392 761 2462 calelit,
784 2397 952 2473 expergefio
975 2395 1139 2472 expergetis
1162 2391 1333 2470 expergefit.
1367 2408 1457 2468 quae-

128 2493 244 2551 oritur
266 2492 302 2552 de
325 2493 372 2552 lris
394 2491 510 2552 duobus
533 2492 642 2562 verbis,
666 2497 768 2554 aufero
791 2504 821 2555 et
844 2498 973 2573 aulngio,
998 2493 1075 2554 nude
1098 2494 1251 2572 conposita
1274 2492 1343 2549 sint.
1381 2509 1456 2569 (pirae

167 2588 272 2654 Cicero
294 2596 324 2653 in
359 2593 443 2653 libris
466 2594 501 2653 de
524 2602 641 2655 oratore
665 2615 710 2655 ex·
722 2598 940 2677 praepositione
963 2596 1001 2657 ab
1023 2597 1174 2675 conposita
1202 2612 1268 2654 esse
1296 2589 1455 2661 existimat,

166 2704 195 2755 et
222 2698 290 2774 quia
320 2695 356 2756 ab
385 2705 452 2757 ante
481 2697 495 2756 l
514 2697 643 2758 litteram
672 2697 778 2759 durnin
801 2698 933 2765 sonabat,
963 2717 1085 2758 versam
1109 2688 1308 2774 armatamque
1331 2711 1396 2752 esse
1419 2692 1455 2752 ab

164 2798 196 2856 in
218 2816 256 2857 an
278 2796 428 2876 syllabam,
452 2817 510 2877 quo
534 2818 586 2859 vox
609 2802 762 2860 sonantior
784 2801 878 2860 fieret.
913 2800 967 2860 lroc
990 2797 1115 2866 Tullius,
1144 2797 1364 2878 protentissinms
1390 2794 1454 2854 lati·

165 2900 265 2959 nitatis
287 2899 429 2960 adsertor.
476 2901 527 2959 sed
550 2900 700 2980 plerisque
722 2902 833 2981 placuit
855 2921 891 2960 ex
913 2919 1019 2977 graeco
1040 2897 1162 2980 μορίῳ,
1192 2899 1221 2958 id
1245 2906 1290 2958 est
1311 2897 1454 2976 particula

126 2987 219 3069 ead,
243 3001 314 3062 lraec
337 3020 401 3062 esse
424 3003 577 3080 conposita
600 3003 635 3062 ad
658 3003 884 3063 similitudinem
907 3001 987 3062 illius
1010 2994 1200 3078 ‘oda'pvoov
1226 2992 1288 3079 μὲν
1309 2997 1453 3078 apoira',

164 3109 194 3161 et
215 3102 286 3162 alilri
309 3095 469 3183 ’ἄβρομοι
491 3096 650 3181 αάίοιχοι’,
674 3104 702 3163 ἰι]
726 3113 772 3163 est
793 3113 956 3165 retrorsmn
976 3111 1140 3171 traxerunt,
1164 3104 1358 3162 reticuerunt.
1402 3101 1454 3179 qui

164 3203 331 3264 intellectus
347 3212 376 3263 et
390 3207 421 3263 in
438 3206 557 3281 aufugio
580 3212 610 3264 et
631 3206 660 3264 in
684 3207 786 3265 aulero
809 3209 954 3283 congruit.
998 3205 1081 3266 addit
1105 3205 1152 3265 nis
1173 3202 1311 3280 Nigidius
1332 3203 1453 3262 tertium
1466 3221 1552 3280 uano

163 3314 297 3373 antinno,
331 3325 399 3365 crim
421 3307 525 3367 eredat
545 3304 618 3366 illud
642 3326 676 3366 ex
701 3306 804 3368 eadem
827 3310 1047 3388 praepositione
1070 3315 1100 3366 et
1122 3308 1245 3387 aestimo
1273 3302 1363 3363 verbo
1386 3322 1452 3363 esse

162 3408 356 3484 conpositum,
381 3414 413 3466 ut
435 3409 473 3467 sit
495 3415 643 3487 tamquam
659 3408 830 3478 abaestinro,
854 3410 1024 3489 dictumque
1050 3409 1191 3469 intercise
1207 3414 1334 3474 autumo,
1359 3405 1450 3466 idem-

123 3521 219 3584 ³0qne
242 3509 409 3584 significare
438 3508 516 3588 quod
547 3511 685 3580 aestimo,
714 3513 791 3571 sient
818 3511 980 3571 abnmnero
1009 3512 1087 3571 idem
1115 3530 1179 3570 esse
1207 3509 1285 3588 quod
1316 3525 1449 3568 numero.

161 3609 239 3687 quod
268 3628 326 3668 non
354 3610 448 3671 solnm
470 3610 500 3671 id
523 3613 680 3688 signifieat,
712 3631 815 3673 veruna
838 3615 927 3673 etiarn
949 3613 1016 3673 dieo
1038 3632 1146 3674 censeo
1168 3611 1310 3671 adserere
1332 3609 1377 3670 vel
1399 3609 1450 3670 ad·

160 3710 256 3779 tirum,
280 3719 313 3771 ut
334 3711 411 3790 apud
433 3711 608 3773 Terentium
632 3715 682 3774 ‘et
704 3715 839 3775 deinde
861 3717 1047 3776 laetarum
1070 3715 1261 3775 autumat’.

245 3811 324 3871 llaec
352 3820 501 3893 tamquam
528 3817 695 3875 eommunia
718 3819 907 3895 praemisisse
936 3818 1078 3887 suldciat;
1105 3834 1184 3876 uurrc
1207 3815 1243 3874 ad
1266 3834 1299 3874 ea
1322 3833 1397 3894 quae
1417 3815 1448 3873 in
1466 3832 1524 3891 612,
1534 3835 1566 3882 rt

160 3915 223 3992 ipsa
246 3913 444 3975 declinatione
467 3925 538 3978 sunt,
557 3916 740 3978 observanda
762 3919 928 3980 redeamus.
958 3917 1125 3979 declinandi
1142 3926 1238 3977 autem
1254 3916 1338 3977 verbi
1354 3919 1449 3977 series

121 4032 174 4075 aaa
208 4016 301 4075 modis
335 4035 457 4078 neeesse
490 4027 536 4079 est
563 4027 659 4079 sumat
687 4019 856 4088 exordium:
890 4041 957 4081 narn
985 4021 1055 4080 hine
1083 4019 1160 4100 apud
1188 4020 1316 4080 Graecos
1344 4018 1448 4079 modus

157 4114 304 4194 ἔγκλισις
326 4118 499 4198 appellatur,
522 4107 597 4180 οἷον
620 4117 658 4181 ἐν
679 4107 702 4201 ᾗ
723 4115 743 4200 ἡ
767 4121 886 4194 κλίσις.

227 4307 238 4352 l
253 4305 346 4355 πλεκω
358 4306 484 4355 rontano
496 4321 584 4369 τρειιω
596 4321 718 4365 autorum
730 4307 755 4355 B
823 4311 838 4358 ‘l
852 4307 907 4372 lego
921 4307 986 4374 eligo
1000 4307 1091 4372 colligo
1103 4314 1162 4372 port
1176 4307 1292 4356 existimo
1304 4305 1404 4368 scripto
1420 4307 1447 4353 a'n

157 4371 182 4420 B
199 4373 246 4420 lme
263 4375 454 4437 transponendo
472 4389 528 4423 ease
545 4375 608 4424 vidit
626 4376 709 4425 editor
731 4376 933 4426 Vindoboneacta
1001 4376 1126 4426 9ιιαλλω
1142 4373 1310 4424 κατακαλλω
1327 4373 1445 4436 plavem

157 4439 372 4505 αναγλαυφωβ
441 4444 471 4490 11
486 4439 939 4506 rioderio]sortoaaevehodevetro
1009 4443 1079 4493 traho
1093 4442 1214 4492 contraho
1231 4443 1272 4491 ed.
1292 4441 1370 4490 Viuo.
1384 4454 1444 4489 con·

156 4520 194 4556 tro
216 4507 241 4556 B
311 4509 342 4557 15
363 4509 494 4558 obdormio
520 4509 650 4559 obdormis
676 4512 782 4560 coniecit
804 4514 890 4561 editor
913 4512 1115 4564 Vindobonenar'a
1139 4510 1281 4576 perdormio
1303 4508 1445 4573 perdormis

155 4575 236 4624 Ionos
306 4576 337 4624 18
354 4576 451 4640 college
468 4577 610 4638 collegisB
679 4580 710 4628 19
727 4578 865 4643 quaeritur]
884 4579 1041 4633 ueit.xv3
1110 4581 1141 4628 ‘tl
1160 4579 1185 4627 in
1202 4577 1274 4625 libris
1286 4576 1319 4625 de
1331 4571 1442 4640 oratore]

155 4646 339 4700 orat.4'l,158
407 4643 440 4694 23
458 4659 507 4707 quo
522 4646 615 4696 Gellius
627 4645 734 4710 quodB
802 4649 835 4697 24
852 4646 942 4714 μορίῳ
954 4650 995 4700 ed.
1011 4643 1376 4698 Viod.0rricorr.morrioB

184 4769 192 4787 ‚
221 4715 254 4762 25
271 4726 416 4776 αυεροσοιν
432 4728 579 4777 prouocato
596 4714 636 4764 B:
655 4715 730 4766 Hom.
748 4713 780 4765 n.
798 4718 819 4766 A
836 4718 886 4767 459
952 4718 987 4766 26
1007 4706 1137 4783 ἄβρομοι]
1159 4714 1233 4765 Hom.
1252 4712 1284 4762 n.
1304 4711 1375 4762 Ner

155 4779 279 4844 αυίαχον
295 4783 384 4844 lepore
399 4784 587 4844 prommotr'eunr
603 4785 710 4833 coniecit
722 4783 802 4834 Ianua
870 4787 902 4836 31
920 4783 1045 4849 significet
1056 4784 1081 4833 B
1149 4785 1182 4833 32
1199 4782 1268 4848 apud
1284 4777 1441 4851 Terentium]

155 4846 282 4897 Heoreton.
302 4853 352 4897 tim.
369 4852 436 4913 prat.
451 4850 482 4899 19
550 4852 583 4902 36
596 4864 684 4915 aptore
696 4849 721 4900 B
789 4849 894 4918 κλίσις]
912 4853 1010 4922 utpote
1022 4851 1048 4900 B
