3346 5498
259 343 319 409 vso
660 341 664 355 ·
804 313 982 409 ¹rourum

298 482 303 495 .
318 457 406 496 1so·os
420 454 441 494 n.

257 468 296 596 etp
308 535 358 596 diu
380 535 437 595 boc
460 535 622 613 quaesitum
652 540 704 593 est.
749 539 892 612 quantum
916 531 1032 594 videtur
1055 531 1140 593 nobis
1167 531 1202 592 ad
1226 530 1389 610 simplicem
1413 532 1546 593 intellec·

257 647 333 705 tum,
362 637 549 698 accusativus
576 634 698 715 pluralis
727 642 785 705 est,
817 635 869 695 bas'
892 633 1025 695 familias.
1050 643 1170 715 'tamen
1192 636 1216 694 si
1240 652 1341 696 verum
1365 634 1546 704 consideres,

255 757 314 800 non
338 747 383 800 est
404 739 597 807 accusativus,
621 737 673 798 sed
697 739 851 816 genetivus
873 738 1031 816 singularis
1053 739 1200 818 antiquus.
1245 736 1321 817 apud
1344 739 1472 798 maiores
1494 755 1547 796 no·

255 848 333 904 stros
355 843 434 902 enim
458 840 600 920 pleraque
629 841 747 900 uomina
775 840 810 900 ad
838 843 928 900 ritum
957 859 1097 918 graecum
1126 838 1359 901 declinabantur.
1404 837 1547 900 babemus

255 942 332 1024 apud
356 942 527 1004 Sallustium
551 943 769 1004 ‘thesauros
796 942 988 1003 custodias
1016 945 1168 1021 regias'.
1211 944 1252 1003 ita
1274 939 1397 1022 iolcutus
1420 951 1472 1002 est.
1519 948 1573 1005 eta

255 1047 307 1125 qui
330 1047 388 1106 erit
410 1043 595 1106 intellectus?
620 1042 724 1105 nullus.
754 1043 806 1105 sed
828 1045 885 1105 boc
900 1044 989 1105 voluit
1011 1044 1121 1115 dicere,
1146 1046 1258 1106 ‘tenuit
1272 1043 1413 1105 Lucullus
1428 1043 1546 1104 tbesau-

240 1166 303 1208 ros
332 1146 391 1226 τῆς
417 1146 564 1208 custodias
591 1146 649 1226 τῆς
677 1148 803 1225 regias’,
832 1164 938 1225 graeca
967 1146 1178 1219 declinatione:
1208 1147 1355 1228 quemad
1380 1145 1499 1207 modum
1523 1147 1548 1206 si

255 1248 336 1310 dicas
358 1248 431 1310 baec
454 1249 550 1319 Musa,
580 1248 626 1309 sac
649 1248 877 1309 declinationem
900 1267 1052 1328 graecam,
1081 1249 1139 1330 τῆς
1161 1251 1271 1318 llusas;
1296 1248 1393 1310 tabula
1422 1249 1481 1329 τῆς
1502 1253 1563 1330 ta·¹

255 1351 348 1412 bulas.
394 1350 429 1413 ad
458 1352 669 1411 nominativum
699 1352 791 1429 sigma
820 1350 932 1411 addunt
960 1361 989 1413 et
1017 1352 1128 1423 iaciunt
1155 1355 1322 1430 genetivum
1356 1349 1546 1428 singularem.

253 1457 297 1514 sic
320 1454 408 1513 etiam
432 1470 500 1513 cum
523 1453 647 1513 dicimus
670 1461 768 1533 pater,
792 1455 989 1513 nominativus
1012 1461 1064 1514 est.
1092 1455 1156 1516 ,iac
1185 1456 1272 1516 etiam
1298 1457 1386 1514 istum
1410 1451 1546 1533 nomina·
1561 1475 1588 1515 ro

253 1557 360 1626 tivum,
388 1555 463 1616 baec
491 1554 615 1625 lamilia;
643 1554 734 1615 'addis
762 1574 776 1614 s
804 1555 839 1616 ad
868 1556 955 1616 istum
984 1557 1209 1625 nominativum,
1240 1565 1269 1616 et
1295 1555 1421 1634 incipies
1448 1552 1548 1614 lacere

253 1656 388 1718 familias.
436 1675 507 1735 ergo
534 1659 656 1736 incipiet
677 1659 828 1735 genetivus
851 1657 1008 1735 singularis
1037 1677 1111 1719 esse.
1158 1666 1187 1717 et
1210 1658 1288 1719 unde
1310 1656 1474 1737 probamus
1496 1673 1547 1734 ge·

254 1761 385 1821 nativum
407 1758 588 1837 singularem
610 1761 705 1838 magis
728 1778 808 1830 esse,
832 1779 890 1820 non
915 1763 1111 1821 accusativum
1135 1759 1297 1839 pluralem?
1320 1779 1358 1821 ne
1376 1759 1451 1821 torte
1467 1757 1548 1817 dicas

253 1868 331 1923 ‘nou
361 1868 405 1921 est
432 1852 584 1939 genetivus
611 1860 768 1940 singularis
794 1863 865 1936 iste,
895 1861 946 1924 sed
975 1861 1065 1923 debet
1093 1881 1158 1923 esse
1187 1864 1370 1923 accusativus
1398 1859 1546 1940 pluralis'.
1599 1912 1602 1920 .

254 1982 308 2043 ego
332 1962 398 2023 dico
421 1961 474 2023 tibi
497 1982 557 2024 non
580 1977 645 2024 esso
669 1965 882 2034 accusativum,
910 1964 961 2024 sed
985 1972 1098 2025 tantum
1123 1965 1210 2025 modo
1233 1966 1400 2043 genetivum
1423 1969 1547 2042 propter
1562 1987 1587 2026 vs

252 2068 340 2126 istam
363 2064 592 2125 declinationem
622 2084 768 2143 graecam.
812 2085 879 2127 nam
904 2066 1012 2127 licebat
1034 2067 1194 2129 maioribus
1217 2069 1327 2128 uostris
1349 2067 1405 2126 ista
1427 2066 1546 2124 nomina

253 2170 342 2229 etiam
371 2185 477 2246 graeca
501 2166 698 2228 declinatione
721 2170 842 2237 ellerve,
872 2178 904 2229 ut
926 2168 1041 2229 habetis
1063 2171 1093 2228 in
1117 2167 1254 2230 Sallustio
1276 2168 1349 2228 illud
1373 2166 1450 2247 quod
1474 2165 1548 2226 dixi·

254 2289 334 2340 mus,
364 2269 529 2331 ‘custodias
558 2271 670 2348 regias’
700 2289 754 2350 pro
784 2290 818 2330 eo
845 2270 923 2350 quod
952 2278 996 2330 est
1023 2272 1192 2332 ‘custodiae
1221 2272 1354 2349 regiae',
1380 2277 1412 2329 ut
1440 2270 1482 2328 sic
1510 2269 1549 2328 sit

254 2374 346 2451 patris
368 2371 512 2440 familiae,
542 2391 629 2452 quem
659 2372 693 2432 ad
723 2373 842 2452 modum
867 2372 1017 2433 custodiae
1045 2375 1159 2452 regiae,
1190 2373 1234 2433 vel
1257 2379 1380 2451 propter
1402 2370 1478 2431 hanc
1501 2387 1548 2430 ra·

255 2477 365 2536 tionem
390 2473 433 2535 vel
457 2482 580 2553 propter
602 2473 689 2534 illud:
724 2477 822 2536 omnia
845 2477 898 2535 ista
923 2477 1054 2545 nomina,
1079 2493 1154 2552 quae
1177 2481 1410 2555 componuntur,
1434 2471 1470 2532 de
1494 2490 1547 2531 uo·
1561 2497 1587 2535 so

254 2577 396 2637 minativo
425 2584 454 2636 et
484 2578 620 2654 genetivo
649 2586 725 2636 sunt.
770 2576 909 2638 tribunus
931 2577 1072 2638 militum:
1104 2576 1240 2638 tribunus
1267 2576 1384 2654 quaudo
1411 2575 1548 2643 dicimus,

255 2680 305 2759 qui
329 2683 390 2738 est?
413 2675 619 2761 nominatilvus
642 2686 694 2739 est.
740 2687 860 2740 senatus
883 2678 1072 2740 consultum&
1095 2686 1215 2740 senatus
1237 2661 1373 2760 qui'est‘l
1395 2677 1549 2755 genetivus

256 2788 309 2840 est.
341 2782 550 2860 iurisperitus
573 2779 712 2840 dicimus:
737 2783 850 2860 peritus
874 2783 975 2841 cuius?
998 2783 1081 2842 iuris.
1120 2781 1262 2862 numquid
1287 2781 1412 2841 dicimus
1433 2780 1548 2858 peritus

253 2884 337 2944 iura?
363 2884 460 2943 omnia
485 2882 552 2943 talia
575 2891 652 2942 sunt.
684 2881 937 2962 tribunusplebis
960 2883 1091 2944 dicimus.
1124 2883 1242 2962 quando
1265 2882 1390 2942 dicimus
1412 2879 1549 2942 tribunus

254 2984 364 3065 plebis,
395 2984 531 3045 tribunus
560 2986 756 3045 nominativus
786 2992 844 3055 est,
868 2983 963 3064 plebis
985 2987 1139 3062 genetivus
1162 2993 1214 3045 est.
1260 2983 1402 3063 numquid
1424 2982 1549 3042 dicimus
1562 2999 1588 3041 es

255 3085 392 3148 tribunus
414 3085 550 3166 plebem?
585 3104 655 3164 ergo
684 3105 751 3148 cum
779 3095 876 3147 cetera
900 3086 967 3147 talia
991 3088 1109 3147 nomina
1132 3088 1162 3146 in
1186 3087 1378 3146 concitionem
1403 3085 1550 3145 venientia

254 3208 313 3250 iton
342 3190 456 3267 possint
483 3188 572 3249 alium
601 3189 712 3249 babere
741 3190 797 3248 nisi
824 3190 1005 3266 genetivum,
1040 3206 1133 3268 quare
1161 3207 1220 3248 non
1251 3206 1406 3268 possumus
1434 3194 1464 3247 et
1490 3186 1549 3246 hoc

253 3291 354 3352 dicere
378 3309 442 3351 esse
465 3291 653 3369 genetivum?
688 3298 738 3350 aut
760 3298 841 3351 certe
864 3290 900 3350 da
922 3291 994 3351 mibi
1018 3291 1212 3352 elocutionem
1236 3289 1273 3351 dc
1295 3290 1460 3352 accusativo
1482 3288 1549 3367 plu·

254 3392 317 3454 vali.
362 3392 418 3453 boc
446 3411 516 3470 ergo
539 3394 633 3470 magis
654 3395 738 3472 sequi
760 3391 919 3462 debemus,
944 3394 1083 3472 quoniam
1106 3401 1185 3454 extat
1208 3392 1385 3472 exemplum.
1431 3393 1460 3452 iu
1484 3389 1548 3452 Sal-

156 3568 159 3579 ,
253 3492 339 3553 lustio
363 3502 454 3562 extat,
478 3494 529 3553 nbi
553 3496 639 3555 etiam
662 3495 692 3554 in
716 3493 850 3556 collativo
873 3512 932 3554 non
949 3496 1005 3556 nisi
1020 3496 1187 3575 genetivum
1210 3496 1403 3555 inveniamus.
1435 3492 1547 3554 idcirco
1561 3511 1587 3550 so

134 3703 194 3771 tas,
208 3708 240 3757 ee

253 3595 332 3655 bunc
354 3596 523 3674 genetivum
547 3595 646 3657 dicere
669 3595 819 3657 debemus.

339 3696 415 3756 llicit
443 3715 505 3757 rem
529 3696 662 3758 stultam:
692 3697 813 3776 ‘plane'
844 3700 883 3760 ait
905 3699 1075 3759 ‘sciendum
1099 3707 1142 3759 est
1169 3700 1288 3760 nomina
1312 3699 1464 3777 conposita
1488 3716 1548 3758 non

254 3816 344 3877 posse
367 3800 523 3877 conponi'.
553 3809 581 3859 et
604 3801 739 3879 superius
761 3799 834 3859 dixit
855 3798 946 3861 licere
969 3800 1055 3861 nobis
1077 3804 1195 3862 nomina
1219 3801 1256 3860 de
1279 3798 1413 3880 pluribus
1435 3817 1547 3879 conpo-

255 3934 452 3941 --.-—..—-.

323 3987 339 4034 2
358 3994 396 4034 est
411 4002 456 4036 om.
475 3987 506 4045 A,
522 3987 583 4037 odd.
599 4003 615 4036 a
669 3986 685 4035 5
702 3988 770 4051 apud
788 3984 948 4055 Sallustium]
967 3989 1066 4041 ctare.
1085 4006 1111 4054 p.
1130 3988 1187 4048 107,
1207 3989 1237 4039 ll
1259 4003 1333 4051 qnam
1352 3987 1546 4037 declinationem

254 4064 279 4105 ct
294 4055 428 4105 Sallustius
447 4057 471 4103 in
493 4056 524 4104 ΙΙΙ
541 4065 641 4104 secutus
657 4057 692 4105 ait
712 4056 831 4106 ‘castella
853 4059 982 4109 custodias
998 4058 1172 4109 thesaurorum
1187 4059 1212 4106 in
1235 4060 1388 4108 deditionem
1403 4059 1548 4123 acciperen-

253 4127 312 4183 tur’,
326 4126 397 4176 Sero.
411 4129 436 4174 ia
447 4127 526 4190 Verp.
536 4126 600 4179 Aen,
610 4125 646 4174 Xl
658 4125 708 4176 801
723 4127 860 4176 secundum
877 4128 1024 4177 Sallustium
1038 4130 1062 4182 in
1079 4128 1124 4177 illl
1138 4127 1310 4189 historiarum,
1325 4129 1366 4192 qui
1380 4129 1414 4176 nit
1427 4129 1548 4178 ‘castella

254 4196 383 4245 custodias
407 4194 599 4245 tlvesaurorum’
623 4211 668 4260 pro
692 4196 830 4250 custodiae,
862 4198 897 4246 ita
925 4200 991 4248 enirn
1014 4200 1087 4247 etiam
1114 4201 1196 4264 Asper
1218 4199 1343 4264 intellegit
1411 4197 1548 4247 thesaurus

256 4266 383 4316 costodias
401 4267 425 4312 A
496 4267 512 4314 o
530 4266 664 4317 tlresnnros
682 4266 738 4316 tlves
757 4266 829 4329 (tbec
846 4265 872 4330 c)
894 4270 1022 4318 custodias
1040 4269 1097 4318 thes
1115 4267 1185 4332 (alveo
1199 4269 1226 4333 e)
1246 4271 1329 4334 regias
1348 4268 1398 4317 Be
1415 4268 1548 4317 thesauros

255 4335 311 4401 (the
329 4335 392 4387 odd.
408 4333 453 4391 ὦ)
470 4337 597 4385 costodiss
615 4334 671 4397 (tbe
690 4336 750 4389 aad.
765 4335 813 4398 dl)
827 4338 914 4402 regias
930 4338 952 4386 A
1023 4341 1038 4385 7
1054 4354 1171 4404 graecam
1188 4339 1382 4388 declinationem
1398 4337 1422 4386 A
1429 4336 1480 4387 BG

256 4408 273 4456 8
289 4405 346 4456 thes
365 4420 452 4454 musas
471 4406 558 4454 taliula
571 4405 625 4454 thes
644 4407 742 4455 tabulas
759 4405 808 4454 BC
826 4407 868 4456 tbe
882 4423 968 4456 mitons
987 4409 1071 4458 tabula
1090 4409 1133 4458 the
1149 4408 1246 4458 tabulas
1260 4409 1285 4456 A
1358 4407 1390 4458 10
1404 4423 1460 4456 cnm
1479 4408 1548 4456 dics·

256 4492 312 4526 mus
326 4490 395 4526 corr.
414 4491 470 4525 cnm
486 4476 594 4525 dicimus
606 4477 642 4527 B:
660 4492 715 4525 curn
734 4478 848 4526 dicamus
867 4487 1009 4544 pateream
1027 4481 1141 4528 dieamus
1158 4480 1183 4529 A
1238 4479 1269 4528 12
1287 4495 1347 4543 ergo
1364 4479 1467 4543 incipiet
1485 4477 1548 4528 BCn

254 4560 316 4613 ergo
336 4546 426 4611 incipit
443 4546 468 4594 A
542 4545 572 4595 15
596 4562 644 4611 ego
665 4547 721 4597 dico
741 4546 835 4611 A(?)c
856 4562 903 4612 ego
927 4558 1009 4612 autem
1030 4550 1085 4598 dico
1103 4549 1128 4598 B
1147 4564 1208 4613 ergo
1233 4549 1290 4597 dieo
1308 4546 1342 4597 a*
1415 4548 1447 4598 18
1467 4556 1494 4597 ut
1510 4551 1548 4596 sic

254 4620 336 4667 sit-
354 4618 442 4682 regine
458 4632 503 4666 om.
524 4616 558 4674 A,
577 4617 638 4664 add.
657 4635 673 4664 a
744 4620 776 4667 25
794 4618 876 4684 plebis
893 4619 1028 4683 genetivus
1044 4628 1082 4668 est
1100 4634 1144 4668 om.
1162 4619 1194 4674 A,
1208 4619 1269 4667 odd.
1288 4635 1303 4667 a
1374 4617 1408 4668 26
1426 4633 1484 4667 curn
1501 4633 1547 4667 oar.

254 4687 288 4748 A,
306 4687 398 4740 oddo
468 4695 550 4735 cetero
568 4687 617 4735 alin
637 4686 719 4737 ABG
787 4688 820 4739 29
839 4687 886 4736 boc
903 4690 975 4751 sequi
992 4691 1074 4753 magis
1093 4690 1214 4737 debemus
1233 4688 1258 4737 B
1328 4689 1447 4750 quoniam
1465 4696 1548 4737 exstat

254 4755 319 4806 Ba*
339 4757 458 4821 qnoniam
477 4765 527 4806 stat
543 4756 567 4804 A
637 4757 671 4807 30
687 4758 711 4804 in
733 4756 850 4806 collatino
867 4757 940 4808 uua
959 4758 1094 4808 incolatiuo
1110 4761 1134 4808 A
1154 4761 1177 4807 in
1197 4759 1329 4807 collectiuo
1348 4774 1370 4811 r,
1385 4759 1501 4821 sortasse
1522 4760 1546 4806 iu

254 4826 395 4877 elocutione
