3346 5498
257 379 318 444 148
824 384 977 447 ΡΟΜΡΕΙΙ

280 501 301 544 p.
316 490 440 531 tls-181„

254 590 310 651 qua
332 592 366 633 re
388 574 428 631 ita
449 571 601 632 lecerunt?
623 570 701 651 apud
724 589 829 633 omnes
843 578 965 640 constat,
989 573 1040 649 qui
1061 573 1246 650 scripserunt
1268 572 1304 634 de
1326 571 1446 650 regulis,
1470 575 1539 653 quia

253 673 343 735 debet
370 672 564 735 nornen'boc
591 674 814 754 provincialium
837 675 936 734 minus
958 691 1022 734 esse
1043 671 1162 751 syllabis
1183 694 1200 735 a
1222 677 1342 735 nomine
1364 675 1542 754 provinciae.

253 783 323 855 puta
345 777 415 837 bler-
444 775 520 836 duae
548 774 678 856 syllabae
701 783 785 846 sunt,
808 776 905 836 birico
928 782 989 836 tres
1010 783 1093 842 sunt3
1122 774 1211 837 ltalus
1232 784 1293 837 tres
1315 775 1444 856 syllabae
1466 785 1544 845 sunt,

254 877 335 938 ltalia
352 885 491 957 quattuor
513 888 596 947 sunt;
621 877 725 940 Gallus
740 881 819 939 duae
832 879 965 954 syllabae
978 885 1056 945 sunt,
1074 878 1174 937 Gallia
1188 887 1249 939 tres
1262 887 1341 939 sunt.
1364 880 1545 939 contrarium

252 988 297 1040 cst
312 988 344 1040 ut
359 998 468 1041 nornen
484 979 676 1041 derivativum
691 983 789 1041 minus
805 981 842 1041 sit
857 978 977 1059 syllabis
991 998 1008 1039 a
1023 978 1189 1058 principali.
1217 979 1269 1040 sed
1293 979 1365 1040 dicis
1387 979 1453 1049 boe,
1477 982 1572 1060 quias

251 1079 395 1142 derivatio
419 1089 464 1142 εει
487 1081 524 1143 ab
546 1090 677 1144 auctore.
722 1082 870 1145 namhoc
893 1081 971 1161 quod
995 1083 1034 1141 ita
1058 1081 1164 1141 dicitur
1186 1099 1241 1159 ego
1264 1080 1330 1144 dico
1353 1081 1544 1143 derivativum

251 1202 316 1245 esse
344 1183 381 1244 ab
409 1186 475 1263 ipso
503 1193 633 1245 auctore.
678 1203 747 1245 nam
775 1202 835 1244 uon
864 1183 900 1245 de
923 1185 1043 1245 nomine
1065 1185 1234 1262 provinciae
1257 1181 1423 1262 appellatur
1444 1182 1544 1253 bomo,

249 1284 301 1346 sed
328 1286 392 1365 ipsa
420 1287 572 1365 provincia
599 1285 637 1346 de
664 1287 785 1347 nomine
807 1286 935 1346 bominis
957 1283 1135 1365 appellatur,
1166 1293 1199 1344 ut
1222 1285 1354 1345 videatur
1377 1303 1441 1346 esse
1464 1283 1545 1345 deri-

249 1389 335 1447 vatio.
381 1405 452 1466 ergo
479 1389 534 1447 ista
564 1396 632 1448 sunt
659 1388 755 1465 gentis
783 1389 912 1447 nomina.
956 1386 1071 1447 accedit
1093 1388 1180 1447 etiam
1209 1388 1337 1466 patriae,
1361 1394 1394 1448 ut
1415 1388 1440 1446 si
1462 1386 1544 1448 dicas

248 1488 401 1550 Romanus
422 1487 592 1549 'l'bebanns
623 1489 737 1550 accedit
759 1490 847 1550 etiarn
870 1491 999 1563 numeri,
1024 1497 1056 1550 ut
1077 1497 1148 1568 puta
1170 1489 1309 1571 quinique
1332 1486 1436 1549 decem
1458 1495 1541 1549 octo:
1557 1504 1582 1544 ιο

250 1591 370 1651 nomina
392 1598 461 1651 sunt
483 1609 687 1652 numerorum.
729 1590 843 1651 accedit
865 1593 953 1652 etiarn
976 1589 1106 1660 ordinis,
1129 1588 1415 1669 quintusdecimus.
1445 1662 1447 1666 Α

133 1703 191 1762 430,
207 1702 238 1750 tu
337 1692 413 1753 Sunt
434 1691 490 1752 alia
513 1711 588 1772 quae
610 1692 751 1753 dicuntur
773 1693 808 1753 ad
833 1691 956 1773 aliquid,
981 1710 1055 1770 quae
1078 1690 1114 1751 ad
1137 1709 1295 1770 personam
1318 1692 1492 1753 referuntur
1515 1699 1545 1751 ει

20 1826 30 1853 ι
249 1812 303 1872 per
325 1812 357 1854 se
386 1792 569 1855 intellectum
598 1814 657 1855 non
686 1793 813 1864 babent,
842 1803 875 1855 ut
901 1797 925 1854 si
948 1793 1030 1855 dicas
1052 1793 1143 1862 filius;
1167 1811 1226 1853 non
1249 1800 1346 1872 potest
1368 1792 1444 1854 tilius
1467 1811 1543 1863 esse,

118 1888 122 1892 ’
248 1896 306 1956 nisi
334 1903 448 1975 patrem
477 1895 599 1963 babeat;
629 1902 713 1975 pater
741 1914 801 1956 non
828 1902 926 1975 potest
955 1915 1034 1966 esse,
1053 1897 1123 1956 'uisi
1151 1895 1243 1956 silium
1266 1894 1381 1957 babeat.
1427 1897 1481 1955 ista
1505 1894 1542 1954 ad

166 2017 172 2025 ·
248 1995 356 2076 aliquid
380 2007 458 2057 sunt.
497 1998 566 2075 quid
591 2015 663 2075 ergo
685 1999 811 2059 interest
833 2000 911 2059 inter
932 1997 968 2057 ad
992 1995 1099 2076 aliquid
1124 2006 1153 2056 et
1175 1999 1252 2057 inter
1274 1996 1467 2058 adiectirnm?
1490 1997 1541 2057 ad·
1556 2015 1581 2056 15

246 2099 387 2160 iectivuur
410 2107 590 2178 rronpotest
611 2118 665 2179 per
688 2118 721 2160 se
743 2097 864 2178 plenurn
887 2098 998 2159 babere
1020 2117 1149 2159 sensum.
1188 2099 1213 2158 si
1236 2096 1317 2159 dieas
1339 2097 1445 2167 clarus,
1469 2097 1540 2178 quid

247 2198 362 2261 clarus?
395 2202 453 2260 scis
480 2200 599 2279 quidem
627 2201 683 2262 boc
711 2203 824 2281 ipsum,
855 2200 923 2280 quid
952 2203 990 2261 sit
1016 2201 1127 2270 clarus,
1158 2201 1186 2260 id
1210 2207 1254 2261 est
1276 2200 1463 2280 splendidus,
1488 2199 1541 2260 sed

248 2310 375 2362 nonest
401 2310 501 2363 tamen
523 2301 630 2383 plenus
651 2320 772 2371 seusuS,
807 2304 865 2363 nisi
894 2302 1052 2370 adieceris,
1082 2302 1181 2364 clarus
1208 2303 1261 2363 vir.
1308 2300 1377 2382 quid
1401 2319 1472 2380 ergo
1495 2302 1541 2361 in·

247 2411 341 2463 teresi
368 2407 446 2464 inter
474 2404 531 2464 boc
559 2404 637 2483 quod
660 2397 833 2483 'appellatur
862 2402 898 2464 ad
921 2403 1032 2484 aliquid
1056 2412 1085 2464 et
1108 2402 1181 2464 illud
1203 2404 1280 2484 quod
1303 2403 1468 2483 appellatur
1490 2403 1541 2464 ad·

247 2506 402 2565 iectirunr‘t
435 2505 504 2585 qnid
526 2507 668 2567 interest?
696 2505 774 2585 qnod
795 2503 856 2567 illic
880 2513 924 2567 est
946 2504 1064 2584 quidern
1089 2524 1208 2576 seusus,
1230 2506 1283 2566 sed
1302 2506 1398 2567 adbuc
1420 2513 1487 2584 eget
1510 2514 1580 2566 nto

247 2605 436 2686 conpleatur;
459 2608 591 2667 hicnon
614 2608 744 2668 nascitur
767 2626 871 2668 sensus
893 2609 958 2668 sine
979 2606 1036 2668 alia
1057 2625 1193 2686 persona.
1231 2606 1309 2669 aliud
1333 2615 1465 2669 estesse
1488 2607 1539 2667 ali-

246 2707 331 2786 quid,
360 2707 412 2768 sed
441 2727 599 2788 superesse
621 2715 653 2768 ut
674 2709 863 2791 conpleatur.
892 2707 971 2769 aliud
1000 2717 1044 2768 εει
1071 2711 1189 2787 penitus
1211 2727 1269 2769 non
1293 2727 1358 2770 esse
1381 2727 1437 2769 nec
1459 2710 1541 2769 nasci

244 2826 347 2887 posse,
376 2811 434 2870 nisi
461 2812 609 2889 acceperit
637 2809 724 2870 aliam
746 2829 913 2890 personam.
958 2829 1027 2871 eece
1050 2811 1148 2871 clarus
1171 2820 1215 2871 est
1235 2829 1340 2871 sensus
1362 2819 1391 2872 ει
1413 2829 1472 2871 non
1495 2818 1542 2871 est

246 2907 251 2992 l
274 2909 395 2990 plenus,
420 2921 449 2972 et
471 2921 568 2972 tanoen
592 2919 624 2972 tu
646 2915 738 2981 nosti,
762 2911 831 2991 quid
852 2915 889 2972 sit
904 2910 1010 2974 clarus.
1043 2931 1060 2973 ε
1082 2913 1232 2973 contrario
1255 2921 1339 2993 pater
1360 2930 1420 2972 non
1441 2919 1542 2990 potest

245 3031 323 3082 csse,
348 3015 404 3072 nisi
427 3013 535 3074 babeat
557 3012 659 3074 filium.
692 3031 763 3092 ergo
786 3014 842 3074 boe
864 3014 997 3082 interest,
1021 3014 1100 3094 quod
1122 3014 1182 3076 illic
1204 3017 1302 3076 minus
1324 3024 1368 3075 εει
1390 3013 1537 3093 quiddam,
1552 3031 1580 3073 as

244 3112 293 3173 bic
315 3114 390 3174 nibil
414 3122 472 3184 εει,
496 3117 555 3175 nisi
577 3115 700 3176 accedat
721 3115 777 3176 alia
800 3134 937 3193 persona.
984 3124 1029 3175 est
1050 3117 1139 3176 etiam
1167 3114 1245 3176 aliud
1269 3117 1346 3196 qnod
1371 3115 1539 3196 appellatur

244 3220 295 3278 ‘ut
322 3217 358 3277 ad
387 3215 497 3296 aliquid
520 3217 645 3296 qualiter
667 3237 699 3278 se
722 3217 840 3279 babet’.
884 3217 941 3278 boc
967 3221 1015 3277 ‘ut
1037 3217 1073 3279 ad
1095 3217 1204 3298 aliquid
1228 3218 1353 3297 qualiter
1374 3236 1407 3278 se
1430 3216 1537 3279 babet’

244 3321 485 3380 contrarietatem
513 3320 657 3397 signifieat
685 3327 813 3387 mutuno,
842 3319 914 3380 nibil
948 3318 1039 3380 aliud:
1076 3327 1148 3398 puta
1175 3321 1256 3380 vivus
1284 3327 1432 3381 mortuus:
1467 3320 1538 3399 quid

245 3428 304 3481 tarn
328 3423 510 3482 contrarium
534 3423 612 3490 rivo,
638 3439 725 3500 quam
746 3423 900 3484 rnortuus‘l
927 3424 1012 3500 niger
1034 3421 1190 3492 candidus,
1219 3421 1281 3484 dies
1303 3440 1371 3483 nox.
1416 3423 1470 3482 ista
1493 3421 1537 3482 di-

244 3530 354 3583 euntur
376 3523 426 3581 ‘nt
449 3522 484 3582 ad
508 3521 619 3601 aliquid
641 3522 767 3602 qualiter
789 3542 821 3584 se
843 3522 1010 3585 babentia‘.
1551 3541 1577 3580 so

127 3639 231 3700 leona
329 3623 405 3683 Sunt
431 3623 596 3700 generalia:
631 3623 780 3702 generalia
809 3625 949 3686 dicuntur
978 3644 1052 3706 quae
1079 3624 1171 3685 multa
1193 3626 1222 3684 iu
1245 3644 1277 3685 εε
1300 3624 1480 3702 significant,
1504 3634 1537 3685 ut

244 3724 362 3785 anirnal.
391 3731 489 3803 potest
510 3724 619 3786 animal
642 3744 707 3787 esse
730 3733 759 3787 ει
781 3725 885 3795 bomo,
909 3725 1016 3788 animal
1040 3746 1104 3788 esse
1119 3736 1149 3788 ει
1168 3725 1315 3794 caballus,
1340 3725 1447 3786 animal
1471 3744 1537 3788 esse

244 3831 273 3885 ει
295 3825 400 3886 burdo.
431 3835 477 3887 est
499 3828 570 3887 item
592 3825 735 3905 speciale:
759 3828 886 3907 speciale
910 3828 1019 3889 dieitur
1034 3827 1113 3908 quod
1135 3836 1250 3909 partem
1272 3829 1396 3889 retinet:
1420 3834 1452 3887 ut
1465 3836 1536 3908 puta

244 3946 313 4005 pars
336 3927 470 3988 animalis
485 3938 531 3989 est
546 3928 649 3995 borno;
674 3945 746 4006 crgo
768 3928 857 3989 bomo
879 3929 1007 4009 speciale
1029 3947 1137 3990 nomen
1162 3937 1218 3990 est:
1242 3948 1312 4009 pars
1334 3928 1469 3989 animalis
1491 3938 1537 3991 est

243 4049 373 4097 corvus;·
401 4048 472 4107 ergo
500 4048 608 4090 corvus
631 4028 760 4109 speciale
783 4048 892 4091 nornen
915 4040 967 4091 est.
1013 4050 1139 4110 namque
1161 4033 1234 4093 istae
1256 4033 1371 4112 speeies
1394 4030 1534 4093 collectae
1548 4060 1575 4101 ³5

242 4131 381 4207 generale
410 4150 518 4191 nornen
546 4133 667 4193 iaciunt.
713 4131 770 4191 boc
798 4133 878 4191 eninr
904 4133 1042 4204 interest,
1072 4132 1150 4212 quod
1173 4133 1312 4211 generale
1334 4151 1442 4194 nomen
1464 4133 1535 4195 lacit

241 4232 279 4293 de
301 4251 334 4292 se
355 4234 484 4312 species3
507 4232 636 4311 speciale
657 4251 768 4294 nonren
791 4252 807 4293 a
830 4251 940 4312 genere
962 4235 1129 4305 descendit,
1154 4233 1270 4296 aliunde
1293 4237 1381 4297 venit.

311 4385 409 4434 dolone
428 4385 540 4449 syllabae
558 4396 617 4436 suut
644 4386 727 4437 Gellia
748 4401 801 4437 tres
819 4396 878 4437 sunt
896 4402 941 4437 om.
961 4388 1048 4440 ABG
1116 4388 1200 4454 dego
1219 4389 1276 4439 dico
1295 4388 1334 4439 Ob
1352 4404 1414 4456 ergo
1432 4391 1489 4440 dieo
1508 4391 1534 4440 B

241 4453 358 4516 dieoa*‚
377 4471 424 4510 om,
443 4455 468 4503 A
539 4458 606 4506 lob
626 4460 682 4522 ipso
702 4445 792 4508 ut'ab
811 4459 893 4523 ipsius
912 4458 970 4507 AB
1042 4459 1073 4509 12
1092 4459 1271 4509 suntaliaad
1290 4459 1386 4524 aliquid
1405 4475 1470 4524 quae
1494 4461 1534 4510 di·

240 4534 331 4575 cuntur
352 4526 385 4574 ad
403 4525 499 4589 aliquid
518 4528 542 4576 A
614 4528 645 4577 15
665 4528 725 4591 quid
745 4541 806 4594 ergo
829 4529 935 4577 intereat
953 4528 1018 4576 inter
1035 4530 1067 4578 ad
1085 4528 1181 4593 aliquid
1200 4528 1247 4578 Ba
1267 4531 1328 4591 quid
1347 4545 1408 4595 ergo
1427 4530 1534 4590 interest

240 4597 306 4644 inter
321 4595 417 4659 aliquid
437 4595 534 4657 Oquid
552 4611 613 4661 ergo
629 4608 667 4647 est
685 4599 750 4648 iuter
768 4597 865 4660 aliquid
885 4598 909 4647 A
980 4596 1012 4647 19
1027 4599 1170 4664 appelletur
1188 4597 1221 4647 ad
1235 4598 1332 4662 aliquid
1351 4598 1425 4649 laea
1442 4600 1532 4666 appel-

241 4666 306 4715 latur
324 4666 420 4727 aliquid
436 4664 460 4712 A
545 4667 579 4716 24
598 4675 719 4717 ettamen
739 4679 764 4717 tu
782 4669 847 4717 nosti
866 4666 928 4731 qnid
946 4668 980 4717 sit
994 4667 1078 4717 clarus
1094 4684 1139 4722 om.
1160 4669 1195 4729 A,
1213 4669 1274 4717 add.
1293 4684 1311 4717 a
1389 4670 1422 4717 27
1440 4668 1534 4719 babeat

239 4749 306 4785 eoin.
325 4735 402 4784 babet
418 4738 507 4800 priore
523 4737 577 4785 loco
595 4737 626 4786 C:
653 4738 768 4799 fortusse
783 4745 811 4786 ut
829 4737 862 4787 ad
879 4737 975 4800 aliquid
994 4738 1101 4800 qualiter
1118 4753 1146 4787 se
1165 4736 1262 4787 babens
1349 4737 1383 4788 30
1403 4748 1429 4787 ut
1447 4740 1535 4791 oruC

290 4805 398 4868 qualiter·
414 4820 442 4854 εε
461 4805 580 4854 babentia
593 4808 723 4871 generalia
743 4818 802 4857 snnt
819 4810 842 4856 in
860 4809 936 4858 lituro
954 4824 970 4854 o
1026 4809 1056 4857 31
1076 4809 1190 4870 fortasse
1208 4809 1287 4857 multe
1304 4809 1329 4856 in
1345 4823 1373 4858 se
1391 4810 1531 4874 continent,

239 4873 287 4923 boc
305 4885 343 4923 est
360 4873 437 4923 moba
454 4876 599 4940 significant
