3346 5498
271 396 334 461 534
782 396 1050 479 [ululationis]

297 520 318 558 p.
332 507 388 547 rane.
403 508 428 546 ov
442 504 464 545 P.
1566 495 1578 527 ⁸

271 607 287 647 a
310 589 416 656 mittit,
445 593 479 645 nt
505 585 595 646 huius
622 585 714 646 Iuliae
745 584 782 646 ab
810 585 866 647 hae
894 585 982 656 lulia,
1012 585 1101 646 huius
1128 585 1228 647 Musae
1258 586 1294 647 ab
1322 587 1378 648 hae
1399 587 1493 650 Musa.
1540 590 1566 651 si

271 674 428 750 genetivus
455 673 486 731 in
515 673 541 730 is
568 672 691 742 exierit,
720 670 895 751 plerumque
919 673 949 731 in
972 689 1003 741 e,
1027 671 1184 751 aliqnando
1206 673 1236 732 in
1259 675 1284 743 i,
1308 691 1469 754 numquam
1493 676 1567 734 ino

272 759 362 818 mittit
390 756 565 826 ablativum,
595 765 627 817 ut
654 764 725 836 puta
751 756 841 816 hrains
869 758 993 836 parietis
1021 755 1057 817 ab
1086 757 1142 817 hoe
1169 758 1299 836 pariete,
1324 758 1413 819 huius
1433 759 1567 819 bominis

271 842 307 903 ab
331 842 387 902 lroe
409 843 539 902 bomine.
584 842 614 901 in
637 859 747 919 genere
771 844 920 902 communi
941 842 1140 903 nominativus
1161 850 1192 903 et
1219 845 1374 921 genetivus
1401 846 1427 904 si
1449 843 1566 905 habue-

272 931 332 988 rint
355 930 396 996 is,
421 926 580 988 ablativum
603 928 634 987 in
657 929 666 986 i
691 929 827 996 mittunt,
851 935 883 986 nt
906 926 955 987 bie
977 926 1096 987 ethaeo
1112 926 1212 1005 agilis,
1235 927 1285 987 hie
1307 936 1338 988 et
1359 923 1593 1004 haee'laoilis,⁵

271 1012 308 1073 ab
330 1012 386 1072 hoc
409 1020 438 1072 et
460 1012 497 1073 ab
521 1013 575 1072 hae
599 1011 667 1089 agili
689 1012 734 1072 vel
757 1011 848 1071 laeili.
893 1013 978 1091 siqua
1006 1020 1075 1072 sunt
1102 1030 1178 1091 qnae
1206 1012 1343 1073 dillerant
1371 1012 1407 1073 ab
1436 1014 1492 1074 hae
1516 1033 1565 1075 re·

271 1097 352 1175 gula,
382 1099 476 1175 magis
504 1115 558 1157 nsu
587 1116 674 1175 qnam
703 1100 817 1157 ratione
839 1097 950 1157 lactum
973 1104 1033 1157 est:
1064 1104 1187 1176 utputa
1209 1097 1282 1159 haee
1305 1100 1368 1158 ovis
1389 1098 1478 1159 huius
1499 1101 1567 1159 ovis

271 1182 430 1243 ablativum
453 1184 484 1242 in
508 1186 517 1243 i
541 1184 660 1243 mittere
683 1181 802 1249 debuit,
827 1189 977 1242 ettamen
1000 1184 1031 1242 in
1054 1201 1070 1242 e
1093 1183 1200 1252 mittit,
1224 1191 1257 1242 ut
1279 1183 1316 1243 ab
1338 1183 1393 1244 hac
1415 1203 1478 1254 ove,
1503 1203 1564 1244 non

270 1271 327 1328 ovi.
351 1268 402 1327 sed
425 1268 496 1338 boe,
521 1274 553 1327 ut
575 1267 719 1336 diximus,
743 1285 796 1327 usn
819 1269 914 1345 magis
936 1285 1023 1346 quam
1047 1269 1162 1327 ratione
1186 1268 1296 1329 laetum
1318 1276 1373 1329 est.
1407 1271 1566 1347 genetivus

270 1356 296 1413 si
318 1352 456 1414 lrabnerit
479 1356 488 1413 i
512 1355 541 1412 in
565 1370 675 1430 genere
698 1351 877 1421 masculino,
901 1351 1059 1412 ablativum
1081 1353 1113 1412 in
1134 1371 1152 1412 e
1174 1355 1281 1424 mittit,
1311 1361 1344 1414 ut
1371 1353 1459 1415 huius
1483 1354 1565 1415 docti
1581 1367 1605 1405 ιο

272 1439 360 1498 liuius
384 1440 454 1499 iusti
478 1437 593 1499 abhoc
617 1439 703 1499 doeto
726 1437 763 1498 ab
786 1437 841 1496 lieo
864 1439 953 1497 insto.
998 1437 1049 1497 sed
1080 1436 1147 1497 ideo
1176 1437 1238 1499 dixi
1260 1441 1291 1498 in
1313 1457 1423 1517 genere
1446 1459 1565 1502 maseu-

271 1525 333 1584 lino
355 1522 411 1582 hoe
434 1522 588 1584 observari
612 1523 737 1592 debere,
762 1524 831 1602 quia
853 1522 883 1582 in
905 1539 1015 1600 genere
1037 1522 1182 1583 leminino
1204 1524 1353 1584 invenitur
1374 1527 1534 1602 genetivus
1556 1527 1566 1584 i

269 1608 381 1668 habere
410 1616 440 1668 et
462 1609 492 1669 in
515 1628 530 1668 e
555 1611 637 1670 exire
667 1606 824 1676 ablativum,
853 1625 912 1667 non
942 1609 972 1666 in
1001 1627 1034 1674 o,
1058 1614 1091 1667 nt
1112 1616 1182 1687 puta
1206 1608 1292 1668 lanius
1313 1610 1358 1669 rei
1381 1608 1417 1669 ab
1440 1609 1496 1669 hae
1520 1629 1564 1677 re,

269 1695 358 1755 huius
385 1695 497 1773 speciei
527 1693 563 1753 ab
592 1694 647 1754 liae
676 1695 784 1773 specie.
829 1695 984 1770 genetivus
1013 1694 1037 1751 si
1066 1691 1204 1753 habuerit
1227 1712 1276 1762 us,
1308 1693 1466 1754 ablativum
1489 1697 1521 1755 in
1545 1714 1565 1755 ιι

270 1781 375 1847 ιιιίιῑίι,
405 1787 437 1839 ut
464 1779 553 1839 liuius
582 1797 684 1839 versus
714 1778 803 1838 ludus
830 1777 952 1845 llnetus,
985 1776 1100 1836 abhoc
1123 1796 1209 1838 versu
1234 1777 1270 1838 ab
1293 1777 1348 1838 heo
1371 1779 1474 1839 linctu.
1520 1783 1603 1840 sicu

269 1882 341 1941 ergo
363 1864 399 1923 de
423 1866 560 1942 genetivo
583 1865 727 1941 singulari
751 1861 845 1923 trahis
867 1862 999 1938 regulam
1022 1862 1058 1921 ad
1086 1861 1244 1923 ablativum
1267 1863 1462 1941 singularem,
1492 1868 1564 1944 quia

270 1948 415 2009 ablativus
438 1968 523 2009 casus
546 1950 596 2009 dat
620 1949 751 2026 regulam
769 1948 804 2007 ad
822 1949 991 2026 genetivum
1014 1956 1044 2008 et
1067 1947 1195 2008 dativum
1218 1949 1378 2027 pluralem,
1401 1969 1491 2029 quam
1514 1969 1563 2010 sn·

268 2053 322 2114 pra
345 2037 515 2095 memoravi.

354 2119 415 2180 dlia
439 2120 555 2198 regula:
585 2121 785 2179 nominativus
812 2120 837 2178 si
860 2119 885 2178 is
908 2116 1061 2185 habuerit,
1092 2126 1142 2178 ant
1170 2137 1272 2198 parem
1301 2118 1424 2180 habebit
1445 2122 1562 2197 geneti-

269 2224 351 2273 vnrn,
376 2212 416 2267 nt.
430 2206 478 2265 lrie
501 2207 580 2281 ignis
603 2205 691 2264 liuius
713 2206 806 2281 igniS,
830 2203 903 2263 liaeo
926 2205 1035 2283 puppis
1064 2202 1151 2263 liuius
1172 2207 1297 2283 puppis;
1327 2213 1376 2265 aut
1404 2206 1429 2264 si
1452 2208 1563 2265 erescit
1577 2216 1602 2253 2⁰

268 2291 439 2367 genetivus,
463 2309 517 2369 per
540 2291 593 2349 lias
616 2291 739 2358 erescit,
762 2307 896 2368 pernr
919 2288 984 2348 td:
1014 2306 1125 2366 pern,
1154 2297 1185 2349 nt
1206 2297 1276 2368 puta
1301 2290 1419 2367 sanguis
1442 2291 1563 2368 sangui-

269 2378 331 2446 nis;
354 2393 409 2454 per
433 2395 461 2444 r,
486 2383 517 2435 ut
540 2376 615 2435 einis
638 2376 764 2442 cineris,
788 2372 884 2452 pulvis
898 2373 1044 2452 pulveris
1074 2381 1170 2452 per,t
1194 2372 1311 2434 Samnis
1327 2374 1484 2446 Samnitis
1508 2395 1564 2455 per

269 2460 302 2531 d,
327 2461 426 2540 cuspis
449 2460 591 2540 cuspidis.

353 2545 416 2606 allia
440 2546 559 2623 vegula:
584 2542 729 2604 ablativus
751 2562 818 2604 evim
841 2541 980 2603 habuerit
1003 2562 1034 2612 e,
1058 2562 1218 2624 numquam
1235 2545 1367 2622 adiungit
1382 2564 1433 2606 um
1455 2547 1486 2606 iu
1511 2565 1563 2607 no·

267 2632 422 2701 rninativo,
447 2640 479 2691 nt
501 2638 572 2711 puta
595 2628 719 2689 verbere
742 2632 773 2689 in
796 2627 939 2697 ablativo,
963 2631 1117 2709 quaeritur
1133 2637 1232 2690 utrum
1253 2630 1284 2690 in
1306 2632 1488 2691 nominativo
1511 2642 1601 2693 um2⁵

270 2715 274 2797 Ι
297 2716 418 2786 lrabeat,
444 2725 476 2777 ut
498 2716 631 2776 dieamus
653 2714 708 2774 hoe
730 2713 908 2796 verberum„
933 2714 985 2773 sed
1007 2713 1203 2791 prohibemur
1225 2715 1325 2792 regula
1349 2714 1486 2786 ablativi,
1511 2719 1564 2797 qni

266 2821 332 2862 earm
357 2801 495 2861 babuerit
518 2821 550 2869 e,
574 2803 604 2860 in
628 2801 809 2859 nominativo
831 2817 990 2877 numquam
1019 2798 1143 2859 habebit
1171 2818 1229 2860 nm.
1275 2817 1345 2877 ergo
1369 2804 1393 2861 si
1417 2800 1472 2861 hee
1495 2820 1562 2862 ver-

267 2885 370 2946 berum
399 2906 459 2948 non
488 2886 629 2953 dicimus,
659 2903 718 2964 (qno
740 2883 827 2944 modo
849 2884 1001 2944 dicemus?
1031 2887 1132 2963 ntique
1155 2885 1210 2945 hoe
1233 2884 1355 2955 v,erber
1379 2894 1409 2946 et
1432 2887 1564 2948 dieimus

267 2975 297 3032 in
321 2971 448 3031 ablativo
471 2971 507 3031 ab
536 2971 592 3030 hoe
619 2968 745 3029 verbere
774 2977 805 3029 et
826 2969 980 3048 pluraliter
1003 2968 1076 3029 liaeo
1099 2969 1323 3050 verberaque
1346 2971 1433 3031 inodo
1455 2970 1562 3033 ubera.

265 3047 307 3116 sio
330 3057 400 3117 huie
423 3057 542 3135 regulae
566 3056 732 3115 contrarius
753 3072 814 3116 nen
837 3063 882 3116 est
903 3056 1110 3115 nominativus.
1150 3074 1216 3115 rrarn
1240 3057 1265 3116 si
1287 3058 1487 3117 nominativus
1509 3076 1562 3118 ιιιιι
1576 3069 1601 3109 ³0

267 3141 422 3214 babuerit,
447 3159 606 3220 numquam
630 3143 727 3199 mittet
750 3139 939 3201 ablativum
931 3159 962 3200 ιιι
986 3158 1016 3207 e,
1041 3148 1071 3199 et
1092 3139 1148 3199 hoe
1171 3140 1345 3201 observabis
1367 3149 1524 3221 perpetuo.

350 3228 413 3289 ntia
442 3227 560 3305 regula:
585 3229 740 3304 genetivus
770 3244 837 3285 eum
864 3225 1038 3287 habuerit
1031 3244 1071 3295 ra,
1095 3243 1255 3306 numquam
1279 3228 1376 3286 mittet
1398 3226 1561 3287 ablativum

266 3315 297 3373 in
320 3333 352 3382 o,
376 3323 408 3375 ut
430 3321 501 3392 puta
525 3330 561 3371 ne
586 3311 666 3372 dieas
689 3316 837 3390 ‘paupere
859 3317 1055 3390 patronatus
1082 3314 1174 3370 sum'.
1218 3314 1372 3389 genetivus
1394 3314 1475 3372 enim
1498 3314 1561 3374 sin·

235 3421 237 3429 ·
264 3399 376 3475 gularis
399 3401 424 3458 is
447 3396 583 3466 habebit,
609 3403 641 3457 nt
662 3395 752 3456 huius
773 3397 925 3477 pauperis.
961 3414 1032 3474 ergo
1055 3395 1199 3457 ablativus
1221 3415 1280 3456 non
1303 3404 1399 3475 potest
1421 3399 1505 3457 exire
1531 3401 1561 3457 in

264 3504 296 3553 o,
321 3482 372 3543 sed
396 3491 445 3544 aut
468 3485 498 3541 in
521 3501 537 3541 e
561 3490 610 3542 avit
632 3484 663 3542 in
685 3484 706 3541 i.
1574 3494 1601 3533 ³⁵

349 3567 412 3629 dlia
436 3567 552 3645 regula:
577 3585 671 3644 genus
692 3573 831 3627 neutrum
854 3568 885 3626 in
902 3567 1081 3627 nominativo
1104 3567 1129 3626 si
1152 3565 1292 3627 habuerit
1314 3586 1344 3636 e,
1367 3567 1398 3627 in
1421 3569 1431 3627 i
1455 3572 1560 3630 termi-

264 3661 352 3713 natur
376 3654 536 3721 ablativus
559 3659 593 3712 nt
616 3653 671 3712 boc
693 3670 774 3711 mare
798 3651 835 3711 ab
864 3651 919 3711 hoe
942 3653 1031 3719 mari,
1061 3669 1120 3711 nou
1143 3650 1179 3711 ab
1202 3652 1257 3712 hoe
1279 3671 1371 3713 mare.
1415 3670 1454 3712 ne
1477 3653 1562 3715 dicas
1595 3656 1600 3666 '

266 3737 380 3797 abhoc
404 3737 530 3807 monile,
555 3737 606 3797 sed
630 3737 667 3798 ab
690 3736 745 3796 lroo
768 3736 878 3797 monili.
909 3755 1068 3817 numquam
1092 3739 1171 3796 enim
1193 3755 1288 3814 genus
1311 3744 1449 3798 neutrum
1472 3746 1559 3838 quat-

264 3830 331 3882 tum
360 3823 449 3883 babet
476 3841 562 3882 easvrs
591 3823 718 3882 similes:
748 3829 781 3881 nt
809 3823 839 3882 in
868 3823 1103 3889 nominativoe,
1136 3825 1179 3882 sic
1203 3824 1232 3882 in
1256 3825 1437 3892 accusativo,
1461 3825 1506 3884 sie
1528 3826 1560 3884 in

266 3908 410 3976 vocativo,
435 3915 464 3966 et
487 3927 545 3968 non
569 3909 598 3967 ln
623 3906 760 3967 ablativo.
806 3906 912 3966 deinde
935 3908 1003 3985 qnia
1025 3909 1054 3966 ιἰι
1079 3907 1126 3966 his
1148 3906 1319 3967 nominibus
1340 3910 1460 4007 generis
1482 3927 1559 3971 nen·
1573 3922 1600 3962 ⁴⁰

265 3994 302 4051 tri
328 3991 454 4051 ablativo
476 3995 558 4052 oasui
582 3992 658 4051 adiel
682 3989 808 4051 debota
835 3991 950 4060 littera,
979 4000 1010 4052 nt
1033 3995 1126 4070 possit
1148 3995 1247 4053 statim
1270 3995 1335 4052 sveri
1357 3980 1561 4054 nominativus

265 4077 401 4156 pluralis,
426 4085 544 4156 utputa
568 4077 683 4137 abhoc
707 4076 824 4144 monili,
850 4077 932 4136 adice
957 4096 971 4135 a
995 4077 1140 4148 litteram,
1170 4085 1200 4137 et
1227 4080 1298 4138 lacit
1322 4078 1394 4138 liaeo
1416 4079 1559 4139 monilia:

264 4163 301 4223 ab
320 4161 375 4222 lroe
398 4161 503 4231 sedili,
533 4163 617 4222 arlico
641 4183 671 4232 a,
702 4169 731 4222 et
758 4163 831 4223 laeit
859 4162 931 4222 haee
954 4162 1072 4223 sedilia:
1103 4162 1139 4222 ab
1161 4162 1216 4222 lroe
1239 4163 1336 4233 lacili,
1360 4164 1444 4223 adice
1468 4184 1504 4234 a,
1529 4174 1560 4225 et

264 4317 566 4328 .-...-.--—-——-—

349 4403 365 4452 e
387 4401 511 4451 laelliuel
534 4401 596 4467 agili
620 4402 647 4451 V
712 4400 797 4450 8uon
816 4401 857 4450 evi
876 4416 922 4454 em.
946 4402 971 4450 V
1041 4400 1158 4468 {imagis
1180 4416 1254 4464 qnam
1272 4403 1369 4451 ratione
1389 4416 1437 4455 om.
1462 4404 1490 4451 V

267 4472 296 4525 13
316 4473 441 4524 ablativus
459 4488 505 4522 om.
529 4474 555 4520 V
636 4471 668 4522 16
685 4470 809 4537 singulari
828 4486 875 4520 om.
895 4474 922 4521 V
1001 4472 1034 4520 27
1051 4470 1138 4521 lmlndt
1157 4474 1211 4521 ein
1228 4471 1378 4520 abletinoin
1398 4474 1558 4523 nominatino

264 4559 393 4608 nnrrqnam
419 4542 523 4592 babebit
538 4557 579 4590 nm
604 4543 630 4590 V
645 4542 759 4591 hebuerit
778 4558 791 4591 e
811 4543 835 4590 in
855 4542 966 4592 ablatino
986 4556 1113 4603 nunqnam
1134 4541 1234 4591 babebit
1258 4543 1283 4590 in
1302 4543 1458 4591 nominatiuo
1477 4556 1559 4599 ιιιιις

332 4615 366 4664 28
382 4615 470 4662 vrerber
488 4621 515 4662 nt
534 4613 641 4661 dicimus
660 4616 687 4664 V
698 4611 804 4661 uerbere
820 4620 847 4660 ut
865 4613 886 4660 si
904 4613 1048 4664 dieimuss
1118 4610 1151 4660 29
1166 4608 1200 4676 et]
1224 4621 1250 4660 nt
1267 4613 1295 4660 V
1360 4610 1395 4659 30
1413 4614 1560 4663 contrarius

262 4693 301 4735 est
325 4686 497 4734 nominativus
525 4684 552 4731 Γ
572 4685 713 4732 eoutmnius
735 4683 943 4738 nominationes
1027 4679 1058 4730 31
1083 4696 1210 4744 ultraquam
1236 4683 1332 4732 amittet
1353 4683 1379 4730 V
1465 4683 1560 4732 etheo

262 4770 307 4807 om,
329 4767 345 4808 ς
416 4755 450 4804 40
468 4755 526 4817 qnia
546 4752 585 4802 nis
608 4754 635 4801 V
650 4755 708 4816 qnia
727 4754 792 4805 iiss
862 4753 894 4801 41
916 4753 985 4800 casui
1005 4750 1096 4801 adduci
1115 4753 1141 4800 V
1162 4766 1220 4802 raso
1240 4752 1367 4805 adducis*
1437 4754 1559 4802 nemine·

262 4824 339 4890 tivus]
359 4840 478 4874 narraveras
497 4827 522 4873 Γ
607 4824 641 4873 42
658 4820 739 4889 adice]
764 4823 862 4873 adduce
885 4834 915 4883 ς,
935 4824 960 4870 in
980 4824 1071 4871 locatae
1091 4837 1135 4872 om.
1156 4823 1182 4871 V
1271 4820 1304 4873 43
1326 4820 1426 4872 adduce
1452 4831 1562 4892 utroque

260 4898 314 4946 loeo
331 4894 372 4949 1’ς
