3346 5498
135 354 196 418 130
701 356 855 420 POllPEll

78 453 81 463 ’
157 463 329 518 par-rec..

132 543 228 612 vides,
253 549 361 620 quanta
384 542 527 603 brevitate
550 551 671 604 utantur
687 543 790 604 Latini.
823 545 930 604 Graeci
951 561 1021 603 vcro
1044 544 1134 604 cbaos
1156 544 1308 613 lecerunt,
1332 552 1425 605 tetum

133 645 346 714 contuderunt,
370 652 417 713 ut,
440 646 572 723 quamvis
593 644 674 705 mille
696 644 777 722 legas
800 653 956 714 tractatus,
980 663 1040 706 non
1058 654 1087 705 te
1101 647 1267 707 convenias.
1298 645 1426 707 diximus

132 747 250 826 regulas
272 753 462 815 accentuum,
492 755 522 807 et
544 747 673 807 breviter
695 749 796 827 accipe
824 750 931 808 iterum
952 749 1032 827 ipsas
1053 747 1181 827 regulas.
1226 747 1425 826 monosyllaba

131 867 200 929 pars
229 849 387 917 orationis,
416 850 441 908 si
469 849 560 908 luerit
589 847 763 909 naturaliter
791 847 892 927 longa,
922 850 1147 910 circumflexum
1176 849 1281 921 babet,
1312 856 1344 910 ut
1372 849 1426 910 dds

130 955 212 1031 spes3
241 953 265 1010 si
293 950 384 1011 luerit
412 950 586 1012 naturaliter
618 951 729 1018 brevis,
758 959 876 1011 acutum
904 950 1008 1022 babet,
1038 953 1179 1013 etiamsi
1210 953 1356 1031 positione
1388 953 1453 1012 sito

131 1054 227 1131 longa.
273 1071 341 1113 nam
374 1051 501 1112 diximus
530 1054 560 1112 in
587 1051 761 1113 accentibus
791 1054 970 1132 positionem
1003 1052 1077 1113 nibil
1109 1052 1216 1114 ralerc.
1261 1072 1332 1131 crgo
1365 1056 1426 1114 sire

131 1154 230 1215 brevis
257 1153 431 1215 naturaliter
458 1156 564 1223 fucrit,
594 1155 692 1224 utet,
722 1156 782 1214 sive
803 1156 950 1234 positione
972 1154 1060 1233 longa
1085 1163 1145 1223 est,
1168 1165 1201 1215 ut
1223 1164 1267 1228 est
1289 1156 1351 1216 arr.
1396 1157 1426 1216 in

130 1255 283 1337 disyllabis
310 1275 370 1317 uno
399 1255 486 1315 modo
514 1257 663 1316 invenitur
691 1256 900 1317 circumflexus
923 1265 1077 1325 accentus,
1100 1258 1126 1316 si
1148 1258 1231 1336 prior
1253 1256 1427 1318 naturaliter

128 1358 217 1436 longa
247 1359 337 1419 luerit
364 1367 394 1418 et
423 1357 525 1418 ultima
554 1357 727 1418 naturaliter
755 1357 867 1432 brevis,
903 1367 937 1418 ut
963 1367 1008 1419 est
1036 1362 1123 1418 meta.
1168 1359 1239 1435 quid
1267 1360 1292 1419 si
1320 1358 1426 1419 ambae

129 1458 235 1538 longae
264 1460 395 1520 luerint?
432 1469 535 1520 acutus
562 1461 627 1520 crit.
673 1459 743 1536 quid
772 1462 797 1520 si
826 1459 930 1521 ambae
961 1460 1082 1520 breves?
1103 1467 1217 1522 'acutus
1244 1462 1309 1521 erit.
1353 1470 1424 1540 puta
1439 1474 1465 1513 1⁰

130 1561 234 1622 ambae
249 1560 355 1641 longae
370 1568 450 1630 sunt,
473 1569 507 1621 ut
527 1560 623 1639 legem
648 1563 795 1642 positione
810 1561 931 1639 longae,
956 1571 989 1621 ut
1009 1563 1164 1642 princeps;
1189 1561 1293 1622 ambae
1308 1561 1424 1627 breves.

130 1673 162 1724 ut
185 1665 254 1742 dgo;
279 1665 361 1743 prior
383 1662 470 1740 longa
492 1665 654 1743 positione,
679 1672 712 1724 ut
734 1664 829 1732 arma;
853 1671 1003 1743 postrema
1025 1664 1112 1742 longa
1134 1666 1296 1744 positione,
1319 1673 1351 1724 ut
1372 1664 1425 1744 pai-

129 1785 214 1827 rens:
254 1784 369 1844 quaqua
397 1767 512 1826 ratione
542 1774 643 1826 acutus
666 1767 731 1826 erit.
775 1769 806 1825 in
829 1765 988 1844 trisyllabis
1010 1767 1084 1826 baec
1106 1769 1181 1827 ratio
1204 1775 1263 1836 cst,
1285 1774 1317 1825 ut
1338 1769 1425 1826 tertia

129 1886 145 1928 a
174 1870 232 1928 line
262 1887 321 1929 non
349 1867 455 1928 babeat
485 1876 656 1937 accentum,
686 1869 742 1927 nisi
771 1867 889 1947 quando
915 1867 1095 1947 paenultima
1122 1867 1298 1928 naturaliter
1324 1868 1425 1928 brevis

128 1970 231 2039 luerit,
261 1968 419 2038 lldmulus,
448 1971 591 2048 dptimus:
628 1969 696 2031 ideo
725 1968 815 2030 babet
841 1978 996 2030 accentum
1025 1989 1078 2049 op,
1107 1971 1246 2048 quoniam
1276 1971 1297 2029 ti
1325 1969 1424 2030 brevis
1438 1983 1464 2021 15

129 2081 182 2132 est.
215 2071 328 2132 sublata
350 2080 447 2132 autem
470 2074 526 2132 ista
548 2074 634 2132 tertia
657 2069 823 2150 relmanent
842 2072 918 2132 duae
940 2070 1084 2150 syllabae,
1109 2087 1199 2148 quac,
1223 2089 1292 2132 cum
1313 2073 1426 2133 luerint

128 2174 218 2243 duae,
242 2175 386 2234 rationem
401 2173 563 2234 -babcbunt
585 2172 809 2253 disyllaborum.

213 2293 300 2353 blodo
322 2292 433 2371 aliquid
457 2292 555 2352 adicit.
601 2291 705 2369 quodsi
733 2293 810 2352 torte
833 2291 908 2352 dirae
930 2301 1031 2371 partes
1053 2295 1196 2353 orationis
1218 2301 1301 2362 sunt,
1329 2311 1423 2353 unum

128 2404 282 2456 accentum
305 2393 471 2463 habebunt,
500 2396 525 2454 si
547 2396 578 2454 in
600 2412 689 2458 unam
712 2395 893 2472 redigantur.
926 2402 971 2454 fut
992 2402 1062 2475 puta
1085 2393 1162 2454 mole
1184 2414 1242 2455 una
1265 2414 1333 2474 pars
1355 2414 1422 2456 ora·

128 2500 218 2559 tionis
235 2507 291 2567 cst,
315 2516 405 2557 sanus
421 2515 479 2558 una
495 2514 564 2575 pars
586 2498 729 2556 orationis
751 2503 809 2563 est:
832 2497 1039 2573 sedquoniam
1061 2498 1133 2557 istae
1150 2515 1207 2556 non
1231 2516 1286 2576 pro
1309 2497 1423 2559 duabus
1436 2512 1464 2551 2⁰

128 2609 211 2670 sunt,
234 2599 286 2660 sed
309 2618 364 2678 pro
387 2617 459 2667 una,
490 2599 648 2677 incipimus
677 2599 777 2658 dicere
799 2597 981 2673 rnalesainus‚
1011 2597 1177 2676 colligimus
1198 2607 1369 2677 utromque,
1394 2607 1425 2659 et

127 2705 185 2763 iam
210 2720 300 2763 unum
323 2710 477 2760 accentum
507 2698 669 2759 babebunt.
715 2698 982 2779 quotienscumque
1005 2701 1081 2761 duae
1103 2710 1205 2780 partes
1227 2702 1369 2762 orationis
1393 2704 1422 2761 in

127 2824 214 2865 unam
238 2801 432 2879 colliguntur,
461 2804 519 2862 iam
543 2803 682 2879 quoniam
705 2821 760 2879 pro
783 2821 840 2863 una
864 2811 946 2886 sunt,
970 2821 1060 2863 unum
1083 2810 1238 2864 accentum
1261 2802 1422 2873 habebunt,

127 2915 216 2986 prout
238 2906 328 2965 luerit
350 2902 460 2982 syllaba
485 2902 544 2963 illa.
589 2905 614 2962 si
637 2902 716 2963 dicas
740 2906 870 2965 ‘interea
893 2904 951 2964 loci
960 2908 979 2973 ’,
1003 2907 1116 2965 interea
1140 2924 1199 2965 una
1222 2922 1291 2983 pars
1314 2907 1423 2966 oratio-

127 3010 173 3070 nis
197 3016 254 3075 est,
285 3005 341 3067 loci
371 3025 427 3067 una
456 3023 525 3085 pars
553 3007 695 3066 orationis
724 3015 776 3066 est.
814 3006 933 3083 quando
956 3008 1014 3067 iarn
1036 3009 1078 3067 sic
1100 3014 1255 3086 utramque
1277 3006 1368 3077 dicis,
1389 3017 1463 3068 utas

126 3130 181 3190 pro
204 3127 262 3169 una
284 3111 358 3176 sint,
383 3107 487 3168 ambae
510 3118 608 3187 partes
631 3126 722 3178 unum
745 3106 897 3167 habebunt
919 3116 1083 3170 accentum.
1129 3126 1201 3186 ergo
1224 3107 1299 3168 duae
1322 3116 1422 3188 partes

126 3214 270 3274 orationis
292 3210 410 3290 quando
433 3210 521 3270 unain
544 3211 670 3279 iaciunt,
695 3228 818 3270 necesse
841 3219 886 3270 est
908 3218 941 3270 ut
963 3228 1055 3270 unum
1077 3218 1233 3270 accentum
1255 3209 1395 3270 babeant.

211 3332 342 3392 Diximus
370 3329 486 3408 regulas
513 3338 698 3389 accentuum.
744 3328 832 3388 modo
862 3328 1026 3399 videamus,
1056 3347 1131 3408 quae
1159 3337 1226 3388 sunt
1262 3347 1312 3389 res
1344 3348 1422 3409 quae

126 3442 321 3513 corrumpunt
343 3428 471 3510 regulas.
509 3440 568 3491 tres
590 3437 659 3490 sunt
681 3437 807 3501 tantum,
833 3430 997 3499 distinctio,
1022 3431 1177 3500 discretio,
1202 3433 1422 3510 pronuntiatio:

126 3536 264 3596 bactros
287 3553 336 3594 res
358 3541 553 3614 corrumpunt
574 3532 701 3611 regulas
731 3535 870 3611 quoniam
895 3532 1036 3602 diximus,
1060 3533 1231 3593 ‘distinctio
1254 3536 1421 3614 corrumpit
1435 3551 1462 3590 eo

125 3637 268 3715 regulas',
297 3636 446 3696 videamus
470 3653 527 3713 quo
551 3635 648 3695 modo.
692 3636 717 3693 si
740 3633 816 3694 mole
839 3634 1018 3713 distinguas,
1043 3643 1140 3714 potest
1163 3654 1264 3695 errare
1291 3654 1368 3715 puer
1391 3645 1422 3696 et

125 3737 224 3798 dicere
253 3739 386 3797 ‘interea
414 3735 487 3795 loci'
517 3744 546 3795 et
572 3737 670 3796 lacere
699 3736 769 3795 inde
798 3736 871 3796 duas
899 3745 997 3816 partes
1024 3736 1190 3816 oratiolnis,
1219 3756 1285 3797 curn
1309 3737 1421 3798 debeas

125 3839 228 3899 subter
256 3841 353 3899 lacere
381 3837 509 3918 bypbcn.
555 3837 626 3916 quid
658 3838 695 3896 sit
727 3847 827 3898 autem
855 3837 989 3919 bypben,
1024 3839 1157 3900 dicemus
1189 3847 1301 3919 postea.
1348 3857 1421 3916 ergo

124 3940 215 4002 debes
244 3941 363 4021 bypbcn
390 3940 530 4000 deorsum
558 3939 657 3998 lacere
686 3948 715 3999 et
737 3948 895 4001 conectere
916 3949 1083 4020 utramque.
1113 3943 1137 4000 si
1160 3941 1241 4001 dicas
1264 3940 1420 4001 ‘viridi-

124 4063 193 4122 que
216 4045 251 4102 in
276 4041 388 4103 litore
411 4042 649 4120 conspicitur
671 4044 763 4116 sus’,
794 4050 891 4121 potest
913 4042 950 4102 de
972 4045 1037 4103 istis
1060 4042 1174 4103 (luobus
1197 4061 1285 4103 unam
1308 4044 1417 4104 lacere.
1434 4057 1460 4096 ³⁵

192 4300 209 4348 2
227 4315 276 4348 non
296 4309 376 4349 tecum
395 4299 532 4349 convenias
549 4298 653 4347 coniecit
667 4297 853 4346 Lindemnnous
924 4298 939 4345 7
958 4298 1084 4362 positione
1103 4298 1180 4363 longo
1198 4309 1236 4348 est
1254 4300 1373 4350 inlitora
1391 4317 1418 4354 u.

119 4371 234 4434 fortasse
253 4371 308 4419 sive
330 4370 456 4434 positione
475 4369 568 4430 longa,
586 4377 611 4416 ut
628 4382 688 4425 arx,
709 4376 809 4414 acutum
827 4366 902 4415 babet
976 4369 1008 4417 ln
1027 4377 1116 4416 acutos
1135 4370 1183 4416 erit
1200 4368 1344 4431 posteriore
1363 4372 1420 4420 loco

122 4458 168 4492 om.
183 4441 230 4491 AC
247 4450 366 4489 accentus
381 4442 428 4488 erit
442 4440 468 4489 B
521 4439 551 4488 ll
572 4439 699 4503 positione
718 4436 794 4500 longa
813 4436 886 4486 ABG
940 4438 971 4486 12
985 4448 1013 4488 ut
1031 4454 1079 4503 ego
1093 4445 1164 4500 pater
1176 4439 1247 4502 prior
1258 4439 1334 4504 longa
1348 4441 1419 4505 posi-

122 4513 192 4561 tione
211 4526 280 4560 nrma
298 4510 331 4560 a*
350 4519 377 4560 ut
395 4526 443 4575 ego
464 4511 533 4574 prior
551 4509 626 4573 longa
644 4507 770 4572 positione
785 4517 856 4571 poter
875 4522 945 4555 arnan
963 4509 1017 4557 At)
1070 4508 1102 4557 18
1118 4507 1184 4556 clune
1197 4511 1419 4572 partesorntionis

124 4593 184 4631 arant
201 4596 278 4630 utrum
298 4589 427 4629 accentum
443 4579 499 4628 AB
514 4579 580 4627 dirae
599 4585 684 4642 partes
702 4576 823 4626 orationis
843 4580 902 4627 sun't
920 4578 981 4625 dicit
1002 4578 1077 4626 etionr
1096 4578 1117 4626 si
1137 4576 1231 4626 inerint
1247 4578 1313 4627 duae
1332 4589 1419 4643 pnrtes

122 4652 244 4701 orationis
263 4666 340 4699 tinum
359 4660 488 4698 occentum
514 4649 554 4697 (ln
627 4646 658 4696 19
680 4648 702 4696 ei
728 4651 752 4695 ln
775 4660 853 4695 unum
874 4647 925 4696 Bc
945 4656 969 4697 et
991 4650 1016 4696 iu
1033 4649 1112 4695 lituro
1130 4664 1146 4694 a
1218 4648 1252 4697 20
1270 4649 1318 4697 ista
1334 4649 1421 4698 ABG

193 4722 224 4771 21
244 4721 397 4770 coll...mns
417 4721 441 4768 Α
461 4718 597 4767 eollitimus
621 4734 637 4765 ιι
708 4717 742 4767 ‘23
763 4717 917 4782 colliguntur
936 4719 961 4767 B
977 4717 1128 4782 colligentur
1147 4717 1187 4766 Ca
1208 4719 1369 4784 collugnntur
1394 4719 1418 4767 A

191 4807 238 4856 pro
258 4806 307 4840 nno
327 4791 412 4840 ABG
479 4790 512 4837 27
533 4786 721 4836 nnnrnlociunt
741 4786 823 4835 ABG
892 4787 1252 4845 2811101100111.A‚add.a
1323 4789 1358 4839 30
1376 4805 1419 4838 res

122 4877 168 4910 our.
182 4861 264 4910 stlte
323 4861 356 4911 ³3
375 4876 436 4926 ergo
456 4859 530 4908 debet
550 4858 601 4906 ΑΒ
618 4873 678 4922 ergo
696 4857 818 4905 debemus
840 4859 864 4907 Β
917 4858 949 4906 {id
970 4855 1105 4922 viridique]
1127 4858 1205 4922 Verp.
1221 4858 1285 4927 rien.
1308 4858 1364 4907 Vlll
1383 4859 1419 4909 83
