3346 5498
487 428 685 491 Excudent
710 430 882 492 ranislua
907 432 984 493 xxi.
1008 432 1090 493 xxu
1385 433 1446 500 627

1247 556 1267 593 p.
1284 544 1384 584 ausser
1398 543 1420 585 P.

162 615 246 673 nitati
271 633 328 674 nen
351 615 445 675 seium
468 627 598 695 praestat
620 628 769 688 ornatum,
793 620 845 679 sed
868 620 941 680 iiiud
964 639 1094 699 quoque,
1120 617 1125 701 Ι
1151 630 1181 681 ut
1203 622 1313 703 aliquid
1337 623 1446 684 babere

161 716 297 776 videatur
319 718 396 797 quod
420 720 525 779 Graeci
548 723 613 779 iure
636 720 815 781 desiderent.

615 885 649 927 ne:
664 884 822 927 GENERIBVS
839 885 995 927 VERBORVM

244 989 327 1060 Quen
344 992 448 1052 Graeci
472 988 640 1063 διαθέσεις
662 987 818 1073 ῥημάτων
833 1001 952 1061 vocant,
976 992 1032 1053 Ιιοο
1047 994 1144 1055 Latini
1167 996 1315 1075 appeliant
1337 1018 1446 1075 genera
1464 1013 1509 1059 173
1524 1012 1553 1060 v.

135 1090 332 1152 rverberunr:
363 1094 484 1154 aiieetns
513 1095 591 1154 eninr
618 1112 725 1172 graeco
758 1098 875 1187 nomine
912 1091 1066 1168 διάθεσις
1097 1108 1295 1177 rrurrenpatur.
1341 1101 1446 1162 Graeci

160 1194 251 1270 igitur
279 1190 446 1268 διαθέσεις
473 1196 527 1256 hae
555 1196 744 1257 distinctione
773 1196 925 1257 definiunt.
971 1215 1046 1276 quae
1075 1199 1106 1256 in
1134 1217 1160 1256 ω
1188 1209 1298 1260 exeunt
1320 1204 1445 1261 activam

161 1296 217 1355 viru
239 1299 433 1372 signitieantia
463 1306 493 1357 et
515 1301 679 1375 iunguntur
701 1298 819 1359 casibus
843 1299 887 1358 vel
916 1301 1047 1376 genitivo
1071 1299 1114 1358 rei
1138 1300 1234 1360 dativo
1259 1302 1302 1361 rei
1326 1321 1444 1364 accusa·

161 1398 219 1455 tivo
241 1407 270 1457 et
292 1408 412 1477 accepta
434 1420 492 1480 μαι
513 1400 624 1480 syllaba
647 1408 800 1461 transeunt
822 1402 853 1460 in
874 1402 1004 1479 passiva,
1029 1389 1100 1461 beer
1123 1404 1216 1462 aetiva
1240 1404 1388 1474 dixerunt,
1413 1414 1444 1465 ut

158 1490 249 1577 ἄρχω
271 1512 346 1578 σου,
370 1496 496 1560 κελεύω
519 1514 584 1580 σοι,
607 1501 691 1582 τιμῶ
714 1518 765 1562 σεε
790 1502 863 1563 haee
886 1502 1039 1580 adsumpta
1062 1523 1120 1583 μαι
1135 1507 1250 1583 passiva
1266 1509 1349 1565 iiunt.
1374 1526 1442 1567 eon-

122 1613 146 1650 10
161 1608 204 1659 tra
228 1597 401 1680 παθητικά
429 1603 568 1663 dixeuurt
595 1623 669 1684 qnae
698 1607 729 1665 in
756 1623 815 1684 μαι
842 1605 1007 1665 desinentia
1035 1607 1200 1682 signiiieant
1226 1610 1391 1685 passionem
1416 1618 1445 1670 et

159 1720 278 1761 necesse
308 1703 418 1764 babent
447 1705 685 1783 iuugi‘genitivo
713 1725 780 1766 euru
803 1709 1022 1786 praepositione
1046 1697 1113 1766 ὑπό
1135 1725 1168 1765 ae
1190 1718 1314 1786 possunt
1337 1712 1443 1770 anrissa

158 1823 217 1882 μαι
239 1803 348 1882 syllaba
373 1809 403 1866 in
427 1810 553 1867 activum
576 1809 692 1878 redire,
722 1803 864 1889 ἄρχομαι
887 1800 953 1868 ὑπὸ
977 1801 1055 1884 ooo,
1078 1805 1256 1889 κιλεύομαι
1278 1803 1345 1872 ὑπὸ
1369 1810 1444 1888 σοῦ,

159 1905 301 1986 τιμῶμαι
325 1900 390 1967 ὑπὸ
413 1903 485 1968 σοῦ.
517 1913 566 1970 eui
588 1929 624 1970 ex
646 1928 736 1990 supra
759 1913 881 1989 seriptis
903 1909 1124 1970 definitionibus
1146 1929 1202 1970 una
1227 1912 1365 1982 defuerit,
1391 1933 1444 1973 nee

159 2003 375 2086 ἐνεργητικόν
403 2030 457 2070 nee
486 2008 675 2092 παθητικόν
703 2013 827 2082 dieitur,
856 2012 907 2072 sed
936 2013 962 2071 si
990 2012 1022 2071 in
1050 2030 1076 2070 ω
1099 2013 1173 2078 exit.
1198 2005 1377 2093 οὐδέτερον
1400 2013 1445 2074 vei

122 2123 146 2161 15
159 2103 412 2192 ἀπολελυμένον
440 2123 574 2182 vocetur,
604 2123 635 2174 ut
663 2121 708 2174 est
735 2113 777 2189 ζῶ
806 2111 942 2173 rodortei
968 2105 1108 2192 ὑπάρχω
1142 2109 1294 2191 ἑορτάζω.
1339 2118 1369 2176 in
1398 2117 1445 2178 bis

159 2214 291 2272 invenies
319 2213 414 2294 aliqua
445 2227 545 2294 eperte
574 2227 602 2276 et.
629 2216 761 2276 absolute
789 2224 904 2283 aetum,
933 2214 1029 2294 aliqua
1059 2215 1245 2292 designantia
1267 2219 1444 2296 passionem.

159 2334 226 2374 narn
249 2310 352 2396 τρέχω
374 2310 499 2394 detorto
514 2318 685 2397 περιπατῶ
699 2318 736 2378 de
752 2327 857 2395 agente
873 2317 1022 2386 dicuntur,
1046 2317 1137 2377 νοσῶ
1153 2326 1251 2377 autern
1267 2328 1297 2379 et
1312 2312 1445 2399 ὀφθαλ-
1489 2393 1492 2396 Α

159 2415 224 2494 proi
251 2420 313 2477 sine
342 2418 432 2477 dnbio
459 2421 628 2498 passionen}
658 2429 772 2481 sonant.
817 2420 868 2479 sed
897 2437 992 2498 neque
1016 2420 1110 2478 activa
1132 2418 1180 2478 iila
1204 2420 1351 2490 dicuntur,
1376 2425 1445 2501 quia

160 2526 189 2576 et
212 2519 283 2578 nrdii
307 2520 343 2578 de
366 2539 455 2598 supra
472 2523 560 2582 dictis
575 2522 693 2582 casibus
717 2524 798 2598 iungi
814 2529 938 2600 possunt
960 2539 1015 2579 nee
1038 2540 1096 2598 μαι
1120 2523 1283 2599 recipiunt:
1308 2542 1374 2583 narn
1391 2543 1445 2583 ner

121 2617 263 2699 2ατοέχιο
287 2635 324 2682 σε
347 2642 401 2682 ner-
423 2616 550 2702 ἀριστῶ
572 2637 609 2683 σε
632 2643 685 2684 nee
708 2610 880 2702 asperiensi
901 2636 938 2683 σε
967 2623 1091 2688 dieitur,
1121 2640 1174 2680 nee
1196 2631 1293 2701 potest
1317 2627 1445 2684 transiri¹

160 2724 189 2780 in
213 2720 369 2805 τρέχομαι
397 2716 463 2785 ὑπὸ
491 2726 570 2803 σοῦ,
599 2720 783 2805 ἄριστῶμαι
811 2718 879 2785 ὑπὸ
908 2722 989 2802 σοῦ,
1012 2723 1257 2803 περιπατοῦμαι
1280 2717 1347 2785 ὑπὸ
1371 2725 1443 2785 σοῦ.

160 2824 210 2883 sed
234 2845 287 2884 nec
311 2825 402 2886 νοσοῖ
430 2837 458 2888 et
486 2819 682 2907 ὀφθαλμιῶ,
710 2829 844 2907 quamvis
871 2824 962 2886 verba
985 2828 1044 2885 sint
1067 2826 1227 2903 passionis,
1252 2826 1310 2886 diei
1334 2830 1445 2906 παθη-

160 2922 234 2985 τικά
257 2937 393 3005 possunt,
424 2933 492 3009 quia
516 2932 622 2988 necin
645 2949 704 3008 μαι
726 2928 880 2996 desinunt,
910 2946 965 2986 nee
988 2929 1144 3005 qnisquam
1172 2929 1357 3004 significatur
1379 2949 1446 3008 pas·

160 3030 252 3088 sionis
275 3039 390 3100 ander,
414 3051 468 3090 ner
493 3028 682 3107 subiungitur
705 3028 764 3089 iiiis
787 3021 853 3089 ὑπὸ
876 3027 956 3105 σοῦ,
984 3028 1063 3107 quod
1085 3031 1239 3107 proprium
1262 3032 1446 3109 passivorum

121 3139 213 3189 estest.
250 3150 317 3191 narn
340 3142 366 3190 et
392 3135 421 3192 in
446 3134 541 3191 activo
564 3140 593 3190 et
611 3133 641 3191 in
665 3133 780 3209 passivo
802 3130 913 3190 debent
936 3133 1016 3190 ornni
1040 3130 1126 3190 inodo
1148 3130 1238 3199 duae,
1268 3139 1297 3189 et
1319 3131 1445 3192 adrnini·

159 3236 281 3293 strantis
296 3243 327 3292 et
342 3236 531 3299 sustinentis,
555 3231 676 3293 subesse
700 3250 853 3311 personae.
885 3232 957 3291 haee
973 3233 1075 3309 igitur,
1092 3234 1161 3312 quia
1178 3239 1302 3312 utroque
1325 3236 1445 3294 nomine

159 3346 275 3404 rorent,
300 3335 376 3412 apud
400 3333 465 3393 iiios
487 3327 647 3411 οὐδέτερα
669 3334 714 3395 rei
737 3329 970 3411 ἀπολελυμένα
993 3333 1141 3402 dicuntur,
1166 3337 1243 3394 sieut
1265 3336 1343 3414 apud
1365 3335 1446 3396 Lati·

160 3456 213 3496 nos
235 3438 301 3495 ιοΙο
324 3438 388 3495 vivo
411 3437 502 3494 valeo.
546 3436 598 3495 sed
622 3437 698 3496 sieut
720 3436 818 3515 aliqua
838 3435 915 3514 apud
939 3435 1068 3495 Graecos
1090 3439 1120 3496 in
1145 3455 1170 3496 ω
1193 3438 1331 3496 exeuntia
1355 3438 1445 3513 signi·

160 3542 248 3597 deant
271 3540 447 3616 passionem,
471 3540 511 3596 ita
534 3535 624 3597 nndta
648 3540 782 3617 reperies
798 3536 802 3616 Ι
820 3539 850 3597 in
870 3556 929 3616 μαι
945 3537 1111 3597 desinentia
1135 3547 1165 3598 et
1187 3539 1309 3597 aetirarn
1334 3547 1446 3599 tantum

121 3637 297 3699 3⁰babentia
327 3641 586 3716 signiiieaiiouern,
615 3648 646 3699 ut
674 3635 821 3720 κήδομαί
844 3652 927 3717 σου,
956 3636 1118 3718 φείδομαι
1142 3655 1223 3717 σου,
1252 3634 1450 3719 ἐπιμέλομαι

161 3755 235 3818 σου,
259 3737 440 3818 ίαααζομαί
458 3755 523 3819 σοι,
545 3736 693 3822 μα’χομαί
712 3754 777 3820 σοι,
800 3738 998 3821 διαλέγομαί
1017 3755 1082 3820 σοι,
1105 3737 1280 3821 δωροῦμαί
1300 3753 1364 3819 σοι,
1388 3760 1447 3820 χα-

161 3841 290 3920 ρίζομαι
317 3857 388 3920 σοι,
419 3835 561 3922 εὔχομαί
585 3856 654 3920 σοι,
684 3836 812 3923 ἄγαμαί
830 3855 884 3921 σε,
913 3838 1158 3922 περιβλέπομαί
1184 3854 1233 3901 σε.
1278 3850 1347 3903 sunt
1370 3844 1447 3922 apud

160 3946 289 4003 iiraeeos
311 3947 494 4011 οοιοιιιιιιιίο,
523 3964 598 4024 qnae
621 3945 657 4004 ab
680 3945 740 4006 illis
761 3939 846 4025 μέσα
867 3953 1025 4014 vocantur,
1053 3963 1145 4024 quae,
1169 3944 1239 4004 duni
1262 3946 1293 4004 in
1315 3964 1375 4024 μαι
1397 3946 1447 4005 de·

161 4049 273 4113 sinant,
303 4055 332 4104 et
355 4054 451 4106 aetunr
480 4054 510 4106 et
538 4050 703 4125 passionem
727 4065 785 4108 una
807 4047 969 4127 eademque
997 4047 1092 4106 torma
1121 4031 1294 4124 designaut,
1317 4055 1351 4106 ut
1371 4043 1448 4125 βιά-

121 4158 146 4195 35
159 4147 257 4227 ζομαί
277 4162 314 4206 σε
336 4143 392 4207 καὶ
414 4144 566 4228 βιάζομαι
588 4140 654 4209 ὑπὸ
677 4148 753 4226 σοῦ,
775 4141 1062 4229 ἄνδραποδιζομαί
1080 4160 1119 4208 σε
1135 4143 1191 4207 καὶ
1206 4136 1448 4226 ἀνδραποδιζο-

159 4270 218 4330 μαι
240 4241 307 4311 ὑπὸ
329 4248 401 4308 σοῦ.
448 4251 507 4311 sola
536 4270 652 4330 quoque
676 4250 790 4328 passiva
812 4250 868 4310 boe
891 4253 1025 4318 nornine,
1054 4251 1084 4309 id
1107 4259 1153 4309 est
1173 4247 1273 4330 μέσα,
1297 4257 1447 4316 vocantur,

161 4361 191 4411 nt
214 4344 401 4430 ήλειψολμην
429 4345 562 4433 ἡσάμην
591 4348 793 4432 έλουσοίμην.
839 4352 912 4411 baec
935 4354 1014 4412 enirn
1038 4351 1108 4411 iicet
1130 4350 1187 4431 τῆς
1208 4346 1310 4431 μέσης
1332 4346 1448 4410 διαθέ-

160 4468 245 4525 σεως
267 4453 383 4521 dieunt,
408 4453 480 4514 nihii
505 4464 601 4514 tarnen
618 4454 696 4514 aliud
713 4456 881 4530 significant
904 4455 962 4514 nisi
976 4449 1099 4524 αάθοςε
1124 4471 1191 4513 narn
1213 4451 1268 4511 boe
1291 4458 1336 4510 est
1359 4443 1448 4529 ἠλει-

228 4709 323 4770 equod
337 4707 425 4756 Graeci
438 4724 495 4757 eaer.
510 4707 575 4760 Bob.
590 4724 654 4770 quae
666 4709 790 4772 graeciP
856 4706 1056 4766 ddeoeiierrcl’
1072 4698 1238 4769 διάθεοινρ
1301 4701 1385 4766 9σοι]
1398 4716 1449 4753 σου

162 4777 184 4823 Ρ
253 4778 283 4825 16
301 4777 460 4838 designantia
472 4777 552 4824 Ιοοιιι
564 4776 699 4840 designant
712 4779 736 4825 P
747 4777 881 4840 designare
892 4793 910 4840 p
978 4777 1011 4825 ‘29
1028 4776 1179 4835 desinentis,
1197 4788 1263 4837 quae
1275 4772 1378 4822 ensibus
1390 4773 1448 4821 iun-

160 4855 254 4903 guntur
267 4857 291 4890 et
303 4847 412 4892 actinam
427 4857 521 4893 tantum
536 4844 628 4893 babent
641 4845 850 4907 significationem
862 4845 970 4895 coniecit
982 4842 1130 4908 Opsopoens
1193 4845 1226 4892 30
1238 4841 1356 4890 babentia
1369 4840 1450 4891 lam

161 4911 253 4958 bainna
267 4912 292 4960 P
357 4915 387 4961 31
408 4911 566 4978 ιπιιαζομαι
584 4926 635 4962 σου
652 4914 677 4962 P
744 4911 915 4975 διαλέγομαι
932 4925 985 4962 oon
1001 4912 1027 4961 P
1094 4906 1257 4976 χαρίζομαι]
1276 4909 1451 4973 καοζομαιΡ
