3346 5498
672 351 908 415 COMMENTVM
1377 342 1435 407 191

1254 451 1413 508 pru-nr.

151 543 229 603 niam
257 542 439 604 admiserunt
466 558 560 619 genus
582 540 775 601 masculinum
798 546 922 620 propter
943 536 1075 598 adverbii
1097 537 1312 598 necessitatem.
1358 542 1437 596 eete-

151 662 216 705 rum
240 646 264 704 si
288 662 347 704 non
371 645 409 704 sit
431 641 562 704 adverbii
585 645 760 711 necessitas,
783 659 879 720 genus
901 649 945 701 est
967 641 1151 701 femininum.

234 745 246 804 l
267 746 442 806 terminatus
464 744 621 806 ablativus:
655 746 711 805 ista
734 743 837 822 regula
858 741 1011 822 multiplex
1035 749 1086 802 est.
1132 743 1142 801 i
1163 742 1337 801 terminatus
1358 739 1438 802 abla-

150 848 225 908 tivus
249 846 409 924 singularis
431 848 597 925 genetivum
620 848 651 906 iu
675 848 734 907 ium
757 848 861 916 mittit,
886 844 1013 905 dativum
1037 851 1067 903 et
1088 842 1244 904 ablativum
1267 844 1297 904 in
1320 842 1383 912 bus,
1407 849 1440 903 ut

124 949 189 1011 aab
212 949 267 1010 bac
289 949 381 1029 puppi
402 950 545 1028 puppium
568 948 614 1009 bis
637 955 667 1008 et
689 947 726 1009 ab
748 947 794 1008 bis
816 945 975 1027 puppibus.
1013 947 1166 1024 quaeritur
1187 946 1218 1005 in
1240 946 1302 1025 ipsa
1326 943 1437 1023 regula,

150 1051 267 1131 quando
290 1051 422 1112 dicamus
445 1051 498 1111 bas
520 1069 648 1130 puppes,
673 1049 716 1110 vel
740 1050 856 1130 quando
879 1049 1010 1109 dicamus
1032 1047 1085 1108 bas
1107 1044 1238 1127 puplpis;
1269 1046 1386 1124 quando
1408 1049 1440 1108 in

149 1155 190 1223 is,
214 1153 332 1233 quando
354 1154 383 1212 in
408 1171 448 1213 es.
495 1151 560 1213 talis
587 1152 688 1230 regula
711 1163 769 1212 est:
798 1154 1063 1232 quotienscumque
1091 1151 1243 1227 genetivus
1264 1149 1388 1227 pluralis
1409 1149 1440 1208 in

149 1257 210 1316 ium
239 1257 312 1324 exit,
342 1255 450 1315 totiens
478 1256 661 1316 accusativus
687 1256 719 1314 in
747 1256 773 1315 is
802 1255 875 1322 exit,
904 1260 974 1333 puta
1002 1250 1121 1330 agilium
1148 1245 1283 1311 facilium‘
1299 1249 1440 1312 docilium

150 1359 309 1436 puppium;
334 1374 403 1418 ecce
426 1358 565 1436 quoniam
587 1358 617 1417 in
640 1358 700 1417 iurn
717 1357 776 1417 exit
796 1357 963 1433 genetivus.
986 1356 1169 1416 accusativus
1190 1354 1248 1413 iam
1270 1354 1301 1413 iu
1324 1355 1349 1414 is
1371 1354 1439 1422 erit,

112 1476 138 1515 ro
151 1458 205 1519 hos
227 1457 312 1536 agilis
339 1457 394 1519 bos
421 1458 517 1519 tacitis
547 1458 601 1520 bos
629 1457 742 1519 docilis.
786 1459 811 1518 si
833 1464 929 1519 autem
952 1458 1106 1536 genetivus
1128 1474 1188 1517 uon
1210 1461 1295 1516 exeat
1315 1456 1346 1515 in
1368 1456 1439 1524 ium.

150 1560 201 1621 sed
224 1562 255 1620 in
278 1578 344 1629 um,
374 1561 404 1619 in
434 1578 465 1620 es
493 1562 552 1620 exit
579 1562 774 1630 accusativus,
804 1567 888 1638 pater
911 1565 1028 1639 patrum
1058 1565 1174 1638 patres,
1198 1549 1292 1618 mater
1314 1564 1441 1618 matrum

151 1669 268 1723 matres.
313 1679 373 1722 non
396 1681 515 1740 possum
539 1662 639 1724 dicere
661 1663 755 1741 patris
777 1664 892 1729 matris.
921 1661 972 1722 sed
996 1660 1064 1721 lros.
1072 1668 1172 1740 patres
1194 1660 1246 1721 has
1268 1667 1386 1721 matres.
1431 1660 1442 1718 i

150 1782 221 1842 ergo
244 1766 419 1825 terminatus
441 1763 585 1825 ablativus
606 1763 763 1842 singularis
785 1762 942 1843 aliquando
969 1758 1136 1841 genetiv'um
1160 1761 1304 1842 pluralem
1328 1763 1358 1822 in
1381 1762 1441 1822 ium

150 1867 252 1935 mittit,
282 1865 439 1945 aliquando
467 1869 497 1926 iu
526 1885 585 1927 um.
631 1865 747 1945 quando
776 1868 863 1926 etiarn
891 1866 1074 1926 accusativus
1103 1863 1225 1945 pluralis
1247 1865 1277 1925 iu
1300 1865 1326 1924 is
1348 1871 1441 1933 exeat,

112 1967 268 2048 raquando
296 1969 326 2027 in
356 1986 401 2038 es,
433 1968 575 2036 diximum
615 1967 704 2028 modo
736 1967 807 2028 illud
840 1967 1004 2037 videamus,
1037 1968 1101 2046 ipse
1134 1969 1285 2045 genetivus
1317 1964 1442 2046 pluralis

150 2070 268 2149 quando
290 2072 320 2130 iu
344 2089 392 2130 um
417 2078 516 2139 exeat,
546 2069 663 2150 quando
685 2071 716 2130 in
739 2071 808 2130 ium.
852 2068 949 2131 habeo
970 2077 1031 2130 tres
1053 2067 1181 2147 regulas.
1226 2069 1560 2149 portensem-43t17

151 2192 208 2252 que
230 2174 428 2234 nominativus
450 2172 609 2251 singularis
632 2191 650 2232 n
674 2182 703 2234 et
725 2193 740 2233 s
762 2172 868 2234 litteris
891 2173 1080 2241 terminatur,
1103 2173 1134 2232 in
1157 2173 1217 2233 ium
1242 2171 1315 2240 exit,
1340 2187 1442 2230 amans

151 2276 326 2344 amantium,
355 2273 465 2335 docens
493 2274 678 2344 docentium,
708 2274 838 2336 clamans
867 2273 1066 2335 clamantium.
1112 2276 1232 2334 omnino
1266 2273 1363 2334 omnia
1396 2272 1442 2333 vel

152 2379 304 2457 participia
328 2375 372 2436 vel
402 2379 520 2437 nomino
542 2376 647 2438 similia
671 2378 834 2457 participiis
856 2377 1023 2457 praesentis
1043 2377 1186 2455 temporis
1208 2376 1238 2435 io
1261 2393 1280 2434 n
1302 2382 1332 2435 et
1354 2393 1368 2433 s
1391 2393 1442 2435 cx·

113 2481 247 2540 coeuntia
276 2480 306 2540 in
336 2480 515 2539 nominativo
543 2478 687 2559 singulari
712 2481 881 2559 genetivum
909 2477 1055 2557 pluralem
1077 2479 1108 2538 in
1130 2480 1192 2539 ium
1216 2479 1344 2538 mittunt.
1388 2478 1443 2537 ista

151 2583 306 2661 partieipia
334 2591 416 2646 sont:
440 2600 542 2643 amans
565 2582 688 2650 docens:
720 2589 749 2641 et
771 2583 890 2642 nomina
913 2579 1064 2650 similiter,
1087 2588 1193 2659 potens
1216 2582 1366 2657 inpotens,
1390 2597 1442 2659 po·

154 2686 275 2744 tentium
295 2681 300 2764 Ι
320 2684 526 2761 inpotentium.
573 2703 642 2745 ecce
665 2685 864 2745 nominativus
885 2684 910 2742 si
932 2701 952 2742 n
976 2689 1005 2742 et
1026 2701 1040 2741 s
1061 2680 1170 2743 litteris
1191 2681 1281 2742 luerit
1301 2683 1443 2742 tormina·

152 2794 213 2856 tus,
248 2787 416 2864 genetivum
451 2783 596 2865 pluralem
626 2788 657 2847 in
685 2788 746 2846 ium
774 2787 871 2846 mittit.
916 2785 986 2845 item
1016 2785 1041 2845 si
1069 2783 1210 2845 ablativus
1237 2783 1396 2863 singularis
1427 2803 1444 2843 e

152 2896 290 2967 correpto
318 2888 495 2948 terminetur
522 2889 551 2947 in
580 2905 690 2965 genere
719 2889 878 2956 feminino,
905 2888 1058 2966 genetivus
1086 2885 1208 2966 pluralis
1236 2888 1266 2947 in
1288 2887 1350 2946 ium
1374 2886 1442 2955 exit,

117 2997 185 3049 saut
211 2989 248 3050 ab
275 2989 331 3050 hac
361 2989 444 3049 clade
473 2987 609 3050 cladium.
655 2992 725 3052 item
753 2993 778 3052 si
801 2991 811 3049 i
832 2990 1008 3049 terminetur
1036 2991 1098 3069 ipse
1121 2988 1264 3050 ablativus
1285 2989 1316 3049 in
1340 2989 1444 3065 quovis

154 3110 271 3169 genere,
295 3098 364 3171 puta
390 3091 551 3151 masculino
574 3091 722 3152 feminino.
739 3099 856 3160 neutro,
880 3099 913 3150 ut
935 3088 971 3150 ab
994 3088 1049 3150 hae
1071 3092 1163 3171 puppi
1186 3092 1339 3171 puppium.
1374 3107 1444 3150 ecce

155 3193 244 3254 babes
273 3203 333 3254 tres
361 3193 493 3272 regulas,
522 3193 629 3273 quibus
662 3192 774 3272 regulis
801 3190 970 3270 intellegas,
1000 3191 1117 3271 quaudo
1143 3195 1296 3270 genetivus
1321 3194 1354 3252 in
1381 3193 1443 3253 ium

155 3302 245 3356 exeat.
290 3297 314 3355 si
337 3304 435 3356 autem
457 3297 655 3357 nominativus
677 3294 834 3375 singularis
857 3312 916 3355 uon
938 3313 958 3354 n
981 3303 1045 3355 ets
1073 3295 1178 3355 litteris
1200 3297 1389 3364 terminetur,
1419 3295 1444 3353 si

154 3396 294 3457 ablativus
321 3396 478 3475 singularis
500 3416 558 3458 noo
583 3417 599 3457 e
621 3398 958 3476 correptoterminetur
980 3398 1011 3456 in
1033 3413 1144 3474 genere
1166 3396 1325 3462 feminino.
1348 3404 1398 3456 aut
1419 3397 1445 3455 si

118 3502 163 3559 soi
186 3519 243 3560 non
273 3501 450 3561 terminetur
478 3498 622 3561 ablativus
651 3502 681 3560 in
709 3515 896 3577 quocumque
923 3515 1048 3576 genere,
1071 3500 1102 3559 iu
1126 3517 1175 3559 urn
1199 3501 1257 3558 exit
1279 3499 1441 3577 genetivus.

155 3602 205 3663 sevi
228 3601 298 3662 illud
322 3609 351 3661 te
373 3601 533 3676 admoneo,
558 3621 661 3663 omnes
682 3604 754 3663 istas
776 3599 895 3678 regulas
916 3619 973 3660 non
990 3620 1025 3662 ex
1041 3602 1216 3662 necessitate
1235 3602 1335 3662 iacere
1355 3601 1444 3661 istum

155 3705 321 3782 genetivum
344 3702 505 3782 pluralem:
539 3723 615 3774 uon,
639 3706 905 3784 quotienscumque
925 3705 1002 3764 istae
1024 3711 1085 3763 tres
1107 3702 1226 3781 regulae
1248 3704 1369 3774 luerint,
1392 3721 1444 3764 ne·

154 3824 236 3868 cesse
265 3815 309 3866 est
336 3813 367 3865 ut
395 3807 547 3883 genetivus
575 3806 697 3886 pluralis
725 3809 755 3867 io
788 3807 850 3867 ium
882 3815 980 3875 exeat,
1007 3805 1058 3867 sed
1088 3808 1352 3884 quotienscumque
1381 3807 1445 3886 ipse

153 3909 305 3985 genetivus
335 3905 460 3986 pluralis
486 3909 517 3968 iu
545 3911 606 3969 ium
629 3912 703 3977 enit,
727 3908 764 3969 ab
786 3911 849 3970 istis
870 3908 965 3969 tribus
986 3907 1099 3987 regulis
1120 3911 1261 3970 nascitur.
1305 3928 1343 3970 ne
1365 3908 1446 3969 dicas

117 4026 143 4066 ea
157 4010 227 4070 mibi
248 4013 335 4069 ‘ecce
364 4028 382 4069 n
406 4017 434 4069 et
457 4029 471 4070 s
499 4008 604 4072 litteris
633 4012 805 4073 terminatus
828 4019 873 4071 est
894 4014 1093 4072 nominativus
1116 4020 1145 4072 et
1167 4011 1257 4072 debet
1277 4013 1445 4090 genetivum

154 4113 183 4172 in
206 4114 264 4172 inm
288 4113 434 4172 mittere'.
480 4111 586 4174 laisum
616 4122 673 4182 est;
703 4114 769 4174 dico
796 4132 876 4175 nunc
904 4113 1040 4194 ‘quando
1063 4117 1216 4192 genetivus
1238 4116 1269 4175 in
1292 4116 1352 4175 ium
1376 4115 1444 4183 exit,

155 4233 277 4274 neeesse
301 4222 346 4274 est
368 4221 401 4274 ut
423 4212 460 4273 ab
482 4212 530 4274 illa
553 4214 664 4294 regulla
687 4216 785 4276 veniat
800 4230 819 4266 a
841 4215 892 4276 sed
916 4216 1033 4297 quanm
1049 4218 1079 4276 in
1094 4218 1156 4277 iurn
1180 4219 1299 4287 exierit,
1323 4234 1446 4277 neeesse

156 4325 198 4376 est
227 4322 258 4376 ut
284 4315 352 4376 inde
381 4317 504 4377 veniat'.
550 4316 627 4377 dabo
655 4318 743 4379 etiam
772 4318 954 4399 exemplum,
983 4319 1061 4379 unde
1089 4318 1146 4379 boc
1173 4318 1308 4398 probem.
1352 4325 1446 4379 matre

155 4437 219 4444 —
242 4439 265 4443 ...
276 4437 432 4442 --.---.-..

225 4488 238 4537 l
264 4502 345 4551 genus
370 4501 431 4552 ergo
456 4486 497 4536 hic
515 4487 683 4539 masculinum
702 4488 776 4540 sca
801 4505 884 4556 genus
902 4505 964 4556 ergo
986 4489 1027 4538 hic
1046 4488 1202 4538 masculinus
1220 4490 1244 4538 A
1316 4488 1347 4540 ll
1368 4499 1447 4537 mater

156 4573 201 4609 cnr,
220 4557 245 4605 A
318 4556 350 4605 18
368 4557 480 4606 clamans
496 4558 656 4607 clamantium
670 4573 715 4613 οιιι,
733 4560 767 4614 Α.
786 4560 846 4610 add.
864 4575 882 4609 a
950 4560 985 4610 ‘26
1004 4570 1065 4626 puta
1084 4560 1109 4607 in
1127 4559 1266 4609 masculino
1284 4569 1309 4608 et
1326 4559 1446 4608 iemioino

157 4636 244 4675 neutro
260 4626 284 4675 Α
355 4626 387 4676 31
408 4627 510 4694 regulas
529 4643 560 4676 ex
580 4630 732 4680 necessitate
751 4629 835 4680 ABG
904 4627 937 4680 33
956 4639 983 4678 nt
1001 4630 1137 4695 genetluus
1155 4629 1262 4694 pluralis
1277 4629 1350 4678 aco
1370 4642 1447 4692 gene-

155 4697 223 4745 tinns
243 4696 349 4761 pluralis
364 4706 390 4746 ut
409 4697 433 4745 Α
487 4697 520 4748 37
539 4701 569 4746 ab
585 4697 627 4747 illu
643 4698 731 4764 regula
744 4700 820 4750 BCu
838 4699 869 4747 ab
889 4699 947 4749 illos
966 4699 1069 4766 regulas
1087 4699 1121 4752 A.
1140 4703 1233 4750 laeena
1247 4715 1319 4764 quam
1336 4697 1448 4749 indicaui

155 4765 215 4848 baec
230 4768 288 4828 fere
303 4769 430 4819 excidisse
447 4769 570 4833 videntur,
584 4783 635 4819 non
653 4771 755 4833 quaudo
768 4771 800 4820 ab
817 4768 862 4818 ille
880 4770 969 4836 regulo
987 4772 1080 4830 veniet,
1100 4784 1203 4819 necesse
1217 4778 1256 4819 eet
1269 4778 1295 4822 ot
1313 4769 1447 4834 genetivus

157 4851 182 4885 ru
200 4852 251 4886 nrm
267 4847 341 4888 exeat
