3346 5498
229 365 292 432 542
740 362 1010 446 [calunnius]

255 489 277 529 p.
290 478 348 518 rare.
362 477 386 517 ao
399 474 421 514 r.

313 557 481 617 Pronomen
502 554 581 634 quod
603 553 714 614 dicitur
735 553 814 614 idem
836 561 867 614 et
888 551 1052 614 masculino
1082 560 1113 613 et
1134 560 1241 613 neutro
1262 552 1371 613 servit:
1399 569 1468 612 nam
1491 557 1523 612 ot

230 643 308 704 idern
323 640 411 700 borno
427 640 538 699 dicitm
560 647 590 698 et
611 639 690 699 idem
714 645 840 718 tempus.
870 640 896 699 is
918 655 1080 717 pronomen
1103 639 1146 698 sio
1168 636 1349 706 declinabis,
1371 637 1398 696 is
1419 636 1521 706 homo,

230 729 295 787 eius
317 727 346 785 ei
368 743 436 785 curn
460 723 496 784 ab
519 742 569 793 eo,
593 732 623 783 ot
644 722 800 802 pluraliter
827 725 848 783 ii
871 741 974 784 eorum
997 724 1041 783 eis
1063 723 1169 783 veliis
1191 741 1242 783 eos
1265 724 1309 782 eis
1330 720 1376 781 vel
1397 723 1451 791 iis;
1474 724 1519 783 ie·

230 812 376 872 mininam
398 829 432 870 ea
455 811 520 869 eius
547 811 575 868 ei
604 827 668 868 eam
697 806 734 868 ab
763 825 811 877 ea,
841 816 871 868 et
897 806 1051 887 pluraliter
1074 825 1126 867 eae
1149 825 1252 868 earum
1273 809 1318 867 eis
1339 804 1385 866 vel
1407 807 1446 868 iis
1468 825 1520 867 eas

230 898 274 957 eis
297 895 342 956 vel
364 897 418 964 iis;
442 903 580 954 neutrum
602 893 633 953 id
656 895 721 954 eius
743 895 771 954 ei
795 894 825 954 id
847 892 884 955 ab
908 911 956 962 eo,
986 900 1016 952 et
1042 892 1197 972 pluraliter
1226 911 1260 952 ea
1288 910 1390 952 eorum
1412 893 1450 953 iis
1473 892 1549 954 veis

230 983 275 1041 eis
297 999 332 1041 ea
354 982 393 1040 iis
414 979 459 1039 vel
482 980 536 1038 eis.
580 978 649 1038 ideo
670 976 749 1038 volui
772 978 828 1038 boc
851 995 1014 1058 pronomen
1044 976 1224 1038 declin'atum
1247 994 1327 1046 esse,
1357 978 1425 1056 quia
1448 978 1523 1037 iacit

230 1065 379 1146 aliquibus
402 1063 603 1133 dubietatem,
627 1065 788 1142 praecipue
812 1065 842 1123 in
865 1063 1033 1123 accusativo
1055 1074 1136 1124 casu.
1180 1061 1257 1122 unde
1281 1064 1307 1122 si
1330 1060 1385 1121 tibi
1408 1063 1522 1122 mentio

230 1152 321 1212 luerit
336 1151 465 1210 nominis
480 1137 623 1209 neutralis
645 1150 676 1207 in
699 1150 866 1209 accusativo
888 1147 1047 1225 singulari,
1070 1148 1115 1208 sic
1137 1147 1227 1216 dicis,
1251 1153 1372 1227 utputa
1396 1150 1467 1225 ‘per
1490 1145 1523 1229 id

206 1235 372 1315 ,templum
395 1237 605 1302 transeamus’,
634 1233 706 1312 ‘per
735 1233 766 1293 id
794 1233 916 1312 pelagus
943 1234 1116 1309 navigemus
1127 1236 1146 1300 ’,
1170 1231 1293 1311 ‘perid
1317 1233 1376 1291 iter
1397 1249 1521 1310 progre-

230 1320 375 1381 diamur’.
408 1321 454 1379 cui
479 1318 514 1378 ad
538 1326 673 1379 ornatum
697 1317 811 1377 adiecta
835 1324 949 1378 estem
972 1315 1083 1397 syllaba
1105 1323 1136 1376 et
1157 1317 1230 1376 lacit
1251 1316 1346 1385 idem,
1370 1335 1428 1376 non
1450 1318 1522 1396 quia
1537 1333 1564 1372 ro

231 1404 311 1465 aliud
340 1404 485 1481 significat
513 1403 542 1463 id
573 1411 603 1462 et
631 1402 712 1462 aliud
734 1403 829 1473 idem;
857 1401 909 1462 sed
932 1401 1011 1462 idern
1034 1402 1169 1463 ornatius
1191 1401 1331 1470 dicimus,
1355 1419 1413 1481 quo
1434 1400 1524 1461 modo

230 1489 366 1570 quidam,
396 1488 463 1548 darn
491 1487 602 1567 syllaba
630 1487 666 1547 ad
694 1495 831 1549 ornatum
861 1489 1001 1556 accessit,
1024 1505 1084 1547 non
1106 1487 1176 1566 quia
1199 1484 1279 1546 aliud
1301 1483 1448 1562 significat
1469 1488 1523 1566 qui

231 1582 261 1635 et
283 1573 363 1635 aliud
385 1572 515 1653 qnidam.
560 1574 603 1632 sic
632 1571 726 1641 idem,
756 1575 799 1632 sic
827 1571 947 1641 eadem,
974 1578 1155 1651 acceperunt
1185 1571 1253 1631 dem
1275 1569 1432 1650 syllabam,
1462 1589 1524 1631 non

231 1667 263 1721 ut
285 1658 365 1720 aliud
387 1659 604 1734 significarent,
629 1657 681 1717 sed
704 1664 737 1718 ut
759 1657 907 1736 euphonia
929 1669 1021 1717 esset.
1061 1658 1172 1716 etenim
1194 1655 1324 1716 studium
1347 1656 1523 1716 luit-omni·

232 1734 286 1804 bus
309 1744 455 1803 musicare
483 1742 658 1802 latinitatem
687 1751 718 1802 et
745 1741 775 1802 id
804 1742 929 1812 addere,
957 1741 1034 1821 quod
1058 1744 1089 1801 in
1112 1759 1201 1800 aures
1223 1739 1394 1825 laberetur,
1416 1741 1446 1801 id
1469 1741 1564 1801 dre-15

232 1846 328 1896 mere,
351 1828 429 1906 qrrorl
453 1826 604 1887 rancidius
627 1826 791 1887 ollenderet
814 1828 958 1888 auditum.

316 1913 400 1972 liieta
423 1921 492 1971 sunt
515 1912 551 1972 de
578 1914 754 1991 pronomine
783 1911 831 1972 illa
864 1931 939 1991 quae
969 1909 1056 1990 paulo
1084 1910 1209 1971 obscura
1239 1910 1393 1980 ridentum
1421 1919 1523 1970 cetera

232 2018 247 2057 a
271 1997 465 2075 diligentibus
487 1996 667 2076 artigraphis
691 1996 776 2076 plene
800 1997 945 2058 declinata
968 2001 1051 2065 sunt,
1076 2014 1151 2077 quae
1173 1994 1260 2056 laoile
1284 1997 1427 2075 reperias.

780 2166 829 2226 DE
852 2165 977 2228 VERB⁰

317 2284 481 2344 Verborum
511 2288 586 2344 ratio
614 2287 654 2344 ita
683 2282 740 2345 lata
769 2292 828 2352 cst,
859 2294 889 2344 ut
913 2287 1054 2353 nominiS,
1085 2287 1125 2345 ita
1153 2303 1270 2365 qaroque
1300 2287 1439 2345 inusitata
1467 2294 1566 2354 osteo

234 2380 264 2431 ut
287 2373 319 2430 iu
342 2369 511 2430 nonrinibus
534 2369 743 2429 demonstravi.
781 2389 907 2448 namque
930 2370 1057 2448 plurima
1080 2372 1112 2430 in
1134 2369 1248 2438 verbis,
1271 2388 1347 2449 quae
1371 2370 1525 2431 rancidule

233 2454 445 2521 audiebantur,
475 2452 565 2533 polita
588 2462 670 2523 sunt,
694 2462 725 2513 ut
754 2473 809 2533 per
836 2455 1011 2515 anomaliam
1042 2452 1159 2514 mollius
1180 2462 1335 2523 sonarent,
1359 2473 1448 2534 quam
1470 2473 1526 2534 per

234 2548 346 2601 rectam
370 2537 518 2616 regulam,
546 2557 635 2617 quarn
658 2547 760 2617 postea
783 2538 927 2600 dicemus.
959 2538 962 2615 l
993 2538 1084 2599 verba
1106 2539 1205 2599 tribus
1227 2541 1322 2600 modis
1344 2541 1524 2619 accipimus:

234 2627 361 2686 dicimus
374 2622 463 2684 verba
476 2641 530 2703 pro
552 2621 692 2692 fallaciis,
718 2631 842 2702 utputa
867 2624 970 2684 ‘dedit
990 2624 1065 2684 mibi
1087 2623 1213 2694 verba';
1236 2625 1363 2685 dicimus
1385 2643 1439 2704 pro
1461 2643 1525 2685 ser·

233 2709 372 2771 trionibus
394 2708 576 2788 quilnrsque,
605 2717 638 2768 ut
665 2710 754 2769 ‘lecit
777 2708 867 2769 verba
889 2709 1027 2778 Cicero’;
1057 2709 1184 2769 dicimus
1212 2709 1302 2770 verba
1331 2709 1419 2778 baec,
1449 2726 1567 2789 quaeas

233 2813 289 2874 per
311 2795 414 2855 modos
442 2802 472 2854 et
499 2802 633 2873 tempora
662 2802 691 2854 et
719 2812 862 2873 personas
891 2792 1085 2854 declinamus.
1131 2801 1199 2855 sunt
1226 2802 1324 2855 autom
1347 2794 1526 2874 principalia

234 2879 325 2940 verba
349 2881 443 2939 activa
467 2881 582 2957 passiva
605 2886 710 2940 neutra
733 2882 899 2939 communia
931 2879 1118 2958 deponentia.
1163 2879 1199 2938 de
1223 2881 1332 2940 ceteris
1353 2898 1424 2939 vero
1446 2879 1527 2939 diee-

235 2984 300 3026 rnns
323 2965 389 3024 istis
411 2964 616 3029 catholiciset
638 2963 829 3042 generalibus
852 2964 1014 3043 explicatis.
1059 2966 1153 3024 activa
1176 2974 1245 3024 sunt
1266 2963 1376 3043 quibus
1398 2983 1451 3024 nos
1473 2965 1528 3024 ali·

235 3049 307 3130 quid
330 3067 417 3127 agere
441 3050 656 3126 significamus,
681 3057 714 3110 ut
737 3048 803 3126 lego
824 3049 899 3127 legis
921 3049 1010 3127 legit,
1035 3048 1134 3109 scribo
1149 3048 1258 3109 scribis
1272 3048 1388 3108 scribit.
1411 3051 1527 3127 passiva

235 3141 304 3195 sunt
325 3152 400 3214 qnae
429 3134 465 3194 de
494 3136 598 3194 activis
626 3142 802 3204 nascuntur,
832 3133 941 3214 quibus
969 3152 1024 3194 nos
1052 3136 1111 3212 pati
1136 3131 1246 3213 aliquid
1268 3136 1472 3203 enuntiamus,
1496 3142 1571 3193 utao

236 3222 318 3297 legor
346 3219 455 3295 legeris
482 3218 608 3295 legitur,
638 3218 753 3279 scribor
781 3219 924 3280 scriberis
951 3218 1105 3279 scribitur.
1150 3218 1296 3279 neutralia
1324 3226 1393 3279 sunt
1419 3218 1530 3297 quibus

236 3323 291 3365 nos
313 3322 368 3363 nec
391 3320 479 3380 agore
502 3323 557 3363 nec
579 3306 639 3383 pati
656 3304 767 3383 aliquid
789 3305 1040 3371 demonstramus,
1064 3312 1097 3364 nt
1119 3303 1209 3363 sedeo
1231 3306 1314 3363 iaceo
1336 3312 1382 3363 sto
1409 3312 1440 3363 et
1461 3304 1527 3371 alia,

237 3391 266 3449 in
289 3388 400 3468 quibus
423 3388 535 3448 ιιιι11ιιιιι
558 3392 709 3465 negotium
732 3396 854 3449 estnec
877 3389 983 3467 agendi
1006 3408 1061 3449 nec
1084 3388 1225 3468 patiendi.
1270 3390 1436 3449 communia
1459 3395 1530 3448 sunt

236 3492 311 3553 «pirae
334 3475 365 3533 iu
388 3492 422 3532 or
445 3473 600 3543 desinunt,
625 3493 784 3553 numquam
808 3476 837 3535 in
861 3495 894 3542 o,
918 3482 948 3534 et
970 3482 1029 3533 tam
1052 3492 1139 3551 agere
1154 3492 1242 3552 quam
1265 3475 1326 3552 pati
1350 3474 1528 3550 significant,

232 3567 269 3620 ut
290 3560 434 3618 criminor
463 3559 561 3628 illum,
591 3561 734 3619 criminor
763 3559 800 3618 ab
828 3559 892 3618 illo:
922 3577 977 3619 nec
1005 3561 1084 3619 eninr
1113 3559 1240 3618 dicimus
1274 3560 1401 3618 crimino
1433 3558 1572 3619 illumne

237 3644 413 3723 deponentia
442 3650 526 3711 sunt,
557 3644 635 3722 quod
665 3643 814 3722 deponant
841 3645 1044 3722 passivitatem
1073 3651 1103 3703 et
1130 3649 1248 3703 sumant
1276 3645 1470 3711 activitatem,
1501 3651 1532 3703 et

237 3747 304 3788 rum
333 3730 449 3806 passive
481 3730 674 3788 enuntientur
705 3730 734 3788 in
757 3746 773 3786 r
795 3728 911 3797 littera,
941 3728 1016 3789 uilril
1043 3736 1141 3788 tamen
1172 3728 1336 3807 patiuntur,
1360 3728 1413 3787 sod
1435 3727 1530 3788 solum

238 3823 342 3890 agerat,
372 3819 404 3871 ut
432 3810 528 3872 lacten
557 3811 680 3873 luctaris
707 3811 849 3882 luctatur,
880 3815 1020 3874 convivor
1047 3813 1152 3892 loquor
1184 3814 1339 3873 nanciscor
1366 3821 1397 3872 et
1431 3821 1531 3873 cetera

238 3897 317 3956 talia.
362 3916 432 3956 sano
456 3897 529 3956 illud
551 3916 721 3966 monemus,
745 3918 804 3977 qrro
827 3898 914 3958 rnmlo
936 3900 967 3958 in
990 3897 1162 3959 nominibus
1190 3899 1285 3957 maior
1313 3900 1463 3977 quiantitas
1486 3907 1533 3957 est

238 3980 391 4041 masculini
416 3990 445 4040 et
466 3983 602 4043 seminini
625 3985 760 4060 perieris,
785 3984 884 4043 nentri
908 4000 976 4043 vero
999 3985 1096 4043 minor
1119 3990 1149 4042 et
1170 3984 1348 4050 communis,
1378 3984 1422 4042 sic
1446 3991 1475 4042 et
1498 3985 1530 4043 in
1546 4001 1574 4039 ro

240 4065 339 4125 vorbis
362 4065 454 4126 multa
481 4074 550 4126 sunt
578 4069 688 4135 activa,
718 4067 808 4128 multa
838 4085 931 4148 aeque
960 4070 1097 4147 passiva,
1120 4086 1179 4126 nou
1202 4074 1283 4127 tanta
1306 4069 1452 4128 neutralia
1476 4087 1533 4127 nec

238 4152 407 4211 ‹tonrmunia
431 4169 486 4209 uec
509 4151 699 4229 deponentia.
744 4159 774 4211 et
796 4161 919 4232 propter
941 4153 997 4212 hoc
1020 4152 1122 4230 regula
1145 4154 1308 4213 activorum
1331 4155 1532 4231 passivorum·

188 4265 193 4274 ·
239 4254 297 4314 que
321 4237 350 4294 in
374 4238 552 4295 inuneusnnr
576 4237 719 4297 tenditur.
756 4246 922 4298 ceterorum
947 4256 1017 4298 vero
1039 4236 1199 4298 verborum
1221 4237 1342 4314 regulae
1365 4256 1380 4296 a
1405 4237 1533 4314 diligen·

240 4320 321 4381 libus
344 4319 536 4398 colliguntur.

308 4490 618 4544 deoseisveliisonr.
642 4493 670 4540 V
735 4490 839 4559 tiquia]
861 4495 903 4557 qui
926 4495 953 4543 V
1020 4492 1100 4557 8per
1117 4493 1184 4542 idem
1200 4492 1322 4557 templum
1341 4494 1387 4546 Vs
1456 4490 1536 4557 aper

240 4563 287 4611 iter
305 4562 483 4628 pergredimur
499 4564 526 4610 V
534 4577 579 4626 per
596 4563 643 4611 iter
659 4563 880 4628 pergrediamurs
934 4562 965 4615 13
983 4559 1060 4628 idem]
1079 4562 1168 4612 iisdem
1188 4565 1215 4612 V
1227 4564 1344 4617 isdems
1397 4563 1429 4613 14
1448 4573 1536 4613 essem

245 4632 267 4677 V
324 4632 355 4682 15
373 4633 493 4681 nrrrsicari
513 4633 589 4681 editio
607 4632 764 4683 Basileeneia
817 4632 944 4682 laboretur
962 4634 987 4682 id
1011 4633 1123 4681 demeret
1146 4634 1172 4681 V
1223 4634 1256 4684 lo
1276 4633 1423 4683 offendisset
1446 4634 1473 4681 V

242 4700 462 4755 resideremus
519 4703 553 4751 24
572 4700 735 4757 laliacieVg
783 4703 816 4751 25
830 4703 893 4752 baec
907 4713 931 4752 et
948 4717 1013 4766 quoe
1031 4703 1056 4751 V
1062 4713 1078 4754 ς
1129 4702 1163 4753 36
1181 4702 1309 4768 deponant
1321 4703 1495 4766 passiuitatem
1510 4712 1536 4752 et

241 4781 342 4820 sumant
355 4772 508 4821 netinitatem
521 4787 578 4820 curn
596 4784 613 4826 ς
626 4772 754 4835 deponant
767 4774 924 4837 passiuitatis
938 4782 962 4822 et
979 4779 1080 4821 sumant
1099 4772 1232 4821 actiuitatis
1245 4783 1269 4821 et
1284 4787 1341 4820 curn
1355 4774 1382 4820 V
1430 4771 1463 4822 ³9
1480 4787 1535 4821 mo-

243 4855 330 4888 nemur
353 4842 400 4896 V5
447 4841 675 4894 inomnibusV5
722 4842 753 4890 41
771 4840 841 4908 suut]
859 4840 995 4898 lucrante
1043 4842 1312 4908 aequeetpnssiua5
1360 4839 1539 4894 illinamV
