3346 5498
239 377 242 382 -
266 332 331 396 320
844 339 981 402 lVLlANl

293 454 314 495 p.
330 445 367 483 109
381 442 407 482 il.

351 521 423 583 ltem
446 525 644 585 interiectioui
666 535 738 604 quot
760 526 916 587 accidunt?
938 527 1064 588 Tantum
1086 528 1269 606 significatio.
1307 529 1487 607 significatio
1509 531 1557 590 iu·

268 624 449 685 terieetionis
477 626 508 685 in
538 644 597 705 qao
626 628 689 686 est?
726 627 799 698 Ouia
823 619 877 689 aut
902 626 1041 690 laetitiam
1071 630 1284 707 significarim,
1308 638 1340 690 ιιι
1362 649 1449 700 evax,
1473 631 1555 708 quod

268 734 312 787 est
333 729 499 787 interiectio
521 728 691 805 gaudentis3
716 738 766 790 aut
787 727 934 795 dolorem,
957 737 989 791 ut
1010 731 1083 800 hen,
1106 730 1136 790 id
1158 741 1202 792 est
1224 733 1388 793 interiectio
1411 730 1555 811 lugentis;

267 836 317 889 aut
338 829 575 899 admirationem,
599 839 632 891 ut
653 849 762 910 papae,
786 833 863 892 sieut
884 831 1003 910 quirlnm
1031 810 1135 892 scribit
1161 835 1308 913 ‘papae
1333 810 1457 894 'viver'e
1480 853 1555 895 non

223 1015 227 1021 ἱ
266 929 374 999 licet,
398 936 433 990 el
455 932 640 992 lornicari
666 932 813 1003 libet?’;
845 942 895 994 aut
917 942 1043 1003 metum,
1074 935 1151 994 sicut
1173 942 1245 1004 atat,
1269 934 1346 994 sicut
1367 933 1485 996 solitum
1510 943 1584 995 ests

265 1031 387 1112 parvulo
403 1032 461 1093 dici
478 1042 565 1104 totto,
589 1034 707 1113 quando
723 1034 900 1114 prohibetur
915 1035 1072 1115 comedere
1088 1044 1208 1096 terram.
1227 1070 1263 1078 -
1281 1036 1323 1096 Et
1339 1037 1441 1115 siqua
1466 1043 1556 1097 sunt

266 1133 420 1195 similia:
446 1146 473 1196 et
496 1154 571 1215 qnae
593 1144 663 1197 sunt
684 1136 808 1198 similia?
830 1135 935 1208 Multa,
960 1156 1034 1218 quae
1050 1136 1085 1197 ad
1102 1138 1345 1216 significationem
1360 1139 1452 1217 partis
1466 1139 1556 1198 istius

265 1237 425 1316 pertinent.

229 1342 232 1350 ’
290 1352 377 1406 ¹¹·⁵¹³·
792 1375 841 1436 ou
863 1375 1024 1438 cirrum

349 1492 450 1553 Partes
478 1493 685 1569 grammaticae
712 1495 784 1554 artis
811 1503 883 1573 quot
910 1495 997 1555 suntl
1029 1494 1129 1555 Prima
1158 1513 1227 1573 pars
1249 1502 1295 1555 est
1314 1508 1393 1574 uuae
1414 1495 1557 1556 scribitur
1573 1518 1598 1556 m

265 1611 320 1674 per
342 1593 544 1672 metaphoram
568 1602 597 1655 et
618 1594 819 1674 antiphoram,
843 1595 873 1655 id
896 1602 939 1656 est
962 1614 1016 1674 per
1043 1597 1303 1673 interrogationem
1332 1604 1362 1657 et
1383 1601 1556 1678 responsio-

265 1715 348 1764 nem,
374 1714 447 1774 quae
469 1695 535 1755 data
560 1705 604 1756 est
626 1695 767 1776 parvulis,
791 1717 849 1776 quo
865 1697 952 1757 modo
968 1697 1096 1757 debeant
1118 1696 1290 1775 intellegere
1309 1706 1338 1757 et
1359 1699 1554 1778 respondere,

266 1797 337 1857 nihil
368 1796 482 1857 habens
511 1797 699 1859 dillicultatis
746 1800 876 1860 secunda
905 1809 948 1860 est
976 1798 1096 1860 uberior
1127 1805 1155 1857 et
1186 1798 1277 1869 utilis,
1309 1810 1384 1876 quae
1412 1799 1479 1860 data
1509 1807 1556 1860 est

265 1899 424 1960 maioribus
448 1906 477 1958 et
500 1900 677 1970 minoribus,
702 1901 849 1961 modicum
872 1900 985 1961 babens
1007 1900 1202 1978 dilticultatis,
1228 1919 1286 1978 cyno
1310 1901 1397 1961 modo
1424 1901 1555 1962 interro·

266 2019 337 2080 gare
361 2010 390 2060 et
412 2000 594 2080 respondere
617 2000 743 2081 possint,
768 2012 797 2064 et
819 2005 922 2081 incipit
944 2022 959 2063 a
982 2002 1087 2064 littera.
1570 2024 1596 2062 aa

818 2105 836 2143 a
898 2100 917 2139 a
979 2101 996 2138 s

289 2249 310 2289 Ρ·
326 2237 357 2275 ¹⁴·
371 2237 395 2275 ¹⁵
410 2235 433 2275 Β·
679 2257 726 2318 DE
749 2258 771 2317 F
773 2256 942 2322 lNdLlBVS
965 2257 1141 2318 Sl'LLdBlS

347 2375 472 2446 Quando
501 2376 697 2435 nominativus
724 2376 882 2453 singularis
911 2395 940 2435 m
965 2378 1154 2445 terminatur,
1179 2374 1285 2454 longus
1308 2385 1352 2436 est
1374 2394 1410 2436 an
1435 2375 1555 2437 breuis?

263 2476 365 2537 Brevis
389 2486 446 2545 est;
470 2476 541 2537 dicit
564 2486 660 2537 tamen
685 2477 814 2538 Donatus
836 2459 979 2538 ‘abduum
1003 2486 1048 2538 est
1069 2477 1155 2538 huius
1177 2480 1220 2539 rei
1248 2475 1382 2556 exempla
1405 2479 1553 2556 reperire,

263 2597 298 2638 eo
322 2579 400 2655 quod
424 2579 497 2639 haec
520 2579 615 2638 littera
638 2597 726 2657 saepe
749 2581 827 2639 inter
849 2578 963 2638 vocales
985 2581 1080 2658 posita
1103 2580 1229 2639 dedeit'.
1266 2597 1323 2657 quo
1346 2577 1453 2639 modo?
1476 2582 1552 2650 Quia
1567 2603 1594 2641 so

262 2679 382 2739 difficile
405 2687 503 2740 estut
526 2678 693 2758 exemplum
716 2688 830 2740 certum
855 2682 1035 2749 inveniatur,
1060 2681 1165 2741 exinde
1190 2689 1287 2741 utrum
1312 2679 1416 2756 longus
1437 2683 1476 2740 sit
1499 2700 1554 2741 uo-

262 2783 419 2842 minativus
442 2799 478 2842 an
502 2782 599 2841 brevis
622 2780 728 2860 [quare
751 2800 779 2840 m
802 2783 879 2841 inter
903 2780 1016 2842 vocales
1037 2784 1131 2861 posita
1155 2780 1303 2862 delicitl],
1326 2783 1472 2841 incertum
1497 2791 1552 2843 est.

346 2886 390 2944 ,in
412 2884 511 2943 finitus
533 2884 729 2943 nominativus
752 2882 909 2959 singularis
931 2883 1026 2962 (petalis
1049 2885 1110 2944 est?
1132 2883 1265 2961 Longus,
1289 2891 1323 2944 ut
1344 2883 1441 2944 Titan.
1464 2883 1552 2954 -Qua-

261 2984 296 3045 lis
318 3004 417 3046 sermo
440 2993 484 3045 est
499 2967 605 3045 Titani
627 2984 768 3044 Graecus.
798 2982 873 3053 Ouid
896 2992 981 3044 sonat
1003 2987 1032 3044 in
1055 2983 1163 3045 latino?
1186 2985 1237 3045 Sol
1261 2991 1305 3044 est
1327 2983 1404 3063 apud
1420 2983 1550 3046 Latinos.

261 3088 333 3147 dicit
355 3087 488 3148 Donatus
509 3086 651 3147 ‘latinum
679 3104 748 3145 vero
776 3087 806 3144 in
830 3084 885 3145 hac
908 3084 1017 3163 syllaba
1041 3103 1098 3146 non
1123 3093 1221 3164 potest
1242 3103 1351 3145 nomen
1373 3087 1528 3147 inveniri’.
1566 3111 1594 3150 ss

345 3189 468 3260 Quando
497 3207 533 3249 eu
562 3190 752 3256 terminatur,
782 3186 887 3264 longus
916 3194 961 3246 est
984 3205 1020 3248 an
1044 3185 1158 3247 brevis?
1196 3187 1227 3247 ln
1255 3188 1369 3247 rreutris
1391 3185 1554 3264 generibus

262 3291 359 3352 brevis
383 3301 439 3360 est,
463 3301 495 3350 ιιι
517 3309 650 3356 carmen:
683 3290 712 3348 in
736 3288 800 3349 aliis
823 3298 921 3349 autern
944 3272 1104 3383 generibus
1126 3288 1204 3367 apud
1227 3287 1345 3350 Latinos
1367 3286 1472 3366 longus
1494 3297 1551 3359 est,

260 3392 338 3471 apud
361 3395 493 3454 Graecos
515 3392 613 3452 brevis
636 3401 694 3459 est,
724 3399 756 3450 ιιι
777 3399 883 3470 pecten
906 3390 1013 3450 damen
1035 3390 1094 3451 lien
1117 3388 1230 3469 pollen,
1260 3392 1326 3468 quia
1349 3398 1455 3467 pecten
1479 3408 1551 3468 pec·

261 3496 351 3554 tinem
374 3494 497 3563 dicitur,
520 3494 627 3553 llamen
651 3493 814 3561 llaminem,
844 3492 903 3552 lien
927 3492 1048 3560 lienem,
1073 3491 1172 3568 pollen
1193 3490 1345 3571 pollinem.

346 3595 469 3666 Quando
492 3614 531 3655 on
554 3596 743 3663 terminatur,
767 3594 874 3671 longus
897 3603 943 3654 est
964 3611 1001 3653 an
1025 3592 1138 3653 brevis?
1162 3593 1286 3672 Semper
1308 3591 1415 3670 longus
1437 3601 1492 3662 est,
1517 3603 1594 3660 uteo

260 3697 407 3758 Memnon.

344 3797 467 3867 Quando
496 3800 693 3859 nominativus
720 3796 877 3874 singularis
907 3799 1082 3857 terminatur
1105 3814 1153 3864 ar,
1177 3794 1283 3873 longus
1306 3806 1350 3857 est
1371 3814 1409 3857 an
1431 3796 1552 3860 brevis?

260 3899 292 3958 ln
316 3900 525 3978 monosyllabis
549 3900 654 3977 longus
677 3908 735 3965 est,
760 3908 791 3957 ut
811 3915 866 3957 nar
888 3899 942 3959 lar.
986 3898 1061 3969 Quid
1086 3899 1158 3958 nari
1187 3897 1218 3957 ld
1241 3906 1286 3958 est
1308 3899 1401 3968 naris,
1425 3899 1471 3959 lar
1494 3919 1553 3979 pro

260 4003 362 4061 lariua.
408 4001 440 4061 ln
468 4000 658 4081 polysyllabis
686 3999 780 4077 qualis
803 4003 863 4058 estl
897 4000 1027 4061 Donatus
1050 4000 1120 4059 dicit
1142 3999 1229 4059 ‘lieet
1250 4002 1280 4059 in
1303 3999 1348 4060 his
1372 3999 1479 4077 longus
1501 4004 1552 4070 sit,

259 4121 334 4181 quae
357 4121 373 4161 a
396 4103 426 4162 in
448 4105 583 4180 genetivo
607 4110 673 4163 arrte
690 4100 822 4160 ultimam
840 4101 1023 4180 producunt,
1048 4111 1145 4161 tamen
1160 4104 1335 4163 auctoritate
1357 4103 1550 4182 corripitur'.
1567 4129 1594 4168 as

259 4205 324 4274 Quo
347 4203 452 4263 modol
475 4205 613 4275 Quamvis
628 4204 723 4271 dicas,
749 4204 778 4262 in
794 4205 929 4279 genetivo
945 4223 1014 4264 casu
1038 4201 1218 4283 paenultimo
1242 4201 1306 4262 loco
1330 4202 1419 4262 habet
1440 4221 1552 4266 accen·

260 4315 335 4374 tum,
359 4308 408 4385 qui
433 4315 477 4367 est
500 4304 622 4365 ultimus
644 4306 674 4364 in
697 4304 890 4374 nominativo,
916 4313 948 4364 ut
962 4307 1000 4365 sit
1015 4307 1078 4383 ipse
1094 4306 1292 4366 nominativus
1314 4295 1429 4382 longus,
1446 4312 1551 4368 tamen

324 4547 341 4596 4
360 4542 453 4613 papae]
475 4544 619 4609 Hieronpm,
640 4547 712 4607 epist.
729 4546 765 4593 od
782 4545 905 4595 Rusticum
920 4543 1060 4594 nrorruehum
1077 4559 1116 4608 ep.
1133 4544 1192 4605 125,
1212 4543 1242 4595 13
1261 4546 1309 4595 eol.
1332 4545 1339 4592 l
1359 4545 1370 4594 l
1388 4558 1414 4606 p.
1434 4542 1485 4595 941
1505 4547 1551 4596 ed.

262 4618 378 4667 Volture.
468 4613 500 4665 19
519 4612 637 4680 arduum]
659 4614 736 4667 allex.
762 4618 857 4667 Victor.
876 4615 988 4677 desinat.
1003 4629 1032 4675 p.
1049 4615 1100 4664 459
1118 4615 1158 4663 ed.
1176 4613 1282 4664 Vindob.
1372 4613 1405 4663 ²5
1426 4614 1548 4683 latinum]

256 4688 292 4751 es.
309 4687 387 4740 Mae.
412 4689 509 4738 Victor.
529 4688 547 4736 l.
563 4702 584 4736 e.
656 4685 691 4735 28
711 4695 798 4750 pecten
820 4685 920 4750 pertine
945 4685 1036 4733 dicitur
1060 4684 1150 4732 llamen
1178 4685 1279 4733 domine
1304 4683 1354 4732 lien
1374 4682 1440 4733 liene
1460 4685 1551 4751 pollen

257 4772 303 4824 pro
323 4758 416 4824 polline
431 4758 463 4811 lt.
483 4758 648 4806 caementum
665 4756 833 4818 adsere-ipsese
848 4757 946 4805 uidetur
962 4757 1139 4819 praenotatione
1151 4756 1187 4804 ati
1205 4770 1285 4818 gentes
1297 4755 1418 4805 nominum
1433 4755 1552 4818 proban·

257 4829 326 4877 dom:
341 4829 376 4891 rs.
396 4829 496 4879 Charis.
511 4842 540 4891 p.
559 4827 602 4888 87,
624 4825 654 4876 15
725 4824 757 4876 34
778 4823 844 4892 lieet]
870 4835 894 4874 ut
911 4825 950 4875 ll:
968 4825 1003 4888 es,
1024 4824 1099 4874 ettae.
1124 4825 1221 4876 Victor.
1242 4826 1258 4877 l.
1279 4839 1301 4877 r.
