3346 5498
676 386 913 451 COblbssiN'l'Vbl
1384 386 1445 450 149

1260 510 1280 550 p.
1296 499 1382 538 ris-ur
1397 496 1419 536 t„

233 576 287 637 Est
315 578 403 638 etiam
431 575 563 637 verbialc
590 593 713 636 nomen:
743 574 874 636 verbiale
902 575 1010 638 dicitur
1032 574 1037 657 Ι
1060 595 1171 639 nomen
1193 576 1272 658 quod
1295 577 1332 639 dc
1354 577 1563 648 verb0430‚26

142 680 280 740 nascitur
308 686 353 746 et,
364 679 395 738 in
423 686 469 738 tor
492 695 613 757 semper
636 679 703 738 exit.
750 676 874 738 dicimus
895 679 954 738 iam
976 680 1063 739 istam
1085 679 1227 758 regulam.
1273 697 1332 757 quo
1355 679 1445 740 modo

142 782 178 842 fit
205 781 263 840 boc
290 781 417 841 nomen?
454 781 506 840 ita:
542 778 578 840 de
606 778 732 858 gerundi
759 779 841 839 modi
868 783 970 840 ultimo
991 788 1123 858 tempore
1145 781 1278 843 ultimam
1301 779 1443 860 syllabam

144 881 269 961 [futuri]
299 883 330 942 in
357 900 392 942 or
420 882 509 942 vertis
536 887 566 942 et
594 881 665 941 lacis
693 898 813 941 nomen.
857 880 977 959 legendi
1005 882 1130 961 legendo
1152 882 1309 962 legendnm
1332 882 1441 945 lectum

115 983 242 1045 sleotu:
266 991 347 1045 verte
370 985 457 1045 istam
479 981 610 1044 ultimam
633 980 774 1062 syllabam
797 985 828 1043 in
851 1001 899 1055 or,
924 991 954 1044 et
974 983 1048 1045 lacis
1070 983 1179 1045 lector:
1208 986 1337 1064 scriptu,
1362 993 1442 1046 verte

144 1086 281 1147 ultimam
309 1087 340 1146 in
363 1104 412 1155 or,
435 1086 578 1164 scriptor:
609 1084 726 1154 auditu,
751 1084 880 1146 auditor:
909 1085 1002 1155 lectu,
1026 1084 1129 1147 lector.
1176 1083 1205 1146 et
1227 1088 1270 1147 sic
1291 1088 1365 1148 fiunt
1386 1089 1442 1148 ista

143 1191 276 1250 nomina.
311 1187 423 1248 idcirco
446 1188 534 1248 etiam
555 1186 705 1248 sarciendi
727 1187 884 1247 sarciendo
905 1187 1093 1248 sarciendam
1116 1195 1229 1249 sartum
1250 1200 1345 1250 sartu:
1369 1208 1440 1250 con·

143 1298 228 1352 verte
255 1291 342 1350 istam
370 1288 503 1350 ultimam
526 1291 555 1349 in
579 1308 627 1360 or,
652 1288 773 1369 etquid
796 1289 884 1350 lacit?
912 1298 1010 1350 sartor
1033 1290 1112 1349 lacit.
1157 1307 1246 1369 saepe
1269 1292 1347 1351 enim
1372 1290 1441 1352 binc

143 1392 202 1454 sibi
225 1392 339 1453 iaciunt
365 1393 568 1471 quaestionem
592 1400 621 1451 et
644 1389 779 1451 dubitant
801 1390 1055 1470 frequentissime,
1085 1390 1156 1470 quid
1179 1391 1307 1454 debeant
1329 1391 1438 1454 dicere.

104 1504 245 1557 ounum
271 1512 370 1555 sarsor
388 1493 523 1558 ‚dicimus
550 1502 602 1556 ant
628 1494 793 1554 sarcinator
821 1498 870 1554 aut
895 1493 1008 1553 sartor?
1039 1510 1099 1553 non
1121 1501 1220 1573 potest
1242 1495 1307 1556 lieri
1328 1497 1385 1555 nisi
1408 1504 1441 1556 ut

142 1598 232 1658 faeiat
253 1604 360 1657 sartor.
404 1594 540 1657 ultimum
568 1596 648 1656 euim
676 1603 793 1675 tempus
821 1595 948 1673 gerundi
970 1594 1053 1655 modi
1074 1602 1157 1656 sartu
1179 1596 1262 1656 lacit:
1300 1607 1440 1659 converte

142 1702 174 1761 in
198 1717 247 1768 or,
272 1707 301 1760 ct
317 1699 386 1759 lacit
400 1705 506 1758 sartor.
537 1698 681 1779 numquid
697 1707 782 1779 potes
797 1699 930 1759 invenire
946 1697 1075 1775 aliquam
1090 1700 1348 1760 contrarietatem?
1371 1700 1440 1761 inde

89 1875 92 1878 Α
143 1801 192 1863 illa
216 1803 348 1882 quaestio
370 1798 506 1870 solvitur,
530 1818 606 1878 qnae
628 1802 659 1860 in
682 1800 864 1861 dubitatione
887 1808 941 1861 est.
975 1817 1049 1861 cano
1073 1807 1103 1860 et
1125 1807 1226 1860 canto:
1250 1802 1363 1862 iaciunt
1384 1802 1439 1863 sibi

144 1903 263 1966 stultam
286 1903 504 1982 quaestionem,
534 1921 602 1964 eum
624 1903 714 1964 verba
737 1901 852 1963 diversa
874 1903 942 1961 sint.
987 1920 1055 1962 nam
1078 1901 1114 1962 ab
1138 1901 1275 1982 eoquod
1299 1910 1344 1963 est
1365 1921 1439 1964 cano

103 2013 175 2066 rset
203 2012 289 2066 canto
317 2003 425 2064 diversi
452 2012 522 2064 sunt
549 2003 674 2082 gerundi
701 2003 790 2064 modi.
834 2004 881 2064 lac
907 2002 1035 2082 gerundi
1063 2003 1143 2063 modi
1171 2003 1207 2064 ab
1236 2003 1372 2084 eoquod
1395 2015 1441 2066 est

142 2126 228 2169 cano.
274 2105 400 2167 canendi
427 2105 561 2166 canendo
590 2104 757 2167 canendum
786 2111 907 2166 cantum
934 2114 1038 2166 cantu:
1077 2112 1181 2165 cantor
1214 2106 1293 2166 lacit.
1333 2105 1370 2166 ab
1403 2125 1439 2167 eo

142 2209 221 2291 qnod
245 2214 290 2270 est
312 2216 398 2268 canto
421 2215 521 2268 cantas
543 2208 589 2268 lac
612 2207 738 2287 gerundi
764 2205 768 2288 Ι
791 2206 882 2268 modi.
927 2207 1066 2268 cantandi
1089 2206 1236 2267 cantando
1259 2207 1438 2268 cantandum

142 2319 295 2374 cantatum
318 2316 452 2371 cantatu:
476 2317 618 2371 cantator.
664 2318 694 2370 et
716 2328 776 2370 non
799 2316 844 2369 est
866 2310 1057 2370 contrarium.

230 2413 282 2475 Est
305 2414 393 2474 etiam
417 2429 525 2472 nomen
548 2412 697 2491 participii
720 2410 825 2472 simile.
868 2413 1017 2491 participii
1045 2410 1140 2472 simile
1162 2429 1270 2472 nomen
1294 2421 1339 2472 est
1360 2411 1555 2491 quodtsnts

99 2518 187 2577 eosic
216 2524 300 2576 sonat
334 2515 418 2594 quasi
447 2514 651 2593 participium,
681 2531 790 2574 nornen
826 2521 871 2574 est
905 2522 1019 2583 tamen,
1049 2522 1081 2573 ut
1112 2521 1228 2593 potens.
1274 2531 1344 2574 cece
1376 2532 1437 2574 non

141 2620 186 2678 sic
209 2626 254 2676 est
275 2625 395 2696 potens,
419 2633 507 2694 quem
530 2613 567 2675 ad
591 2614 710 2676 modum
733 2614 853 2694 legens?
876 2623 905 2676 et
928 2623 1025 2677 tamen
1048 2625 1179 2696 apparet,
1204 2615 1322 2696 quando
1343 2617 1435 2695 parti·

140 2720 254 2798 cipinm
277 2720 329 2787 sit,
354 2717 472 2798 quando
495 2736 613 2778 nomen.
645 2735 753 2778 nomen
776 2724 834 2788 est,
858 2719 884 2778 si
905 2719 1030 2798 recipiat
1052 2720 1307 2798 conparationem,
1330 2725 1436 2798 potens

123 2821 293 2900 *potentior
314 2821 544 2899 potentissimus
580 2821 606 2879 si
627 2819 816 2898 participium
838 2820 942 2891 luerit,
967 2838 1026 2880 non
1049 2821 1155 2900 recipit
1176 2820 1433 2899 conparationenr;

140 2940 230 2983 nemo
252 2921 325 2982 dicit
346 2920 492 2999 legentior
514 2919 742 2999 legentissimus.
787 2920 843 2982 boe
865 2921 959 2982 noluit
981 2921 1098 2982 adicere
1120 2923 1264 2991 Donatus,
1290 2922 1366 3002 quod
1390 2930 1435 2983 ost

98 3039 126 3078 2⁵
139 3023 213 3084 utile
240 3025 324 3084 satis:
363 3032 433 3084 sunt
459 3023 554 3102 aliqua
583 3024 703 3083 nomina
731 3025 850 3102 penitus
879 3021 1043 3104 [nomina],
1072 3042 1146 3084 sono
1167 3025 1337 3105 participia;
1367 3032 1435 3084 sunt

139 3125 239 3206 aliqua
267 3127 420 3205 participia
449 3127 581 3204 penitus;
609 3133 679 3186 sunt
707 3124 803 3206 aliqua
831 3125 936 3185 media.
984 3143 1052 3185 ecee
1080 3133 1187 3204 potens
1210 3133 1323 3187 tantum
1345 3125 1434 3186 modo

140 3247 249 3288 nomen
278 3238 321 3287 est
348 3246 403 3287 nec
431 3236 528 3307 potest
556 3246 622 3288 esse
650 3229 853 3307 participium,
881 3226 933 3287 sed
957 3245 1065 3287 nomen
1088 3234 1133 3287 est
1155 3233 1278 3287 tantum.
1324 3230 1433 3307 quarel

140 3331 207 3407 quia
235 3330 342 3407 recipit
368 3330 624 3408 conparationem,
657 3335 763 3407 potens
795 3330 945 3407 potentior
971 3330 1202 3408 potentissimus.
1248 3348 1303 3389 nec
1336 3339 1434 3409 potest

134 3416 205 3492 esse
227 3431 425 3510 participium.
471 3432 582 3508 quare?
611 3432 678 3510 quia
707 3448 766 3491 non
794 3431 874 3491 venit
896 3448 911 3490 a
934 3429 1034 3493 verbo.
1080 3434 1104 3492 si
1128 3433 1206 3492 enim
1229 3451 1246 3492 a
1268 3431 1360 3493 verbo
1383 3452 1431 3493 ve-

101 3550 127 3589 m
141 3535 233 3602 niret,
258 3540 335 3594 esset
356 3534 555 3613 participium.
586 3550 657 3611 ergo
679 3533 703 3592 si
726 3550 742 3591 a
765 3528 855 3591 verbo
877 3550 937 3593 non
959 3532 1050 3594 babet
1069 3534 1214 3611 originem
1237 3541 1267 3593 ct
1288 3552 1430 3613 conpara·

142 3637 251 3696 tionem
274 3634 377 3705 babet,
401 3637 586 3715 apertissime
609 3653 719 3695 nomen
742 3642 795 3695 est.
825 3651 894 3693 ecce
910 3633 990 3695 vides
1012 3653 1101 3713 quem
1124 3634 1299 3696 admodum
1323 3655 1430 3698 nomen

141 3744 193 3797 est
241 3738 430 3796 econtrario
452 3737 638 3816 participium
661 3744 705 3796 cst
726 3734 837 3814 legens.
875 3737 984 3814 quare?
1007 3739 1144 3814 quoniam
1166 3737 1205 3797 ab
1227 3757 1262 3798 eo
1285 3737 1362 3816 qnod
1387 3747 1432 3800 est

139 3837 206 3915 lego
233 3837 303 3898 inde
331 3846 375 3898 est
402 3836 505 3915 legens
532 3845 562 3897 et
589 3839 831 3917 conparationem
854 3855 913 3898 non
936 3839 1054 3917 recipit:
1083 3858 1172 3900 nemo
1195 3839 1266 3901 dicit
1286 3839 1431 3918 legentior

139 3938 367 4018 legentissimns.
394 3938 398 4020 Ι
429 3957 500 4017 ergo
522 3942 547 4000 si
569 3958 585 4000 a
609 3937 699 4001 verbo
723 3939 802 3999 venit
824 3944 853 3999 et
874 3957 934 4000 non
956 3942 1063 4021 recipit
1084 3943 1338 4020 conparationem,
1362 3961 1429 4023 par·

97 4057 124 4097 rs
139 4043 271 4121 ticipium
295 4050 347 4102 est.
386 4049 432 4102 est
453 4042 570 4119 aliquod
593 4039 739 4110 medium,
763 4047 795 4102 ut
818 4049 861 4102 est
883 4060 994 4103 amans.
1030 4044 1148 4122 quando
1171 4043 1295 4105 dicimus
1317 4063 1429 4114 amans,

138 4152 238 4224 potest
265 4152 294 4203 et
321 4163 337 4204 a
364 4143 455 4204 verbo
483 4162 563 4214 esse,
588 4161 654 4205 amo
684 4160 764 4204 amas
792 4152 883 4215 amat;
922 4163 991 4206 ecce
1013 4163 1031 4205 a
1052 4144 1143 4206 verbo
1167 4147 1257 4207 venit:
1281 4154 1380 4225 potest
1401 4155 1431 4207 ει

138 4246 273 4323 recipere
301 4247 559 4324 conparationem,
588 4262 690 4306 amans
717 4247 863 4307 amantior
891 4249 1116 4309 amantissimus.
1161 4247 1230 4326 qnid
1259 4265 1330 4326 ergo
1358 4247 1428 4309 laci-

137 4348 222 4407 mus?
256 4347 401 4425 quemad
425 4346 545 4407 modum
569 4347 778 4417 discernimus,
808 4348 925 4427 quando
954 4355 997 4409 cst
1019 4368 1143 4418 nomen,
1170 4348 1287 4426 quando
1309 4351 1428 4428 partici-

207 4534 224 4584 3
242 4537 277 4585 ite
294 4536 325 4582 de
342 4535 450 4601 gerundi
471 4535 539 4584 modi
559 4535 671 4583 ultimam
690 4534 815 4599 syllabam
836 4574 942 4587 ......
964 4533 1057 4597 (futuri
1076 4538 1194 4588 latitura
1210 4535 1240 4598 a)
1259 4536 1285 4584 in
1305 4550 1334 4584 or
1349 4536 1427 4587 uertit

138 4615 162 4654 et
181 4604 244 4655 lacis
264 4603 342 4655 futuri
355 4605 448 4669 (futuri
467 4603 712 4665 delenita)1romen
730 4604 755 4652 A
774 4606 809 4654 itn
824 4605 927 4666 gerendi
948 4606 1015 4654 modi
1035 4606 1147 4656 ultimam
1166 4607 1289 4670 syllabam
1306 4605 1384 4654 futuri
1400 4607 1426 4655 in

138 4691 166 4724 or
185 4677 264 4725 nertis
283 4685 307 4724 et
326 4675 390 4725 lacis
408 4690 498 4725 nomen
518 4674 630 4723 futurum
647 4675 672 4723 B
691 4677 724 4723 ita
747 4676 778 4724 de
797 4673 904 4740 gerundi
923 4675 992 4724 modi
1011 4678 1090 4735 (corr.
1112 4677 1198 4740 modo)
1218 4675 1332 4724 nltimam
1348 4677 1425 4739 syllo-

138 4746 195 4794 bam
211 4743 290 4793 futuri
310 4747 333 4792 in
354 4760 382 4794 or
401 4746 479 4795 uectis
497 4753 521 4795 et
538 4744 603 4793 sacis
622 4759 712 4793 nornen
732 4746 752 4793 O
840 4743 872 4793 10
892 4759 941 4794 non
959 4753 1043 4810 potest
1067 4746 1121 4796 beri
1139 4747 1188 4794 nisi
1207 4754 1234 4792 ut
1250 4744 1327 4794 iaciat
1345 4755 1426 4795 sartor

137 4831 184 4864 em.
203 4815 237 4878 A,
256 4815 350 4864 adda
410 4815 438 4865 ll
460 4813 741 4865 sertulaciuntABO
812 4814 843 4864 12
857 4821 940 4879 potest
958 4814 983 4864 A
1053 4815 1245 4866 testona
1316 4817 1351 4866 24
1367 4815 1426 4870 dicit
1484 4857 1487 4863 .

139 4885 226 4949 legens
245 4885 369 4952 legentior
384 4885 440 4934 ΑΒ
509 4884 542 4936 35
561 4894 588 4933 ιιι
601 4880 649 4950 εει]
669 4883 736 4946 qnod
755 4883 835 4936 ostri
