3346 5498
537 361 735 423 EXCERPTA
760 361 960 422 llOsslENSlA
986 359 1077 421 1-6
1285 420 1292 433 ,
1386 357 1449 420 635

1263 465 1423 519 pmcn

160 567 267 629 graeco
290 567 325 608 er
348 550 428 608 tonte
451 549 626 616 demensus,
659 557 691 609 ut
712 558 781 610 sunt
802 549 868 617 illa,
903 541 965 627 χρὴ
988 543 1107 625 πρέπει
1128 542 1232 626 μέλει,
1255 540 1317 625 χρὴ
1340 546 1448 624 πλεῖν,

161 642 222 728 χρή
252 645 488 724 παιδεύεσθαι,
518 644 579 729 χρὴ
603 649 772 730 πολεμεῖν,
801 645 919 728 πρέπει
942 655 1146 727 σωφρονεῖν,
1174 644 1292 726 πρέπει
1314 643 1448 727 νήφειν.

161 753 260 812 iubis
283 755 360 813 enim
385 771 439 811 nec
462 770 605 812 raimerus
627 771 681 812 uec
704 771 830 831 persona
853 753 1051 829 significatur,
1081 751 1131 811 sed
1155 770 1203 810 res
1225 758 1341 810 tautum
1363 749 1450 810 urrrdn

160 855 342 921 declaratur,
372 873 460 932 quam
488 855 554 913 lieri
582 861 725 934 oporteat.
751 875 770 910 a
800 854 889 913 buius
917 854 996 914 nrodi
1025 854 1112 912 etiam
1141 853 1258 912 illorum
1286 852 1450 912 locutiones

133 965 238 1024 nsunt,
269 949 382 1034 ἐπειδὴ
410 942 532 1035 odoro,
557 949 671 1034 ἐπειδὴ
701 949 820 1033 ἄριστα
847 949 1098 1034 παρεσκεύαστο
1122 950 1178 1014 καὶ
1212 949 1448 1033 ε’βεβούλευιοῑ

160 1057 269 1117 nullius
296 1058 345 1117 bic
373 1076 489 1136 quoque
517 1077 661 1136 personae
691 1058 733 1118 vel
757 1059 874 1118 numeri
903 1077 956 1117 vox
979 1060 1043 1136 ipsa
1066 1059 1197 1117 eontinet
1219 1075 1349 1117 sensum.
1394 1056 1449 1117 boc

159 1167 257 1218 tamen
288 1159 350 1218 solo
380 1159 491 1219 distant
519 1179 534 1219 a
562 1161 678 1237 graecis
706 1159 905 1239 inpersonalia
933 1160 1119 1250 latinorum,
1148 1160 1226 1238 quod
1254 1178 1307 1238 per
1338 1158 1449 1227 modos,

159 1269 190 1320 ut
220 1264 278 1321 iam
307 1261 448 1330 eliminas,
481 1270 606 1322 currunt
628 1269 657 1320 et
681 1270 829 1341 tempora,
859 1262 937 1341 quod
961 1262 1038 1340 apud
1061 1262 1190 1321 Graecos
1211 1260 1379 1321 nullatenus
1402 1279 1448 1320 re·

159 1365 285 1442 peritur.

123 1484 146 1521 ro
242 1464 275 1525 lu
298 1465 482 1545 temporibus
504 1484 621 1546 quoque
644 1485 701 1527 non
725 1466 825 1544 dispar
847 1464 1013 1526 observatio
1036 1474 1096 1543 est,
1128 1468 1185 1525 nisi
1207 1466 1285 1544 quod
1309 1466 1371 1525 sola
1394 1466 1444 1525 de·
1463 1479 1565 1537 deeset

159 1568 322 1626 minutione
345 1575 503 1647 superetur
525 1576 555 1628 et
577 1553 728 1648 discrepet
749 1586 842 1646 eoque
865 1566 971 1627 babeat
994 1569 1144 1646 pauciora.
1189 1585 1256 1627 nam
1279 1586 1345 1628 cum
1373 1568 1449 1646 apud

158 1668 224 1728 illos
251 1688 343 1747 propo
375 1672 512 1729 universa
535 1670 665 1749 duplicia
689 1673 758 1738 sint,
782 1670 954 1729 Latinorum
981 1669 1109 1747 loquella
1138 1668 1338 1747 simplicitatis
1371 1669 1449 1728 coni-

158 1770 266 1848 peudio
295 1770 386 1830 semel
413 1772 527 1849 singula
555 1773 690 1850 prolerre
720 1778 859 1831 contenta
886 1789 941 1829 nec
968 1773 1163 1849 praeteritum
1198 1772 1364 1849 perlectum
1395 1790 1449 1830 nec

158 1873 353 1949 praeteritum
376 1873 698 1953 plusquamperfectum
722 1891 776 1932 nec
806 1876 939 1934 futurum
961 1873 1124 1932 secundum
1147 1882 1197 1933 aut
1219 1873 1349 1932 medium
1372 1871 1376 1952 l
1401 1881 1451 1932 aut

123 1993 145 2030 ιι
159 1992 226 2033 mor
250 1975 381 2033 futurum
408 1975 542 2045 adrnisit;
572 1968 730 2054 ἀόριστον
752 1977 824 2054 qtrin
847 1975 936 2035 etiam
958 1974 1075 2035 illorum
1098 1978 1217 2054 penitus
1240 1976 1365 2052 ignorat.
1403 1973 1451 2034 his

158 2078 288 2154 qrriuque
318 2076 502 2155 temporibus
526 2079 604 2137 modi
627 2077 735 2155 singuli
764 2077 951 2136 declinantur
979 2084 1029 2136 aut
1056 2079 1215 2156 separatim
1245 2095 1304 2135 uuo
1332 2094 1449 2155 querque

157 2196 262 2237 seruum
295 2180 450 2257 proprium
478 2183 677 2258 exprimente,
714 2188 764 2238 aut
791 2181 929 2247 iunctim,
965 2176 1045 2238 binis
1073 2178 1197 2239 earrdem
1231 2178 1450 2257 possidentibus

159 2297 258 2337 vocem
288 2286 318 2337 et
345 2281 765 2341 communem·emittentibus
793 2299 907 2351 sonum,
940 2283 1099 2360 separatim
1123 2282 1300 2341 indicativus
1321 2283 1448 2360 impera-

157 2383 232 2442 tivus
254 2383 472 2451 subiunctivns,
507 2385 631 2443 iunctim
654 2385 801 2463 optativus
823 2391 853 2442 et
881 2383 1024 2443 infinitus.
1070 2403 1105 2443 er
1135 2382 1244 2463 quibus
1272 2383 1450 2444 indicativus

119 2485 278 2563 eorpuideur
306 2493 336 2544 et
358 2483 562 2544 subiunctivns
583 2488 681 2546 omnia
704 2493 892 2565 receperunt,
915 2505 1056 2565 praesens
1079 2504 1158 2553 aruo,
1186 2488 1381 2564 praeteritum
1404 2489 1449 2546 in-

159 2589 324 2665 perfectum
348 2585 496 2654 amabam,
520 2590 715 2666 praeteritum
742 2589 907 2667 perlectum
936 2588 1039 2656 amavi,
1063 2589 1259 2665 praeteritum
1282 2588 1450 2666 plrrsquam·

158 2690 320 2766 perlectum
344 2707 519 2758 amaveram,
543 2690 674 2750 luturunr
698 2690 817 2750 arrrabo:
842 2692 913 2749 item
935 2689 1140 2750 subiunctivus
1163 2708 1229 2748 eum
1254 2708 1358 2757 ornem,
1382 2708 1448 2749 cum

158 2808 298 2858 amarem,
323 2808 390 2849 cum
413 2794 581 2860 amaverim,
605 2812 672 2852 curn
696 2793 878 2860 amavissem,
902 2810 969 2851 cunr
992 2810 1142 2851 amavero:
1166 2793 1359 2870 imperativus
1381 2810 1451 2851 vero

158 2891 215 2950 dno
248 2899 361 2951 tantum
390 2894 491 2961 inodo,
525 2911 667 2972 praesens
699 2901 729 2951 et
751 2895 893 2961 futurum,
922 2912 987 2952 arna
1015 2900 1111 2951 amato
1135 2913 1168 2950 a:
1197 2894 1359 2952 infinitivus
1382 2894 1448 2961 tria,

120 3009 314 3073 vopraesens,
345 3002 377 3054 ut
405 3013 518 3063 arrrare;
542 2997 736 3073 praeteritum
766 3014 824 3054 non
852 2995 998 3053 trilariarn
1026 2993 1169 3061 divisum,
1202 2994 1254 3053 sed
1276 2994 1367 3054 semel
1394 3012 1449 3073 pro

156 3095 251 3156 tribus
273 3096 470 3165 erruntiamus,
494 3104 526 3155 ut
547 3098 705 3165 amavisse;
728 3097 870 3164 futurum,
894 3102 926 3154 nt
941 3104 1071 3155 amatum
1086 3099 1140 3155 ire.
1168 3097 1323 3174 quaeritur
1338 3103 1446 3166 autem,

157 3216 211 3256 eru
234 3199 283 3257 bic
306 3198 378 3256 ordo
402 3200 432 3256 in
455 3198 515 3258 illis
537 3200 589 3266 sit,
620 3205 652 3256 nt
678 3199 808 3276 primurn
831 3197 928 3257 locum
951 3197 1084 3257 obtineat
1106 3214 1262 3276 praesente,
1285 3197 1448 3257 secundum

158 3301 352 3377 praeteritum
386 3299 598 3376 inperfectum,
633 3301 754 3358 tertium
793 3301 987 3376 praeteritum
1024 3300 1190 3378 portentant
1224 3319 1257 3358 ae
1296 3298 1446 3378 deinceps.

157 3404 241 3461 euius
268 3399 340 3460 baec
369 3403 443 3459 ratio
472 3409 530 3459 est:
561 3409 665 3460 natura
693 3403 835 3478 temporis
863 3401 935 3460 baec
964 3408 1023 3468 est,
1055 3408 1087 3460 ut
1115 3418 1233 3477 semper
1266 3407 1397 3460 trauseat
1418 3409 1448 3460 et

120 3523 144 3559 ao
158 3500 241 3579 lapsu
275 3502 418 3560 celeriore
455 3501 594 3561 decurrat
628 3521 660 3561 ae
692 3504 739 3561 vix
768 3501 828 3560 ullo
850 3504 952 3580 puncti
982 3510 1129 3562 morirento
1156 3504 1249 3581 possit
1274 3504 1447 3570 consistere,

158 3602 284 3682 ideoque
308 3611 357 3661 ant
380 3605 438 3663 iarn
462 3606 654 3683 praeterierit
677 3612 727 3662 aut
749 3612 933 3682 expectetur.
963 3605 1040 3663 unde
1063 3603 1183 3682 quidam
1206 3603 1278 3663 baec
1301 3603 1359 3663 duo
1382 3613 1446 3664 tan·

157 3712 218 3762 tum
242 3704 328 3763 modo
350 3712 482 3784 tempora
506 3723 569 3765 esse
592 3706 740 3775 dixerunt,
764 3708 959 3784 praeteritum
978 3715 1008 3765 et
1030 3708 1178 3774 iuturum;
1202 3721 1344 3784 praesens
1366 3707 1446 3765 enirn

157 3825 192 3865 ne
217 3813 275 3864 tam
298 3806 350 3866 diu
372 3808 491 3886 quidem
515 3827 634 3868 manere
658 3827 754 3886 posse,
778 3807 848 3867 dum
870 3807 989 3875 dicitur,
1013 3808 1065 3867 sed
1082 3805 1379 3886 incomprehensibili
1398 3826 1445 3867 ve-

156 3907 276 3968 locitate
306 3911 488 3969 transitionis
520 3913 584 3979 vix,
614 3910 682 3971 dum
712 3912 894 3976 nominatur,
924 3909 1011 3969 elabi.
1057 3927 1178 3969 necesse
1202 3926 1273 3985 ergo
1295 3910 1393 3991 [uerat
1414 3916 1448 3967 ut

120 4031 145 4068 as
160 4011 228 4071 inde
244 4013 425 4090 principium
449 4021 627 4080 sumeretur,
652 4011 729 4072 irride
753 3995 896 4071 transitus
911 4014 1041 4090 cepisset
1061 4010 1226 4078 exordium,
1250 4018 1280 4069 et
1301 4009 1447 4087 gradatim

158 4119 256 4172 cetera
280 4115 485 4189 iungerentur,
509 4133 544 4173 eo
559 4132 677 4193 semper
698 4116 874 4192 posteriore,
897 4113 976 4192 quod
992 4113 1058 4192 plus
1073 4111 1211 4171 babuerit
1226 4112 1448 4192 praeteritionis
1497 4147 1501 4154 -

156 4223 244 4293 atque
272 4217 517 4285 transcursionis,
549 4225 578 4276 et
606 4237 639 4276 ea
664 4234 738 4294 quac
761 4219 820 4276 iam
842 4216 981 4274 venerint
1008 4216 1129 4274 minime
1157 4212 1353 4293 praecedente
1376 4229 1446 4270 ven·

156 4325 232 4376 turo.
278 4321 443 4377 eommunis
471 4321 560 4378 etiam
589 4321 620 4377 in
649 4316 743 4377 modis
772 4317 845 4377 bace
875 4315 1024 4376 subtilitas
1058 4317 1250 4394 quaestionIs.
1301 4331 1369 4373 nam
1402 4310 1446 4371 ibi

217 4454 318 4461 Μω-
332 4455 460 4462 ..-—.-.

222 4505 239 4552 4
256 4515 370 4568 oporteat
383 4505 415 4552 ad
433 4504 509 4553 huius
528 4505 595 4553 modi
608 4503 643 4554 B.
662 4506 702 4554 oel
719 4505 881 4567 exemptor-is
899 4504 1057 4566 neptepeatio
1074 4503 1113 4552 aet
1130 4502 1230 4551 librarii
1246 4513 1338 4549 errore
1356 4497 1448 4546 omissa

155 4578 193 4619 est
212 4572 354 4623 observatio
372 4574 404 4622 de
422 4573 624 4636 inpersonab'dur
642 4574 727 4620 latoria
745 4573 771 4620 in
789 4583 829 4619 tur
844 4572 924 4633 finitio
976 4573 1068 4619 dsunt
1085 4587 1130 4621 om.
1145 4569 1170 4617 B
1221 4562 1427 4632 βεβονὶεντοΒ

155 4638 360 4690 8nullatinnsB
408 4640 569 4704 lleaqnell
616 4637 1134 4700 12Lotinorumllatoriseorv.latioriell
1152 4631 1448 4685 tatitonsedeorv'ia-

156 4707 306 4757 (ledonensis
358 4711 388 4758 15
400 4710 504 4757 admisit
519 4724 588 4758 corr.
600 4708 709 4757 admittit
722 4706 746 4756 B
793 4707 938 4756 ttionemn
957 4707 1022 4754 binis
1035 4706 1140 4754 eandem
1154 4699 1447 4777 editorVr'ndoboaeasr's

157 4775 235 4823 iuneti
248 4777 312 4825 binis
326 4778 413 4825 cariem
428 4776 452 4824 B
509 4778 543 4826 24
554 4781 644 4826 lacuna
662 4792 734 4842 quarn
752 4777 862 4825 indicaui
879 4776 991 4838 definitio
1010 4781 1147 4838 temporum
1165 4771 1275 4836 eptatici
1292 4767 1391 4817 excidat

156 4844 189 4890 34
202 4842 282 4891 iuerat
294 4845 362 4893 rende
374 4862 442 4896 corr.
457 4845 538 4894 inemt
551 4854 577 4893 ut
589 4845 649 4894 iude
661 4844 686 4893 B
754 4845 788 4894 35
800 4844 926 4907 coepisset
938 4841 963 4891 B

1175 4922 1242 4984 41*
