3346 5498
280 366 343 432 496
822 332 1021 430 nvcvsn'ru

305 478 420 532 emm
1427 473 1544 529 emm

431 558 535 619 immo
558 574 622 634 age
645 564 680 617 et
701 575 716 616 a
739 557 857 635 prima
879 556 954 625 dic,
976 556 1127 636 hospes,
1151 556 1301 633 origine
1324 554 1448 626 nobis;

281 652 455 724 nostrasque
478 644 640 704 sententias
662 642 697 701 ad
720 649 836 720 tempus
858 641 940 702 detes
962 641 1125 719 adiungere
1141 641 1212 701 utile
1228 648 1287 709 est,
1310 639 1418 700 ‘immo
1433 651 1467 700 tu
1482 639 1567 709 vade,

281 733 332 811 qui
355 731 438 806 cogis
460 729 578 796 alium',
602 729 710 788 ‘immo
731 726 806 786 adde
829 727 972 796 orationi,
995 728 1046 805 qui
1069 726 1226 786 detrahere
1249 725 1377 786 studes'.
1422 724 1493 785 huic
1516 743 1569 785 au·

282 823 342 876 tem
364 814 565 874 coniunctioni
587 821 745 890 utcumque
768 813 898 871 vicinum
920 818 980 880 est,
1009 829 1076 871 cum
1099 810 1224 871 dicimus
1245 813 1358 889 potius;
1387 817 1417 870 et
1440 810 1509 871 ideo
1532 809 1569 872 ad

283 899 392 968 libros,
416 906 449 958 ut
465 898 549 966 dixi,
572 896 757 1016 redeundum
779 902 834 955 est.
919 976 936 1014 3
1139 976 1157 1017 3
1354 942 1361 954 ,
1582 893 1596 935 s

688 1211 690 1214 <
768 1166 817 1228 DE
840 1165 1081 1228 unuunulsuo

309 1251 424 1307 amm
1432 1248 1544 1301 pum

368 1323 444 1385 Sane
467 1322 587 1403 quidam
609 1320 781 1382 discernunt
807 1323 888 1381 inter
915 1319 1132 1382 barbarismum
1154 1325 1186 1379 et
1207 1318 1382 1388 barbarum,
1407 1325 1440 1379 ut
1461 1317 1572 1380 harbe-

285 1414 394 1472 rismus
416 1411 464 1478 sit,
488 1410 514 1468 si
535 1425 605 1487 pars
627 1407 770 1467 orationis
792 1405 955 1467 secundum
976 1405 1123 1466 redditam
1145 1406 1290 1465 rationem
1313 1403 1410 1484 aliqua
1432 1413 1573 1483 superest

286 1497 407 1564 vitiosa;
437 1492 597 1554 barbarum
624 1498 734 1560 autem,
762 1492 789 1551 si
817 1489 942 1551 alicuius
972 1492 1071 1568 gentis
1098 1488 1221 1550 verbum
1250 1496 1297 1550 est
1324 1508 1382 1549 non
1404 1497 1571 1568 receptum,

287 1588 319 1642 ut
341 1581 435 1660 siquis
458 1578 537 1638 dicat
558 1580 589 1638 in
613 1576 703 1636 latino
725 1593 861 1636 sermone
885 1575 976 1636 dellas
998 1593 1052 1654 pro
1074 1576 1181 1645 carice,
1204 1574 1282 1654 quod
1305 1575 1406 1653 utique
1428 1575 1573 1653 punicum
1586 1589 1612 1629 ro

288 1672 343 1725 est.
389 1665 414 1724 si
437 1671 534 1724 autem
557 1661 669 1722 nullius
690 1662 810 1720 omnino
833 1661 930 1737 gentis
951 1659 1075 1720 verbum
1096 1678 1151 1740 pro
1180 1658 1272 1719 verbo
1303 1661 1490 1729 enuntiatur,
1519 1659 1572 1721 tali

288 1751 361 1809 vitio
382 1766 437 1809 nec
459 1766 566 1809 nomen
588 1748 750 1826 inpositum
772 1753 826 1805 est.

484 2232 486 2243 ι
596 2170 796 2266 llllllllllll
823 2171 999 2266 dllllllll
1031 2170 1259 2265 dlllllllllll

823 2541 872 2603 nn
895 2504 1039 2618 nonme

1378 2638 1400 2679 p.
1414 2627 1471 2668 leto.
1486 2629 1512 2669 'lt
1524 2624 1550 2670 P.

374 2697 478 2759 Omnia
500 2697 619 2757 nomina
641 2695 706 2758 Xlll
734 2696 843 2757 litteris
865 2698 1079 2765 terminantur,
1102 2699 1234 2776 quinque
1257 2695 1421 2767 vocalibus,
1445 2717 1462 2757 e
1484 2716 1501 2757 e
1523 2701 1534 2758 i
1558 2716 1614 2758 015

289 2806 323 2855 u,
352 2802 404 2845 sex
433 2780 672 2852 semivocalibus,
700 2781 761 2842 lm
783 2801 803 2842 n
825 2800 841 2840 r
863 2801 877 2843 s
898 2800 932 2850 x,
962 2788 991 2841 et
1018 2780 1133 2841 duabus
1160 2783 1264 2851 mutis,
1294 2799 1310 2842 c
1332 2789 1354 2841 t.
1397 2786 1576 2844 avocatia

288 2869 468 2937 masculino,
499 2874 530 2928 ut
552 2865 665 2928 Seneca
688 2866 812 2928 Catilina
835 2865 914 2946 Sylla
936 2865 1008 2927 luha
1031 2865 1124 2927 Cinna
1145 2867 1254 2936 Pansa,
1283 2884 1390 2945 graeca
1413 2867 1497 2928 Sosia
1520 2868 1576 2929 Pa·

290 2963 367 3024 seta,
392 2954 453 3014 alra
477 2952 618 3030 lugurtha
635 2951 774 3031 llicipsa;
797 2970 814 3012 a
836 2952 981 3012 feminino
996 2952 1107 3011 femina
1122 2951 1204 3012 Musa
1226 2951 1325 3012 tabula
1347 2952 1449 3030 regula
1472 2971 1576 3014 norma

289 3042 385 3101 forma
411 3045 442 3098 et
469 3037 554 3107 talia;
583 3056 600 3097 a
627 3045 733 3098 neutro
755 3055 861 3115 graeca
883 3044 953 3098 sunt
974 3044 1102 3106 tantum,
1124 3044 1158 3096 ut
1179 3036 1278 3097 thema
1300 3038 1419 3098 schema
1442 3045 1472 3098 et
1492 3037 1575 3107 talia,

290 3132 320 3185 et
335 3143 427 3185 unum
442 3123 573 3190 latinum,
590 3140 696 3182 nomen
711 3122 843 3183 lluminis
857 3120 959 3191 Turia,
978 3122 1095 3182 dicente
1111 3120 1240 3182 Salustio
1256 3123 1289 3182 ‘i
1293 3122 1413 3184 lumen
1429 3122 1574 3193 l’uria’;
1589 3141 1615 3182 so

290 3229 307 3270 a
329 3210 478 3269 communi
501 3207 611 3268 advena
627 3225 756 3267 convena
771 3207 910 3284 indigena
925 3206 1094 3284 Troiugena
1110 3213 1140 3266 et
1154 3206 1239 3276 talia;
1263 3206 1299 3267 ab
1315 3209 1458 3286 epicoeno
1474 3210 1577 3287 vipera

290 3294 387 3374 aquila
409 3311 509 3353 musea
531 3291 643 3352 locusta
667 3291 761 3362 ulula,
785 3309 873 3371 quam
894 3310 949 3352 nos
971 3298 1108 3351 noctuam
1131 3290 1267 3361 dicimus,
1291 3299 1322 3351 et
1342 3293 1423 3353 talia.
1447 3292 1577 3354 diximus

201 3410 203 3415 ·
291 3379 327 3439 de
350 3397 367 3439 a
388 3378 501 3445 littera;
527 3394 606 3436 nunc
628 3377 664 3436 de
687 3395 703 3436 e
727 3378 871 3437 dicamas.
902 3375 938 3436 ab
962 3394 978 3436 e
1001 3377 1099 3436 littera
1122 3376 1214 3437 vocali
1237 3376 1349 3437 nullum
1371 3377 1495 3439 latinum
1516 3379 1576 3438 nisi

290 3466 391 3525 iuncta
418 3463 639 3544 praepositione
669 3462 864 3522 masculinum
877 3462 1062 3532 invenitur,
1095 3468 1128 3521 ut
1160 3461 1336 3541 proconsule
1369 3469 1575 3543 propraetore.

361 3667 374 3717 l
394 3666 469 3714 immo
487 3679 537 3730 ege
554 3664 595 3713 dic
612 3662 706 3729 hospes
723 3663 754 3712 eb
771 3664 871 3729 origine
892 3663 965 3712 nobis
986 3664 1014 3712 V
1017 3681 1027 3714 .·
1048 3665 1127 3729 Verp.
1146 3664 1211 3718 Aen.
1234 3664 1241 3711 l
1260 3663 1310 3714 753
1380 3663 1396 3715 3
1415 3666 1491 3714 immo
1510 3665 1577 3716 adeo

294 3736 352 3786 ideo
374 3734 414 3799 B)
434 3735 527 3784 rstioni
546 3734 603 3784 BV
670 3735 685 3782 4
704 3742 729 3781 et
746 3732 803 3782 ideo
821 3740 846 3781 et
860 3732 893 3781 ed
916 3734 943 3782 V
958 3741 981 3781 et
998 3733 1061 3783 odeo
1080 3743 1103 3783 et
1119 3734 1150 3783 sd
1174 3733 1299 3784 Weberua
1369 3736 1385 3786 8
1403 3744 1504 3800 superet
1521 3735 1580 3786 BV

360 3804 393 3855 10
409 3804 493 3854 delscs
510 3816 555 3868 pro
574 3802 627 3851 curi
645 3817 659 3850 e
677 3803 739 3864 quid
757 3800 791 3853 B.
811 3801 934 3851 ‘Dietrtcd
948 3803 1101 3853 doctissimus
1115 3806 1220 3868 collepa,
1238 3820 1260 3853 o.
1278 3802 1362 3853 delees
1379 3813 1485 3869 propter
1502 3815 1577 3868 qust-

292 3882 348 3923 tuor
362 3888 485 3925 consonas
502 3873 649 3934 repudiato,
665 3885 715 3933 pro
729 3871 822 3926 dellas,
838 3887 886 3934 quo
903 3873 928 3919 in
943 3873 995 3920 ulta
1014 3874 1098 3936 liupila
1116 3874 1232 3931 Semitiea
1248 3876 1327 3936 scirpi
1340 3890 1419 3938 penus
1439 3876 1580 3938 modificari

292 3951 373 4007 nepot,
389 3942 483 3992 debbas
501 3941 657 3992 residendum
675 3948 773 4002 censet,
791 3956 843 3989 cion
860 3941 953 3990 semim
973 3941 1069 3992 debbiss
1088 3944 1192 3994 arabice
1213 3945 1248 3992 ait
1263 3958 1371 4009 cyperus
1386 3946 1532 4009 seatipiatur
1554 3953 1578 3995 et

292 4012 379 4061 debsie
397 4018 458 4060 terte
476 4011 608 4062 Forslrats'o
626 4012 651 4060 tn
669 4010 748 4059 Flora
765 4010 875 4075 Aepypt.
897 4026 922 4073 p.
938 4009 1020 4060 LXIX
1040 4020 1064 4062 et
1083 4012 1115 4063 14
1132 4015 1232 4077 seirpus
1255 4014 1426 4078 corymbosus'
1451 4014 1578 4065 Weberus

363 4080 393 4131 ll
411 4077 441 4145 si}
463 4095 519 4129 esse
537 4080 596 4130 BV
610 4096 644 4128 an
662 4081 737 4128 ecce?
808 4083 936 4130 nuntiatur
953 4080 1011 4131 BV

376 4291 404 4346 F
424 4290 516 4345 codex
538 4289 721 4346 Monacensis
744 4288 824 4346 6281
849 4290 1043 4364 Fn'sinpensie
1065 4290 1102 4348 81

379 4392 397 4442 ς
416 4376 499 4430 editio
519 4377 659 4447 princeps
681 4375 858 4431 Basileensis
880 4394 908 4432 a.
934 4375 1014 4434 1506

382 4509 457 4559 1411«
477 4521 574 4556 nostor
592 4507 633 4556 nii
659 4508 701 4559 nm
721 4521 797 4560 incre.
816 4508 899 4558 ssor'.
916 4523 1007 4558 suarm
1025 4521 1156 4559 nocuerim
1178 4526 1210 4559 es
1230 4524 1326 4560 nonius
1346 4511 1369 4559 F
1386 4509 1502 4559 Eiusdem
1523 4511 1579 4561 diui

293 4579 383 4630 aurelii
402 4577 531 4644 augustini
546 4576 712 4643 hipponensis
731 4578 773 4639 epi
791 4577 823 4628 de
841 4579 1006 4644 grammatica
1024 4577 1087 4627 liber
1106 4579 1194 4643 incipit
1212 4595 1228 4636 ς
1288 4579 1320 4631 ro
1339 4595 1353 4627 e
1371 4578 1450 4628 vocali
1470 4594 1515 4633 oin.
1536 4582 1577 4638 Fe

364 4648 395 4700 17
410 4649 471 4699 iuus
485 4663 555 4700 corr.
573 4648 631 4697 iuba
649 4648 674 4696 F
689 4663 739 4696 uus
756 4660 774 4702 ς
858 4647 937 4697 Cione
956 4646 1087 4697 Petroliaco
1106 4649 1177 4697 eines
1193 4651 1240 4705 Fg
1326 4664 1417 4714 graeca
1441 4649 1579 4701 Petronius

294 4729 362 4769 creta
379 4719 423 4775 Fe
494 4727 579 4784 parete
599 4730 616 4773 ς
685 4715 719 4766 20
737 4725 761 4767 et
779 4732 856 4768 unum
875 4732 965 4767 nomen
984 4717 1088 4766 latinum
1108 4718 1220 4768 fluminis
1241 4720 1281 4783 (ut
1300 4719 1360 4767 add.
1379 4720 1413 4779 F)
1432 4719 1496 4767 turie
1514 4721 1578 4778 F5:

293 4789 329 4852 es.
347 4789 428 4841 Prot.
448 4789 514 4842 cath.
529 4804 557 4852 p.
576 4787 608 4848 3,
628 4787 659 4838 13
729 4788 762 4837 22
779 4802 853 4850 qusm
872 4803 918 4837 uos
935 4793 1051 4837 noctuam
1067 4787 1174 4838 dicimus
1195 4801 1274 4843 onec
1311 4783 1319 4802 ‘
1343 4789 1376 4838 23
1395 4788 1510 4838 dicemus
1529 4805 1577 4841 om.

296 4858 341 4914 Fe
411 4858 460 4908 nisi
479 4859 588 4908 inustum
609 4856 791 4922 praepositioni
815 4866 842 4906 ut
863 4857 1013 4923 proconsule
1031 4856 1055 4905 F
