3346 5498
487 416 688 478 EXCERPTA
711 415 886 478 PARlSlNA
909 414 999 475 XXII.
1024 414 1118 476 xxiii
1385 409 1447 473 629

1250 533 1271 572 p.
1284 520 1386 559 atne-70
1399 518 1422 558 P.

161 607 252 674 mille,
278 612 307 664 et
330 605 493 664 remedium
517 604 553 662 dc
576 605 735 681 participio
757 609 889 662 mutuata
904 610 983 660 sunt.
1015 600 1071 660 alia
1094 608 1163 660 sunt
1185 599 1261 679 aliud
1284 599 1351 658 iilos
1372 616 1446 677 quac

160 707 342 767 consuetudo
365 706 515 774 destituit,
540 714 572 764 ut
594 706 691 764 omnia
707 703 798 764 verba
813 722 888 782 quae
905 703 1044 762 desinunt
1066 704 1097 761 in
1119 720 1178 778 νω,
1202 696 1363 760 λανθάνω
1386 692 1447 759 ἁν-

160 804 252 868 δάνω
275 803 457 887 μανθάνω,
480 825 555 885 quac
578 824 636 865 non
660 807 715 865 nisi
738 824 831 884 usque
855 805 891 864 ad
913 805 1107 883 praeteritum
1130 804 1327 882 inperfectum
1356 801 1446 860 decli·

159 917 282 978 nantur;
312 909 451 969 similiter
478 915 509 967 et
536 927 610 987 quac
640 910 670 967 in
693 920 784 984 σκω,
808 901 965 986 γηράσκω
993 904 1133 965 τελίσκω
1155 903 1307 984 μαμίσκω
1330 895 1448 980 τιτρω-

134 1024 240 1070 ασκω.
287 1030 354 1070 itant
377 1010 454 1089 quod
477 1010 603 1087 legimus
625 1004 767 1087 διδάξω,
791 1029 806 1068 a
830 1008 958 1068 themate
981 1016 1107 1067 estnon
1130 1003 1297 1083 διδάσκω,
1321 1004 1371 1063 sed
1395 1001 1446 1064 δι-

159 1108 267 1192 δάχω,
296 1115 380 1171 cuius
408 1111 552 1172 indicium
581 1119 626 1170 est
653 1107 782 1189 διδαχή.
828 1110 907 1184 idem
934 1111 1088 1189 patiuntur
1115 1128 1190 1187 (puae
1213 1110 1244 1167 in
1268 1127 1316 1167 υω
1340 1114 1448 1166 οεοιιιιι

159 1214 326 1293 dissyllabis
348 1216 475 1280 maiora,
500 1205 618 1291 ὀμνύω
640 1205 776 1291 ὄμνυμι,
799 1206 938 1290 πηγνύω
954 1206 1115 1289 πήγνυμι,
1138 1204 1272 1288 ῥηγνύω
1289 1203 1445 1287 ῥήγνυμι.

160 1316 296 1375 similiter
324 1316 522 1394 inperfectum
550 1317 745 1393 praeteritmn
773 1332 831 1373 non
860 1312 1007 1372 excedunt
1034 1320 1064 1372 ot
1091 1330 1165 1390 (puae
1194 1313 1226 1370 in
1249 1329 1305 1370 ειω
1329 1317 1445 1375 exeunt,

160 1424 192 1476 nt
219 1410 340 1476 ὀκνείω
368 1415 537 1495 γαμησείω
565 1414 734 1494 βρωσείω,
766 1435 819 1476 nec
849 1434 906 1475 non
934 1422 965 1474 et
992 1432 1066 1493 qnae
1095 1432 1130 1473 ex
1159 1412 1359 1492 monosyllabo
1393 1429 1447 1490 per

123 1515 242 1578 radeire
270 1521 473 1596 geminantur,
503 1526 535 1577 ut
561 1516 630 1594 τρεῖ
657 1517 772 1594 τιτρῶ,
800 1515 851 1596 poi
872 1514 975 1595 βιβῶ,
1003 1515 1073 1595 χρῶ
1095 1513 1209 1593 κιχρῶ.
1254 1515 1446 1574 haecomnia

160 1639 253 1700 iisqne
283 1622 318 1680 ad
348 1623 546 1700 inperfectum
575 1627 692 1698 tempus
719 1627 844 1699 possunt
866 1619 1001 1686 extendi,
1025 1635 1083 1676 non
1107 1616 1183 1695 plus.
1227 1616 1304 1694 apud
1327 1616 1448 1675 lratinos

160 1721 301 1782 deficiunt
324 1724 444 1801 inquam
467 1730 497 1781 et
519 1740 594 1781 sunt.
627 1740 693 1780 narrt
716 1729 874 1800 sequentes
896 1738 1040 1799 personae
1056 1718 1220 1795 analogiam
1242 1720 1357 1796 primae
1380 1736 1446 1795 per-

160 1842 249 1882 sonae
273 1843 331 1883 non
354 1831 487 1883 servant:
511 1824 638 1883 alterum
660 1824 739 1882 enim
763 1824 833 1882 iacit
849 1826 968 1900 inquam
985 1823 1085 1900 inquis
1100 1822 1210 1898 inqiut,
1235 1820 1360 1879 atterum
1382 1837 1446 1877 sunt

160 1934 275 1993 esest,
301 1922 306 2006 Ι
331 1934 360 1984 ct
387 1924 460 1985 illud
489 1924 608 2004 quidem
638 1927 668 1984 in
698 1924 823 2003 reliquis
849 1923 986 1984 omnibus
1019 1923 1118 1982 deficit
1150 1920 1349 2000 temporibus;
1383 1939 1447 1980 sunt

122 2046 229 2086 ravero
252 2030 282 2086 in
306 2026 385 2087 aliud
409 2029 530 2093 transit,
556 2034 587 2085 ut
611 2033 743 2105 tempora
765 2026 918 2104 conpleat,
949 2045 1031 2086 eram
1053 2026 1097 2084 tui
1120 2044 1182 2084 oro.
1227 2032 1296 2083 sunt
1318 2041 1393 2102 quac
1416 2026 1446 2083 in

159 2131 253 2208 prima
278 2129 371 2188 solnm
394 2148 520 2207 persona
544 2128 704 2196 deliciunt,
727 2147 797 2188 ovas
818 2135 899 2186 orat:
923 2145 977 2187 oro
1000 2130 1080 2188 enirn
1103 2127 1211 2186 lecttnn
1235 2145 1292 2185 non
1316 2134 1375 2186 cst:
1407 2129 1446 2186 si-

159 2231 269 2290 militer
297 2232 379 2289 ilaris
408 2231 503 2290 (latur.
549 2231 629 2290 soleo
661 2233 757 2289 nescit
788 2231 937 2298 iuturum;
968 2229 971 2309 Ι
1002 2248 1088 2289 verro
1122 2229 1285 2307 perlectum
1319 2231 1446 2304 ignorat.

159 2335 247 2408 genui
272 2351 306 2392 ex
330 2350 388 2410 qno
410 2332 540 2392 themate
564 2335 645 2392 venit
666 2332 765 2392 nullus
787 2334 858 2401 scit,
882 2331 951 2391 licet
973 2331 1065 2390 Varro
1088 2331 1198 2390 dixerit
1219 2338 1368 2407 genunt.
1392 2348 1446 2388 nec

159 2436 282 2494 anirum:
314 2453 380 2493 tram
409 2442 438 2492 et
467 2433 544 2512 apud
568 2434 697 2494 Graecos
719 2443 778 2494 tam
801 2436 962 2512 praeterita
985 2435 1119 2493 invenies
1141 2451 1227 2511 quam
1251 2432 1350 2491 lutura
1371 2449 1447 2510 quae.
1523 2502 1526 2509 ¹

120 2539 308 2614 sopracsenti
332 2544 465 2603 careant,
488 2528 615 2614 ἤνεγκα
637 2531 784 2614 ἔδραμον
805 2535 897 2595 οῖσω.

159 2673 461 2680 —..--..—.—.-..—-..-.

225 2792 319 2840 ssidem
332 2791 413 2841 Ιοιυιε
425 2792 483 2838 item
498 2792 523 2840 P
590 2792 621 2838 14
639 2790 767 2838 deiecit?
835 2790 865 2838 18
884 2786 973 2854 Varro}
988 2787 1302 2848 inundabaut‘sedqnod
1317 2785 1445 2835 liaeoloca

158 2859 252 2920 aliquid
271 2858 379 2923 genunt’
395 2861 544 2908 Priscianus
560 2861 576 2907 1.
589 2857 650 2921 Xp.
664 2858 724 2920 528,
737 2859 770 2906 26
839 2860 962 2906 ἳῡοισω.
982 2856 1104 2921 explicuit
1121 2856 1251 2903 ‹leiloratio
1270 2857 1301 2902 de
1314 2855 1377 2903 libro
1390 2868 1444 2902 am

159 2928 234 2976 brosii
248 2929 369 2977 macrobii
384 2927 507 2976 theodosii
519 2941 594 3006 paam
608 2926 731 2975 ioltannes
743 2937 872 2989 carpserat
887 2926 919 2973 ad
933 2925 1067 2973 discendas
1080 2938 1211 2986 grecorum
1225 2925 1358 2971 uerborum
1371 2937 1445 2997 regn·

159 2996 197 3043 tas
210 2995 240 3043 Ρ.
259 3004 398 3061 separantur
410 2996 527 3044 εἰσίασιν’
517 2996 642 3043 ancodice
659 2994 730 3055 leaeo,
749 2992 1105 3072 quacearcerptorMncrodit'
1118 2991 1255 3040 ειιδῖεοίεεα
1271 2992 1386 3040 videtur:
1405 2982 1446 3039 Τὸ

159 3057 236 3127 δήμα
253 3055 435 3142 ἐνεργητικὸν
452 3061 503 3141 τής
519 3053 664 3125 ὁριοτικής
682 3031 830 3125 ἐνιέῖίσεως
847 3054 920 3109 κατὰ
932 3055 1046 3123 πρώτην
1058 3053 1111 3123 τήν
1123 3058 1261 3123 συζυγίαν
1271 3055 1445 3136 περισπωμέ-

157 3141 227 3180 νων·
247 3122 395 3187 ἐνεστῶτος
411 3129 484 3180 ποιῶ
499 3130 593 3186 ποιεῖς
608 3131 691 3179 ποιεῖ
702 3126 841 3192 ποιοῦμεν
857 3131 965 3178 ποιεῖτε
977 3140 1098 3188 ποιονσι,
1116 3124 1313 3191 παρατατικαῦ
1329 3118 1446 3177 ἐποίουν

158 3192 266 3257 ἐποίεις
283 3190 375 3249 ἐποίει
393 3189 545 3260 ἐποιοῦμεν
562 3188 683 3247 ἐποιεῖτε
701 3187 828 3274 ἐποίουν,
845 3191 1057 3274 παρακειμένου
1069 3195 1214 3272 πεποίηκα
1226 3193 1315 3246 πεποί
1332 3211 1385 3252 καις
1396 3209 1445 3245 πε

157 3266 260 3331 ποίηκε
272 3259 471 3343 πεποιήκαμεν
479 3257 654 3340 πεποιήκατε
664 3257 846 3343 πεποιήκασι,
862 3257 1102 3343 ὑπερσνντελικοῦ
1117 3255 1300 3327 ἐπεποιήκειν
1312 3211 1443 3326 ἐπεποιή·

158 3349 217 3390 κεις
244 3326 410 3411 ἐπεποιήκει
437 3324 663 3411 draconizantes
681 3303 878 3409 ἐπεποιήκειτε
903 3325 1136 3410 ἐπεποιήκεισαν,
1162 3328 1311 3395 μέλλοντας
1336 3328 1446 3396 ποιήσω

157 3394 286 3465 ποιήσεις
298 3394 411 3465 ποιήσει
424 3392 580 3463 ποιήσομεν
592 3396 726 3465 ποιήσετε
742 3391 899 3464 ποιήσουσι.
935 3402 1100 3465 imperativus
1118 3392 1268 3456 ἐνεστῶτος
1289 3397 1338 3450 καί
1355 3415 1445 3460 παρα·

158 3469 275 3518 τατικοῦ
293 3469 368 3518 ποίει
386 3468 503 3518 ποιείτω
519 3469 629 3517 ποιεῖτε
647 3466 826 3528 ποιείτωσαν,
844 3463 1058 3550 παρακειμένου
1074 3466 1122 3519 καὶ
1139 3459 1380 3547 υπερσνντελικοῦ
1393 3483 1444 3518 πε·

158 3536 263 3614 ποίηκε
278 3531 456 3611 πεποιηκέναι
473 3530 644 3614 πεποιήκετε
664 3530 909 3600 πεπαιηκέτωσαν,
920 3529 1068 3613 ἀορίστου
1087 3533 1136 3586 καὶ
1153 3531 1303 3600 μέλλοντας
1324 3535 1446 3602 ποίησαν

157 3596 302 3665 ποιησάτω
316 3597 456 3680 ποιήσατε
474 3597 684 3682 παιησάτωσαν.
720 3604 895 3653 coniunctivae
912 3595 1103 3660 ὑποτακτικάς
1119 3596 1271 3660 ἐνεστῶτος
1287 3602 1336 3654 καὶ
1353 3619 1444 3668 παρα-

158 3669 274 3720 τατικοῦ
292 3663 344 3722 ἐάν
360 3669 432 3749 πμιῶ
450 3662 502 3720 ἐαν
517 3669 603 3736 παιής
620 3663 672 3721 ἐάν
684 3687 753 3734 ποιη
739 3663 819 3721 ἐὰν
830 3670 955 3750 ποιῶμεν
967 3664 1020 3722 ἐὰν
1024 3670 1130 3750 ποιήτε
1143 3664 1196 3722 ἐὰν
1208 3670 1338 3750 ποιῶσιν,
1353 3688 1444 3735 παρα

158 3735 290 3815 κειμένου
306 3737 356 3790 καῖ
372 3730 629 3822 vnepouvrettvor‘r
628 3731 681 3790 ἐαν
696 3732 843 3820 nenessitas
860 3732 912 3790 ἐάν
921 3733 1091 3823 πεπαιήκης
1100 3733 1152 3791 ἐάν
1168 3755 1253 3791 nenos
1276 3757 1312 3805 κη
1329 3711 1382 3790 ἐὰν
1397 3755 1444 3790 πε-

157 3799 321 3885 πριήκωμεν
338 3800 389 3857 ἐάν
407 3800 580 3885 πεποιήκητε
598 3799 650 3857 ε’άν
667 3802 874 3885 πεποιήκασιν,
893 3804 1042 3887 μέλλοντος
1059 3801 1112 3859 ἐάν
1128 3801 1236 3888 ποιήσαι
1256 3736 1309 3858 ἐὰν
1318 3804 1444 3886 ποιήσῃς

158 3867 210 3924 ἐὰν
227 3868 331 3940 ποιήσῃ
350 3867 401 3925 ἐὰν
417 3869 581 3940 ποιήσωμεν
593 3868 645 3925 ἐάν
661 3868 798 3940 ποιήσητε
816 3869 869 3926 ἐὰν
884 3868 1049 3941 ποιήσωσιν.
1085 3878 1211 3941 optativus
1229 3867 1380 3934 ἐνεστῶτος
1394 3873 1443 3926 καί

158 3942 354 4018 παρατατικαῦ
374 3947 483 4006 ποιαῖμι
505 3947 600 4001 ποιοῖς
620 3947 705 3995 ποιοῖ
713 3947 857 4020 ποιοῖμεν
877 3948 988 3996 ποιοιτε
1012 3949 1138 4022 ποιοῖεν,
1163 3939 1375 4022 παρακειμένου
1395 3943 1444 3995 καὶ

156 4003 402 4096 οπερσυντεῖικοῦ
411 4006 596 4090 πεποιήκοιμι
613 4003 782 4089 πεπαιήκοις
799 4005 952 4090 πεποιήκοι
969 4005 1175 4090 πεποιήκοιμεν
1183 4005 1377 4092 πεποιήκοιτε
1394 4029 1442 4063 πε-

157 4072 317 4160 ποιήκοιεν,
336 4069 470 4158 άορίσταο
487 4073 637 4158 ποιήσαιμι
655 4075 789 4155 ποιήσαις
805 4073 923 4157 ποιήσαι
936 4073 1108 4158 ποιήσαιμεν
1120 4075 1271 4160 ποιήσαιτε
1281 4073 1443 4146 ποιήσαιεν,

99 4173 105 4184 ·
156 4143 309 4211 μέλλοντος
325 4141 471 4229 ποιήσαιμι
489 4142 618 4224 ποιήσοις
635 4138 749 4211 ποιήσοι
766 4141 936 4229 ποιήσαιμεν
952 4139 1098 4227 ποιήσαιτε
1113 4164 1270 4213 ποιήσοιεν
1305 4150 1444 4198 infinitivus

158 4207 309 4291 ἐνεστῶτος
321 4212 370 4265 καὶ
382 4213 578 4296 παρατατικοῦ
595 4218 700 4295 ποιεῖν,
716 4211 929 4279 παρακειμένου
948 4227 972 4265 et
989 4207 1227 4278 ὖπερσυντελικοῦ
1244 4214 1443 4282 πεποιηκέναι,

159 4272 293 4347 ἀορίστου
305 4281 433 4348 ποιήσαι,
447 4279 598 4347 μέλλοντος
610 4276 750 4348 ποιήσειν.
1294 4312 1300 4317 -

237 4353 361 4410 Quoniam
375 4352 517 4400 illacrobius
529 4351 689 4401 Theodosius
705 4351 796 4400 librum
813 4352 845 4400 de
862 4353 1011 4401 differentiis
1028 4355 1110 4414 deque
1126 4355 1290 4404 societatibus
1310 4354 1443 4402 verborum

158 4421 290 4482 utriusque
304 4420 413 4481 linguae,
432 4435 539 4483 graecae
551 4420 646 4468 scilicet
659 4431 736 4481 atque
749 4418 850 4481 latinae,
868 4423 1018 4485 composuit,
1037 4423 1061 4469 in
1075 4436 1125 4484 qno
1139 4423 1207 4470 varie
1219 4421 1375 4484 confuseque
1390 4437 1443 4468 ver-

158 4489 246 4536 borum
261 4488 361 4550 regulas
374 4488 511 4546 miscuerit,
530 4489 613 4535 vistim
627 4486 688 4535 milri
701 4497 739 4535 est
751 4489 831 4552 primo
845 4489 953 4537 eundem
970 4489 1083 4537 eiusdem
1097 4491 1185 4538 eodem
1199 4505 1248 4552 qno
1262 4492 1317 4554 ipse
1330 4504 1393 4538 usus
1406 4501 1444 4537 est

158 4557 246 4604 ordine
264 4557 371 4604 breviter
388 4555 518 4612 deflorare,
537 4555 671 4618 εΙίηοοηδο
686 4556 842 4619 permutatis,
859 4557 961 4621 saepius
979 4557 1073 4605 eisdem
1086 4557 1178 4618 quilius
1191 4572 1215 4606 et
1227 4557 1269 4605 ille
1281 4558 1376 4606 tacendo
1389 4573 1443 4606 ser·

158 4626 288 4685 monibus;
306 4624 397 4671 deinde
414 4624 570 4686 singularam
587 4624 795 4687 coniugationum
813 4625 923 4703 regulas,
939 4627 964 4673 iu
982 4636 1103 4688 qnantum
1121 4641 1153 4674 ex
1170 4627 1310 4675 rationibus
1322 4626 1443 4689 praedicti

158 4693 268 4740 auctoris
281 4692 365 4754 colligi
378 4702 525 4757 potuerunt,
543 4706 678 4757 exponere.
703 4693 727 4739 in
741 4692 865 4754 quibus'
846 4694 926 4755 siquis
940 4693 1017 4741 nauita
1029 4708 1077 4743 nos
1089 4694 1290 4759 praetermisisse
1306 4708 1444 4759 perspexe-

158 4760 198 4818 rit,
216 4765 279 4807 sciat
296 4761 358 4807 iltnd
376 4775 425 4808 noa
446 4772 532 4808 nostra
549 4760 646 4808 desidia
664 4775 721 4808 esse
738 4758 840 4820 lacteam,
858 4761 903 4809 sed
918 4761 977 4821 qtria
990 4762 1021 4809 de
1033 4761 1074 4811 his
1085 4777 1151 4825 qrrae
1162 4763 1258 4811 intaeta
1271 4763 1387 4811 videntur
1400 4773 1443 4812 ant

158 4796 299 4889 ambiguam
314 4838 357 4875 aut
367 4828 460 4876 nullam
475 4829 604 4907 potuimus
614 4829 727 4876 invenire
737 4828 840 4876 rationis
853 4830 1036 4881 arroteritatern,
1051 4831 1174 4909 ‹priaedam
1185 4841 1268 4879 tantem
1279 4832 1442 4895 inseruimus,

157 4910 222 4959 qnae
240 4898 312 4946 notris
326 4912 358 4946 ex
370 4899 532 4962 proportione
548 4897 656 4947 oliorum
674 4895 821 4946 verisimilia
832 4894 886 4947 fleri
898 4899 952 4948 risa
966 4910 1035 4950 sunt.
1059 4913 1117 4949 cum
1129 4899 1206 4965 igitur
1218 4899 1307 4952 Graeci
1320 4901 1440 4967 coniuga-
