3346 5498
674 379 908 440 COhlllEN'thl
1377 374 1437 438 125

1267 483 1412 537 psa-cst„

152 585 267 627 sescum
292 567 370 627 enim
397 565 505 627 dicitur
528 565 695 626 dimidium:
720 572 749 625 et
772 574 816 627 cst
831 568 861 625 in
877 567 940 625 istis
955 564 1089 643 pedibus,
1115 562 1255 624 bacchius
1271 563 1436 642 sescuplam

152 667 239 730 habet
262 667 453 735 divisionem,
478 666 690 737 antibacchius,
715 667 934 746 amphimacrus
958 675 986 727 et
1007 684 1145 746 paeones.

235 770 289 830 llis
313 771 443 849 exceptis
465 777 619 830 remanent
641 768 730 845 aliqui
752 769 857 847 pedeS,
882 771 932 848 qui
954 787 1013 829 non
1036 768 1168 827 serviunt
1189 766 1277 827 alicui
1292 767 1436 835 divisioni,
1448 779 1508 840 tao,
1522 779 1554 828 aa
1598 750 1601 758 ¹

153 871 382 953 amphibrachus
410 878 440 931 et
467 872 587 949 epitriti.
639 870 867 951 amphibrachus
895 890 954 931 non
981 876 1079 949 potest
1106 888 1224 929 servare
1253 868 1435 929 divisionem.

133 975 262 1051 aquare?
284 975 352 1053 qnia
375 972 465 1034 habet
487 972 607 1033 brevem
630 980 659 1034 et
681 972 798 1051 longam
822 980 852 1031 et
866 971 999 1033 brevem.
1032 973 1116 1032 istam
1133 971 1250 1048 longam
1274 988 1332 1047 quo
1347 969 1437 1031 habes

154 1074 279 1153 adderel
307 1074 342 1135 ad
366 1076 498 1135 initinml
527 1076 552 1135 si
575 1073 610 1134 ad
638 1076 772 1144 initium,
801 1077 856 1135 tria
884 1081 913 1135 et
935 1092 1026 1134 unum
1050 1075 1120 1142 crit,
1151 1072 1229 1132 nulla
1253 1072 1356 1132 divisio
1378 1080 1435 1139 cst;

154 1177 174 1235 si
197 1175 234 1234 ad
259 1177 361 1246 linem,
386 1195 475 1237 unum
498 1185 527 1237 et
549 1179 605 1236 tria
628 1185 725 1237 erunt.
772 1195 841 1237 ecce
864 1194 922 1237 non
945 1174 1035 1236 babet
1057 1173 1238 1235 divisionem.
1282 1177 1351 1234 item
1375 1176 1436 1253 epi-

154 1278 212 1336 triti
241 1286 364 1356 septena
393 1278 502 1339 habent
531 1287 673 1358 tempora.
720 1277 863 1358 numquid
892 1277 1003 1338 habeut
1026 1277 1215 1337 divisionem?
1251 1277 1277 1335 si
1300 1284 1436 1353 quattuor

156 1386 182 1439 et
203 1379 260 1438 ttia
283 1379 426 1448 volueris,
450 1398 509 1439 non
533 1389 590 1441 stat
611 1381 729 1450 divisim
758 1382 783 1440 si
811 1382 868 1441 tria
897 1387 926 1440 et
953 1387 1105 1459 quattuor,
1137 1376 1278 1437 similiter.
1326 1377 1437 1437 idcirco

127 1480 200 1540 uisu
228 1480 321 1560 pedes
347 1482 533 1560 proiciuntur
561 1501 576 1541 a
600 1484 712 1543 metris,
757 1500 849 1560 quare
878 1482 934 1542 hoc
963 1482 1041 1541 dixil
1078 1481 1196 1539 invenio
1224 1481 1302 1539 enlm
1324 1480 1355 1537 in
1377 1496 1437 1538 non

75 1559 82 1574 x
155 1581 242 1643 nullis
265 1584 396 1643 metricis
418 1602 453 1642 er
476 1581 687 1661 amphibracho
711 1591 740 1643 ct
763 1586 882 1664 epitrito
905 1591 1043 1644 metrum.
1080 1599 1139 1641 non
1162 1580 1239 1640 licet.
1269 1582 1324 1640 'isti
1346 1579 1437 1659 pedes

154 1694 246 1744 metra
270 1684 414 1745 naturalia
438 1703 497 1745 non
519 1685 641 1746 iaciunt.
668 1684 799 1746 incidere
821 1695 947 1766 possunt
967 1686 998 1744 in
1022 1682 1152 1744 secundo
1175 1681 1240 1741 loco
1263 1690 1311 1742 aut
1334 1683 1436 1748 tertio;

154 1795 183 1846 ut
200 1789 205 1857 1
224 1793 325 1860 autem
346 1786 394 1845 isti
417 1786 524 1847 iaciant
553 1796 645 1846 metra
670 1806 728 1847 non
753 1789 830 1848 licet.
874 1785 948 1847 nulli
976 1787 1054 1845 enim
1082 1785 1174 1863 pedes
1201 1784 1311 1844 iaciunt
1334 1792 1436 1852 metra,

154 1889 207 1947 nisi
229 1889 280 1968 qui
304 1888 435 1948 serviunt
457 1887 648 1948 divisionibus
670 1888 863 1949 naturalibus.
907 1888 975 1947 hine
999 1885 1170 1955 turbantur,
1193 1885 1262 1945 hinc
1285 1884 1436 1945 dubitant:

127 1991 200 2069 aqui
222 1988 302 2050 bene
324 1987 435 2048 habent
458 1996 551 2050 metra
574 1989 720 2059 scribere,
744 1989 815 2051 illos
833 1988 941 2050 debent
962 1989 1054 2069 pedes
1076 2006 1203 2068 ponere,
1234 1989 1285 2067 qui
1307 1989 1439 2048 serviunt

153 2090 353 2151 divisionibus.
399 2099 469 2170 puta
492 2092 653 2171 sapphicus
675 2101 788 2152 constat
812 2110 847 2151 ex
871 2093 988 2172 epitrito
1011 2091 1140 2152 secundo
1163 2098 1192 2149 ct
1206 2089 1357 2150 trochaeo.
1382 2088 1438 2148 hoc

154 2193 228 2271 siqui
251 2192 350 2261 iaciat,
380 2191 501 2252 stultum
525 2201 569 2253 est
592 2200 621 2253 et
643 2213 759 2255 vanum.
791 2212 858 2254 nam
883 2195 1019 2273 epitritus
1043 2211 1202 2272 numquam
1226 2193 1296 2252 lacit
1311 2197 1437 2250 metrum

153 2312 252 2363 suum,
282 2312 343 2354 non
371 2293 454 2364 licet;
478 2313 537 2354 non
561 2298 640 2356 enim
663 2299 752 2358 servit
779 2295 921 2355 divisioni.
968 2298 1026 2355 nisi
1048 2295 1172 2356 credere
1195 2293 1337 2354 debemus
1359 2291 1437 2371 qnod
1449 2302 1509 2362 481,
1523 2302 1555 2350 et

154 2414 228 2457 unus
252 2397 379 2474 quisque
403 2415 504 2456 versus
527 2395 615 2458 habet
636 2398 727 2479 pedes
748 2398 908 2476 legitimos,
931 2396 1020 2457 habet
1044 2397 1160 2458 nothos.
1196 2394 1343 2472 legitimus
1366 2394 1437 2453 dici-

125 2506 199 2559 atur
221 2517 289 2577 pes,
315 2497 454 2559 naturalis
477 2502 526 2577 qui
549 2509 607 2565 est;
631 2501 755 2569 nothus,
781 2502 831 2577 qui
855 2498 1027 2560 admittitur.
1073 2519 1142 2560 ecce
1163 2500 1193 2558 in
1216 2517 1302 2558 uersu
1318 2497 1439 2557 heroico

153 2619 224 2660 unus
246 2619 301 2680 pes
324 2611 368 2660 est
390 2600 540 2678 legitimus
561 2602 724 2680 spondeus;
754 2602 806 2662 sed
835 2602 974 2677 qnoniam
1004 2603 1083 2661 risus
1112 2609 1156 2661 est
1184 2599 1274 2660 durus
1303 2607 1332 2658 et
1353 2616 1438 2678 prae·

81 2746 84 2763 .
153 2703 275 2772 fractus,
300 2701 394 2762 soluta
418 2710 463 2762 est
485 2705 632 2782 posterior
654 2704 780 2783 syllaba,
805 2710 833 2763 et
854 2702 924 2763 lecit
946 2701 1103 2783 dactylum.
1133 2705 1158 2763 si
1179 2701 1274 2763 solvas
1297 2703 1437 2781 priorem,

153 2805 220 2865 latit
241 2812 431 2883 anapaestum
454 2833 472 2868 a
498 2813 527 2863 et
549 2805 720 2866 trochaeum
742 2807 773 2866 in
795 2807 863 2866 line.
894 2807 942 2865 isti
964 2804 1047 2866 nothi
1069 2811 1144 2865 sunt.

233 2905 346 2967 Omnes
373 2914 528 2985 praetcrea
557 2906 706 2987 simplices
738 2908 831 2987 pedes
864 2926 958 2987 usque
985 2907 1021 2968 ad
1050 2915 1111 2968 tres
1137 2905 1262 2988 syllabas
1290 2914 1437 2976 crescunt,
1450 2914 1482 2961 31

122 3006 283 3086 adupliccs
307 3025 400 3084 usque
423 3007 458 3068 ad
481 3026 548 3076 sex;
573 3015 602 3069 et
625 3010 680 3069 hoc
703 3017 784 3070 recta
806 3011 930 3070 ratione.
962 3028 1031 3069 nam
1053 3011 1078 3068 si
1099 3007 1247 3087 simplices
1262 3017 1330 3068 snut
1346 3027 1438 3086 usque

152 3107 186 3168 ad
208 3118 326 3177 ternas,
356 3111 502 3187 geminata
531 3111 585 3170 ista
613 3113 688 3171 ratio
717 3111 892 3190 simplicium
916 3110 1003 3171 debet
1031 3110 1162 3190 duplices
1187 3113 1191 3184 Ι
1216 3109 1308 3189 pedes
1330 3110 1437 3170 lacere.

152 3230 236 3290 quetn
267 3211 303 3271 ad
332 3211 452 3271 modum
480 3211 588 3290 probat
621 3212 691 3281 hoc,
722 3214 870 3292 simplices
897 3213 988 3293 pedes
1011 3231 1103 3291 usque
1131 3212 1167 3272 ad
1191 3221 1291 3271 ternas
1313 3210 1439 3292 syllabas

152 3314 306 3373 crescere?
330 3315 467 3391 quoniam
492 3316 581 3373 istum
603 3313 767 3394 simplicem
790 3315 895 3395 pedem
918 3315 1059 3382 diximus,
1090 3317 1140 3392 qui
1163 3313 1275 3374 solutus
1298 3312 1355 3373 duo
1378 3331 1438 3374 non

151 3414 227 3474 lacit.
274 3416 299 3473 si
322 3414 503 3495 trisyllabum
526 3416 631 3485 solvas,
657 3417 715 3476 duo
739 3436 797 3478 non
820 3419 898 3479 lacit.
945 3435 1014 3477 ecce
1036 3424 1106 3495 puta
1129 3415 1309 3476 tribrachum
1332 3418 1357 3475 si
1379 3416 1436 3475 sol-

119 3531 214 3584 mraS,
238 3517 383 3597 numquid
407 3516 463 3577 duo
487 3518 574 3577 lacit?
598 3537 668 3596 ergo
691 3522 829 3598 quoniam
853 3518 967 3580 solutus
989 3519 1062 3578 duos
1084 3537 1142 3578 non
1165 3526 1264 3597 potest
1284 3519 1391 3587 lacere,
1415 3520 1439 3577 si

153 3616 255 3678 tlemus
292 3616 335 3677 illi
374 3638 461 3679 unatu
498 3617 654 3698 syllabam,
695 3623 797 3700 incipit
845 3640 908 3682 esse
947 3620 1218 3701 proceleumaticus.
1266 3639 1337 3699 ergo
1373 3619 1439 3679 ideo

153 3720 301 3800 simplices
329 3721 421 3800 pedes
450 3721 605 3800 usquead
635 3730 733 3782 ternas
762 3722 889 3804 syllabas
916 3723 1097 3804 procedunt,
1127 3736 1156 3783 et
1183 3723 1316 3802 duplices
1345 3742 1439 3803 usque

153 3821 187 3881 ad
210 3842 272 3883 sex.

645 3978 693 4038 DE
715 3979 946 4040 ductortuus

234 4096 339 4157 Graeci
362 4096 518 4175 prosodias
543 4097 644 4157 dicunt
665 4104 803 4158 accentus
826 4098 881 4159 hac
903 4100 1032 4160 ratione:
1055 4118 1127 4178 pros
1142 4100 1243 4161 dicunt
1258 4100 1304 4170 ad,
1321 4108 1438 4160 cantum
1451 4105 1539 4169 latta

153 4233 454 4241 -—-—-——-.

220 4319 234 4370 l
252 4317 287 4385 et]
304 4329 331 4369 ut
344 4320 417 4369 ABG
466 4321 482 4369 5
498 4328 523 4368 et
536 4320 636 4368 breuem
651 4335 697 4369 om.
712 4319 767 4383 BC,
779 4323 953 4387 superscripta
963 4337 1006 4385 pr.
1019 4339 1048 4372 m.
1061 4321 1136 4372 habet
1148 4323 1172 4372 A
1225 4341 1273 4387 quo
1288 4325 1329 4374 na
1342 4332 1402 4387 quot
1416 4323 1440 4371 A

153 4388 194 4436 ttbi
214 4390 234 4438 C
286 4387 404 4455 ihabet]
426 4389 518 4438 habent
532 4389 614 4439 Ano
682 4392 712 4442 ll
734 4406 781 4440 nou
801 4393 858 4440 licet
871 4393 895 4442 A
912 4407 976 4453 quae
992 4409 1041 4443 non
1062 4393 1118 4440 lieet
1135 4394 1167 4439 a*
1186 4397 1255 4456 quod
1278 4411 1326 4444 uon
1347 4393 1440 4442 lieetlt'

153 4460 210 4520 qaia
231 4459 391 4507 nonlicetC
444 4459 475 4509 18
490 4461 591 4508 cretlere
609 4461 679 4510 ABc
697 4462 800 4512 scireC
856 4462 889 4511 20
906 4463 1028 4510 amittitur
1045 4463 1092 4513 AC
1144 4462 1177 4512 23
1195 4467 1308 4515 lacunam
1325 4464 1441 4512 iudicauit

152 4529 338 4578 cunemannus
363 4528 409 4579 doc
432 4532 565 4592 proposito
585 4533 767 4595 supplemento,
786 4547 831 4598 pro
855 4533 968 4596 spondeo
991 4533 1068 4597 igitur
1087 4533 1196 4581 admittit
1216 4551 1303 4584 versus
1324 4533 1439 4581 heroicus

152 4599 286 4662 dactylum,
305 4608 470 4664 anapaestum
490 4611 513 4648 ct
532 4601 676 4650 trochaeum
696 4605 719 4650 in
740 4605 789 4650 line
843 4603 877 4651 ‘26
896 4604 959 4652 ratio
973 4603 1093 4667 simplicis
1112 4599 1169 4652 Cu*
1191 4607 1253 4652 ratio
1273 4602 1401 4666 simplices
1414 4601 1438 4649 A

154 4671 248 4717 ratione
260 4668 385 4734 simplicis
400 4671 425 4717 B
477 4672 509 4719 27
524 4671 617 4734 probas
629 4672 813 4721 Liudemamutr
865 4672 896 4720 ad
911 4683 995 4721 ternas
1008 4671 1120 4735 syllabas
1133 4673 1189 4721 Cn:
1204 4675 1314 4738 syllabas
1328 4688 1373 4722 om.
1389 4671 1440 4719 AB

219 4740 254 4786 Ἡ)
272 4741 294 4787 si
313 4738 471 4801 trisyllabum
488 4741 574 4788 solans
594 4743 643 4787 duo
664 4757 711 4791 nou
733 4743 791 4791 lacit
809 4757 854 4793 om.
870 4743 933 4805 AB,
949 4744 1008 4791 odd.
1026 4761 1042 4792 a
1059 4745 1080 4791 si
1094 4743 1248 4803 trisyllabum
1267 4743 1352 4790 soloas
1367 4757 1438 4790 num-

154 4809 209 4868 quid
230 4811 281 4856 duo
299 4824 347 4855 nou
369 4808 468 4858 lacitC
548 4811 683 4859 tribracltin
707 4812 762 4860 AB
786 4811 970 4876 tribrachyuc
1051 4812 1085 4864 30
1106 4814 1219 4874 sortasse
1238 4828 1299 4879 ergo
1318 4812 1437 4876 quoniam

154 4878 247 4927 solutus
266 4880 331 4927 duos
347 4893 396 4927 nou
415 4878 483 4943 lacit,
503 4880 612 4944 simplex
630 4881 735 4944 dieitur3
754 4884 775 4930 si
795 4884 883 4932 detuus
902 4893 947 4934 etc.
