3346 5498
670 386 905 449 dommenrvu
1372 384 1436 451 205

1252 509 1273 549 y.
1286 497 1375 536 ras-a
1388 495 1410 536 r„

145 575 200 634 iste
228 573 351 633 homol'
382 591 441 632 non
469 580 497 633 te
526 580 636 633 terreat
662 575 868 636 nominativus.
914 594 982 635 nam
1009 577 1073 655 ipse
1102 585 1147 635 est
1174 593 1259 635 casus
1288 577 1376 635 etiam
1405 578 1434 636 in

145 677 221 735 istis:
249 682 278 734 et
306 675 385 734 cuias
412 665 608 735 nominativus
631 685 688 744 est,
719 684 748 735 et
771 678 876 737 cuiatis
898 677 1095 737 nominativus
1118 685 1170 736 est.
1216 678 1343 737 ‘cuiales
1366 686 1436 738 sunt

145 779 191 838 isti
218 777 388 837 hominesl'
418 775 421 856 l
451 794 571 856 possum
600 775 701 837 dicere
729 780 809 838 cuias
832 785 862 837 et
883 780 995 839 cuiatis.
1040 778 1110 857 quid
1134 785 1180 838 est
1202 779 1302 838 cuias?
1338 780 1436 840 idest

144 881 227 938 euius
249 879 358 956 gentis,
383 886 416 939 ut
437 881 571 940 ‘nostras
594 886 639 939 est
662 881 718 940 iste
740 878 858 950 homo’,
886 879 916 940 id
940 890 984 941 est
1007 888 1125 940 nostrae
1148 880 1253 958 gentis.
1297 883 1321 941 si
1344 883 1435 942 inter·

119 999 232 1059 eroges
260 979 343 1041 verbi
372 999 457 1042 causa
485 980 522 1041 de
550 981 668 1051 Mauro,
698 989 748 1041 aut
776 983 851 1060 siqui
879 1001 927 1042 me
956 984 1118 1059 interroget
1149 983 1221 1042 ‘iste
1243 981 1332 1043 homo
1354 984 1436 1043 cuias

146 1085 234 1153 esti’,
259 1087 395 1143 ‘nostras
418 1085 489 1153 est',
512 1082 543 1143 id
558 1090 603 1144 est
617 1083 746 1145 Maurus.
776 1082 826 1143 ille
849 1084 1042 1162 interrogavit
1057 1093 1190 1161 gentem,
1215 1102 1269 1162 ego
1285 1084 1433 1164 respondi.

145 1187 311 1246 invenimus
333 1186 410 1265 apud
433 1184 592 1266 plerosque
615 1185 801 1265 artigraphos
823 1185 949 1264 produci
964 1185 1069 1246 horum
1085 1187 1295 1264 pronominum
1318 1185 1436 1247 ultimas

144 1285 287 1366 syllabas,
311 1289 394 1348 cuias
417 1291 541 1348 nostras.
587 1287 638 1348 sed
662 1287 774 1365 legistis
796 1289 827 1347 in
855 1286 1026 1348 accentibus
1054 1290 1193 1367 quoniam
1216 1289 1304 1348 latina
1336 1286 1435 1366 lingua

144 1391 176 1449 in
197 1388 308 1450 ultimis
334 1387 454 1468 syllabis
481 1397 634 1450 accentum
658 1407 717 1450 non
740 1387 838 1450 habet.
883 1387 996 1450 idcirco
1018 1407 1078 1449 non
1101 1389 1243 1450 debemus
1264 1388 1319 1449 hos
1340 1391 1434 1469 sequi,

108 1490 196 1551 tosed
219 1490 363 1551 dehemus
385 1490 484 1552 dicere
507 1493 588 1553 civias
611 1499 640 1552 et
662 1491 765 1552 cuiatis
780 1490 914 1552 vitandae
935 1490 1100 1552 calumniae
1122 1509 1218 1552 causa.
1248 1509 1317 1551 nam
1339 1499 1436 1571 potest

145 1592 234 1672 aliqui
255 1591 428 1653 calumniari
452 1592 513 1654 tibi.
557 1593 628 1653 dicit
650 1591 703 1653 tibi
725 1591 775 1654 ille
797 1598 908 1673 ‘quare
930 1611 991 1653 non
1014 1592 1085 1654 dicis
1109 1595 1205 1661 cuias,
1230 1593 1282 1654 sed
1305 1593 1435 1662 cuiasl’,

145 1702 175 1755 et
196 1696 302 1774 incipis
329 1696 359 1754 in
388 1694 610 1756 altercationem
633 1697 742 1756 venire.
787 1695 854 1756 ideo
877 1695 945 1755 dico
968 1693 1021 1755 tibi
1049 1696 1188 1774 quoniam
1216 1694 1304 1756 latina
1335 1694 1435 1774 lingua

144 1798 174 1856 in
197 1796 307 1858 ultimis
334 1795 453 1876 syllabis
479 1804 634 1859 accentum
657 1816 717 1858 non
740 1796 840 1858 habet:
873 1804 905 1857 ut
927 1795 1012 1857 tollas
1034 1795 1255 1875 ambiguitatem
1279 1797 1437 1858 obicientis

144 1898 216 1968 hoc,
240 1899 288 1959 dic
310 1901 430 1959 cuiatis:
455 1917 543 1960 nemo
566 1900 645 1959 enim
661 1899 733 1960 dicit
754 1900 873 1967 cuiatis:
896 1916 1076 1978 porrorum
1100 1907 1234 1960 naturam
1257 1917 1315 1959 non
1338 1905 1438 1978 potest

88 2002 219 2071 sueri,
266 2018 336 2079 ergo
359 1998 396 2060 ad
416 1998 488 2061 illud
510 2002 610 2080 potius
633 2000 723 2062 debes
745 2001 914 2062 consentire
943 2007 972 2061 et
999 1997 1071 2060 illud
1102 2001 1132 2060 in
1161 2019 1216 2060 usu
1245 1999 1370 2071 habere,
1401 2000 1438 2061 de

145 2121 204 2182 quo
226 2120 315 2163 nemo
340 2101 461 2164 dubitat.
507 2111 536 2164 et
557 2100 630 2164 illud
652 2102 761 2164 lectum
785 2110 830 2164 est
852 2110 882 2162 et
903 2099 986 2162 illud.

229 2205 305 2265 Sunt
332 2213 486 2284 praeterea
514 2201 612 2284 aliqua
639 2205 815 2283 pronomina
843 2221 919 2284 quae
942 2201 1083 2265 inchoant
1094 2202 1316 2282 elocutionem,
1340 2203 1437 2285 aliqua

145 2324 219 2386 quae
242 2304 424 2368 subnectunt
440 2305 647 2367 elocutionem.
676 2306 818 2367 inchoant
833 2304 1030 2366 elocutionem
1045 2307 1113 2375 ista,
1135 2307 1215 2385 quis;
1239 2302 1437 2387 sublnectuht,

144 2409 178 2468 is.
209 2416 280 2487 puta
303 2409 386 2488 ‘quis
403 2415 447 2468 est
462 2409 512 2485 qui
527 2408 598 2469 lecit
613 2408 789 2468 iniuriam‘t’
811 2408 853 2468 ita
873 2406 1012 2469 dicimus:
1037 2407 1178 2486 numquid
1198 2427 1318 2488 possum
1337 2409 1438 2471 dicere

106 2510 212 2588 eo‘qui
234 2511 303 2571 lecit
324 2511 463 2571 iniuriam
486 2519 530 2570 est
551 2510 653 2590 quisl'
675 2529 729 2589 per
751 2528 851 2571 rerum
867 2517 1003 2571 naturam
1027 2529 1086 2570 non
1109 2518 1207 2588 potest
1229 2511 1307 2580 fieri,
1332 2511 1383 2570 sed
1406 2513 1437 2571 in

144 2610 319 2671 inchoandis
353 2611 570 2672 elocutionibus
603 2613 731 2691 ponitur.
777 2621 806 2673 et
834 2631 851 2672 e
884 2612 1034 2687 contrario
1066 2613 1091 2672 is
1124 2609 1321 2689 subiungitur.
1366 2620 1437 2691 puta

144 2715 228 2792 ‘quis
250 2720 295 2773 est
318 2715 368 2790 qui
389 2715 461 2776 lecit
481 2714 638 2774 iniuriam?
667 2713 807 2775 Ciceroi’
829 2733 888 2775 non
912 2723 996 2794 pates
1018 2722 1050 2774 tu
1073 2711 1172 2772 dicere
1195 2713 1283 2791 ‘quis
1307 2715 1380 2784 est',
1404 2721 1437 2774 ut

145 2816 328 2884 consentias,
357 2815 409 2876 sed
437 2814 537 2876 dicere
565 2814 655 2877 habes
677 2819 720 2877 ‘is
742 2821 814 2878 est'.
860 2833 932 2895 ergo
955 2832 1043 2896 quem
1066 2806 1246 2875 ad'moaum
1270 2813 1320 2876 illa
1343 2818 1437 2895 parti·

146 2915 210 2977 cula
233 2916 366 2986 inchoat,
391 2919 433 2978 sie
456 2918 512 2978 ista
535 2917 693 2980 subnectit.

106 3037 132 3076 as
230 3019 305 3079 Sunt
326 3018 421 3098 aliqua
443 3022 621 3097 pronomina
643 3039 718 3100 quae
744 3039 808 3081 rem
830 3027 1018 3099 praesentem
1040 3018 1220 3095 significant,
1245 3027 1277 3079 ut
1298 3017 1436 3089 diximus,

146 3120 194 3180 hic
221 3119 293 3181 haee
321 3120 391 3189 h0c;
420 3130 488 3183 sunt
515 3121 610 3202 aliqua
640 3097 714 3202 quae
742 3122 834 3199 magis
863 3122 1037 3200 significant
1084 3119 1140 3180 hoc
1168 3119 1238 3199 quid
1260 3122 1298 3179 sit
1320 3122 1436 3191 nescio;

146 3224 240 3282 omnis
266 3241 315 3282 res
343 3231 394 3283 aut
420 3242 561 3302 praesens
589 3232 635 3285 cst
661 3232 711 3284 aut
739 3242 797 3284 non
827 3231 872 3284 est
901 3241 1058 3302 praesens;
1083 3223 1177 3299 magis
1199 3239 1340 3300 praesens
1363 3223 1434 3301 quid

146 3332 191 3385 est
211 3326 322 3385 nescio.
367 3324 418 3385 sed
442 3325 509 3386 dico
532 3335 645 3396 tamen,
668 3324 740 3385 illud
762 3325 828 3386 dico
851 3323 929 3401 quod
952 3323 1043 3384 voluit
1064 3325 1247 3403 exprimere,
1272 3325 1370 3385 minus
1392 3333 1437 3385 ta·

147 3444 215 3486 men
236 3425 307 3486 illud
331 3426 417 3497 divit,
442 3445 529 3505 quam
552 3433 756 3526 aequumyest.
790 3424 873 3486 verbi
896 3444 983 3486 eausa
1006 3425 1051 3485 lac
1073 3424 1122 3484 hic
1142 3424 1294 3486 hominem
1318 3444 1382 3488 esse
1404 3428 1436 3488 in

106 3542 132 3582 ao
146 3518 224 3598 loro,
248 3526 300 3587 sed
323 3527 410 3598 loris,
441 3537 470 3590 et
496 3527 621 3590 alterum
649 3527 698 3588 hic
721 3546 787 3588 esse
809 3535 1010 3608 praesentem,
1034 3535 1066 3586 ut
1087 3527 1125 3587 sit
1145 3546 1289 3606 praesens
1310 3527 1360 3588 ille
1384 3530 1435 3606 qui

147 3629 219 3689 loris
241 3636 297 3698 est,
322 3631 360 3689 sit
381 3633 474 3709 magis
495 3649 638 3709 praesens
659 3629 708 3691 ille
732 3630 782 3710 qui
805 3629 853 3689 hic
876 3636 929 3690 est.
963 3626 1033 3708 [qua
1048 3628 1195 3708 ratione‘l]
1218 3639 1341 3708 propter
1363 3632 1435 3692 istas

147 3730 328 3792 elocutiones
350 3730 399 3791 ille
427 3734 481 3802 ait,
510 3741 683 3812 praesentes
710 3750 857 3812 personae
883 3738 952 3792 sunt
974 3729 1021 3790 hic
1046 3730 1119 3790 haec
1142 3729 1212 3801 hoc,
1236 3733 1329 3809 magis
1350 3751 1437 3813 prae·

146 3842 244 3893 sentes
274 3840 343 3894 sunt
370 3852 473 3894 eccum
501 3853 601 3895 eccam
630 3833 728 3895 ellum.
773 3852 829 3913 qua
858 3835 972 3894 ratione
995 3831 1056 3892 dixi
1078 3834 1171 3911 magis
1192 3841 1383 3913 praesentes,
1408 3844 1437 3896 et

148 3933 234 3994 talem
258 3937 501 4014 conparationem
523 3936 579 3997 leci
602 3937 666 3998 eius
688 3937 741 4015 qui
762 3937 834 3997 loris
857 3944 901 3996 est
924 3944 953 3997 et
975 3935 1027 4012 qui
1050 3935 1132 3995 intus
1155 3936 1217 3996 est?
1239 3944 1363 4017 propter
1385 3937 1436 3998 ad·

109 4035 240 4096 everbii
268 4036 525 4117 coniunctiolnem.
571 4058 641 4100 ecce
669 4055 745 4116 quae
773 4057 841 4118 pars
863 4039 1005 4099 orationis
1028 4038 1090 4098 est?
1123 4036 1295 4099 adverbium
1317 4048 1363 4100 est
1385 4039 1437 4100 de-

147 4139 346 4200 monstrantis.
379 4159 467 4219 quem
490 4138 526 4200 ad
550 4140 671 4201 modum
688 4140 754 4201 dico
778 4140 884 4202 ellum?
906 4139 980 4201 nihil
1005 4141 1152 4218 siguificat
1174 4138 1263 4201 ellum
1286 4142 1345 4202 nisi
1367 4159 1436 4202 ecce

216 4307 328 4375 2cuias]
349 4311 422 4358 cuins
441 4304 506 4360 AB
549 4319 574 4360 et
591 4311 682 4360 cuiatis
700 4310 784 4362 Alae
802 4320 826 4361 et
842 4312 967 4360 cuietesa
1038 4304 1251 4376 3possumus0
1301 4320 1325 4360 et
1345 4312 1436 4361 cuiatis

148 4378 326 4429 aaronitas
351 4379 437 4429 aaa*
508 4381 525 4430 b
550 4382 622 4430 euius
643 4382 721 4431 esto
788 4381 927 4447 'lproduci
944 4383 986 4431 Ca
1005 4381 1121 4445 producit
1139 4382 1164 4430 A
1184 4381 1324 4445 producere
1343 4382 1368 4431 B

148 4449 165 4498 8
181 4451 250 4499 cuias
269 4448 402 4500 nostrasC
419 4452 488 4500 cuias
505 4462 605 4501 nostras
618 4451 678 4504 AB.
695 4453 720 4501 ia
733 4453 835 4517 reliquis
851 4453 1021 4516 praearduam
1035 4451 1125 4513 larvata
1141 4457 1215 4499 natae
1232 4459 1375 4500 accentuum
1391 4457 1437 4500 aut

148 4522 252 4571 natissae
277 4522 303 4570 ia
329 4521 455 4571 eoditv'dus
478 4529 522 4571 aut
547 4531 638 4583 postea
667 4522 814 4584 adscriptae
839 4528 897 4571 aurat
983 4520 1016 4571 10
1034 4520 1080 4570 sed
1104 4519 1226 4568 debemus
1245 4521 1328 4569 dicere
1347 4520 1436 4569 cuiatis

149 4589 254 4655 Langen
270 4592 302 4639 de
318 4606 422 4655 manant.
438 4597 483 4644 lat.
501 4592 647 4655 praeceptis
667 4608 731 4657 puae
751 4592 787 4641 ad
803 4599 930 4641 accersam
945 4598 1060 4654 spectant
1075 4588 1195 4653 (Bonnae
1214 4606 1239 4640 a.
1258 4589 1338 4656 1857)
1355 4605 1382 4653 p.
1401 4587 1435 4638 35

128 4693 130 4696 -
218 4661 250 4712 14
268 4661 309 4709 dic
327 4661 416 4710 cuiatis
435 4677 508 4711 nemo
527 4662 595 4710 enim
611 4662 673 4711 dicit
686 4662 775 4713 cuiatis
791 4661 837 4711 Ab
857 4661 898 4710 dic
915 4662 1011 4710 euiates
1027 4675 1101 4709 nemo
1119 4660 1187 4708 enim
1206 4659 1266 4708 dicit
1285 4659 1381 4709 cuiates
1395 4657 1437 4707 Ba

149 4728 189 4777 dio
206 4731 298 4778 erviatia
316 4746 390 4778 nemo
409 4733 476 4780 enim
494 4733 555 4781 dicit
576 4734 671 4782 cuiates
690 4733 711 4783 Ο
795 4732 827 4781 17
846 4739 977 4796 praeterea
995 4730 1081 4795 aliqua
1099 4728 1172 4778 BOa
1190 4735 1321 4792 praeterea
1340 4728 1392 4779 alia
1411 4727 1436 4776 Α

216 4800 291 4850 auia
309 4815 355 4850 am.
377 4800 434 4850 AB
503 4804 537 4853 25
556 4811 616 4852 sunt
633 4802 720 4865 aliqua
736 4802 811 4853 Bea
828 4810 887 4852 sunt
905 4802 955 4852 elia
973 4803 998 4851 A
1068 4797 1102 4851 29
1121 4795 1206 4862 quaml
1228 4796 1332 4859 quodC
1401 4797 1436 4849 35

150 4883 212 4933 quae
230 4886 276 4920 ava.
291 4870 324 4935 A,
337 4870 397 4920 aaa.
410 4889 427 4921 a
