3346 5498
767 347 840 409 llis
1411 344 1453 407 39

1261 452 1428 507 pfflmu

165 559 243 602 marc
266 547 311 601 est
331 539 498 599 communia
520 556 619 598 amara
642 538 709 597 siut.
754 534 870 596 dulcius
891 553 980 614 quam
1003 553 1058 616 pro
1080 534 1182 613 dulcil,
1207 537 1291 612 quasi
1313 537 1351 595 sit
1373 533 1451 595 aliud

163 661 241 703 mare
270 640 366 702 dulce.
397 674 438 684 —
465 640 507 699 Vt
534 641 603 699 iam
631 639 773 700 senior:
813 639 962 699 seniorem
991 636 1040 697 hic
1066 638 1138 697 dixit
1160 635 1278 718 [magis]
1303 639 1566 707 iuvenenr,3tt‚3t

161 761 216 806 non
239 745 333 822 magis
356 760 474 816 senem,
498 743 546 803 cui
569 751 613 802 est
635 741 736 800 viridis
758 748 904 802 senectus.
950 757 1022 818 ergo
1044 739 1093 800 hic
1116 740 1331 821 comparativus
1353 740 1452 800 minus

161 865 177 906 a
197 847 322 926 positivo
345 845 499 924 significat.
528 877 571 889 -
597 844 657 905 Ista
685 845 803 905 nomina
827 842 998 903 diminutiva
1022 850 1092 903 sunt
1114 849 1144 902 et
1165 841 1202 902 ab
1224 839 1451 921 inprudentibus
1464 850 1496 899 33

139 949 346 1029 sconparativa
368 945 592 1025 intelleguntur.
639 964 707 1006 nam
729 945 958 1024 grandiusculus
980 944 1186 1036 diminutivum
1210 951 1269 1012 est,
1298 961 1358 1005 non
1381 961 1451 1003 con-

159 1053 328 1131 paratirum.
363 1083 404 1094 -
437 1050 504 1110 dut
536 1047 669 1127 magis:
707 1050 781 1109 istae
801 1051 919 1109 omues
952 1046 1113 1127 particulae
1146 1065 1201 1106 nec
1234 1044 1547 1126 comllparativ03‘15‚1

158 1172 210 1214 nec
230 1155 414 1230 superlativo
434 1153 611 1230 iunguntur,
634 1151 691 1210 nisi
714 1148 834 1236 tanltum
857 1150 997 1229 positivo:
1021 1150 1071 1229 qui
1088 1148 1286 1227 comparativo
1302 1156 1331 1208 et
1344 1164 1449 1224 super·

158 1254 242 1315 latim
269 1254 397 1315 voluerit
422 1255 577 1330 iungere..
591 1253 691 1312 vitium
719 1253 798 1312 iacit.
823 1287 864 1296 —-
887 1252 953 1313 Non
975 1250 1101 1312 ablativo
1123 1259 1252 1319 tantum,
1275 1249 1326 1310 sed
1351 1256 1380 1308 et
1402 1259 1476 1309 se·4

158 1359 247 1437 ptimo
270 1365 299 1416 ct
321 1357 500 1417 nominativo
522 1354 634 1415 adiecta
657 1355 802 1433 particula
825 1372 922 1435 quam.
964 1351 1199 1434 [superlativus]
1223 1386 1265 1397 -
1288 1351 1446 1429 Compara·

132 1461 231 1520 titirus
257 1476 318 1520 non
345 1456 440 1518 solmn
469 1458 596 1536 septimo
624 1458 705 1517 casui
732 1458 879 1535 iungitur,
909 1455 962 1517 sed
991 1462 1021 1515 et
1043 1455 1233 1515 nominativo.
1255 1487 1295 1498 -
1320 1453 1477 1512 Troia-9

159 1580 283 1622 norum
306 1561 390 1621 luit:
414 1561 440 1620 si
461 1559 572 1619 dixeris
588 1559 786 1628 Graecorum,
810 1560 945 1619 vitiosum
969 1565 1022 1618 est.
1046 1557 1187 1617 -lium
1209 1555 1275 1617 dico
1298 1553 1448 1634 ‘luppiter
1462 1565 1492 1612 10

158 1665 283 1743 optimus
305 1664 480 1731 maximus’,
504 1662 671 1741 comparari
694 1679 754 1721 non
776 1669 886 1740 potest,
917 1662 984 1738 quia
1007 1659 1043 1720 ad
1066 1661 1164 1739 ipsum
1187 1657 1283 1718 solum
1306 1658 1445 1736 pertinet,

157 1768 180 1826 si
201 1764 320 1845 quidem
343 1782 432 1825 nemo
455 1771 500 1824 est
521 1762 595 1824 alius
616 1763 763 1842 luppiter:
788 1770 818 1823 et
837 1747 952 1825 Aeneas
975 1762 1163 1832 fortissimus,
1186 1760 1216 1821 id
1236 1766 1282 1820 est
1296 1758 1388 1818 sortis.
1405 1792 1445 1802 -

159 1866 388 1947 [Comparatirus
421 1866 540 1944 generis
573 1866 739 1925 communis
774 1873 820 1926 est
848 1872 972 1945 excepto
999 1865 1113 1933 senior,
1154 1864 1222 1941 quia
1248 1864 1346 1936 magis
1372 1879 1447 1922 anus

130 1971 232 2031 olacit.
253 1967 307 2049 -]
331 1968 582 2029 Nominalivo:
606 1969 822 2056 comparativus
844 1967 952 2046 gradus
973 1965 1124 2027 interdum
1145 1964 1235 2025 servit
1257 1964 1446 2024 nominativo.
1461 1974 1492 2022 11

237 2071 351 2131 Casus
384 2071 619 2131 nominativi:
659 2071 724 2148 quia
754 2068 885 2130 articulis
907 2069 1104 2130 discernimus
1126 2085 1244 2147 genera.
1281 2100 1324 2110 -
1361 2064 1501 2144 Epi-14.
1514 2077 1547 2125 22

158 2191 309 2233 coenon:
346 2173 425 2232 inter
454 2189 610 2233 commune
639 2180 669 2234 ct
696 2173 859 2251 epicoenon
888 2171 945 2230 hoc
972 2173 1108 2231 interest:
1144 2186 1301 2230 commune
1329 2166 1446 2229 duobus

157 2275 286 2335 articulis
308 2271 484 2342 declinatur,
509 2272 633 2334 dicimus
656 2276 734 2334 enim
756 2272 804 2334 hie
828 2281 857 2333 et
878 2273 953 2332 haec
977 2267 982 2353 Ι
1007 2270 1161 2341 sacerdos;
1191 2271 1354 2350 epicoenon
1376 2286 1445 2339 uno,

157 2395 220 2437 nam
243 2375 368 2437 dicimus
389 2373 438 2435 lric
460 2393 563 2453 passer
591 2385 620 2437 et
647 2375 721 2436 haec
748 2374 856 2454 aquila.
880 2408 922 2418 —
943 2374 986 2434 Vt
1012 2374 1103 2435 haec
1125 2370 1338 2434 Eunuchus:
1377 2372 1490 2450 quiaeu

126 2477 191 2538 aad
213 2477 396 2539 comoediam
416 2476 527 2546 retulit„
551 2485 584 2538 ut
606 2475 840 2540 ‘Eunuchum
862 2479 990 2539 suam’.
1016 2511 1054 2521 —
1079 2476 1269 2537 Feminina
1291 2480 1391 2534 sunt:
1413 2481 1494 2551 utet,

156 2580 307 2641 Terentius
337 2581 432 2641 ‘mea
459 2578 699 2658 Glycerium’.
728 2614 770 2624 -
792 2580 943 2648 Neutra,
974 2586 1013 2640 ut
1034 2597 1178 2659 poema:
1208 2577 1281 2637 haec
1304 2574 1442 2656 equidem
1455 2581 1488 2631 28

155 2690 254 2743 neutm
277 2690 355 2750 sunt,
378 2680 430 2742 sed
454 2680 532 2760 apud
554 2684 689 2762 antiquos
711 2684 851 2743 feminina
875 2689 967 2743 erant.
990 2683 1096 2742 -Vt
1123 2679 1274 2760 pelagus
1297 2677 1441 2758 vulgus:
1456 2685 1489 2735 29

157 2812 174 2847 ι
194 2783 251 2844 lsta
273 2785 304 2843 iu
324 2784 470 2861 singulari
493 2792 598 2845 neutra
626 2793 709 2854 sunt,
739 2786 769 2846 in
796 2783 905 2864 plurali
932 2783 1104 2845 masculina.
1133 2818 1175 2829 —
1201 2782 1244 2842 Vt
1271 2780 1441 2843 balneum
1455 2789 1488 2838 30

154 2886 342 2946 Tartarus:
366 2884 508 2946 Tartarus
528 2887 560 2945 in
583 2886 725 2965 singulari
747 2885 941 2947 masculinum
965 2895 1023 2956 est,
1046 2888 1078 2947 in
1099 2884 1207 2965 plurali
1229 2891 1378 2946 neutrum.
1400 2919 1442 2929 —

122 2986 312 3048 edacium:
336 2986 450 3047 caelum
473 2989 504 3047 in
520 2986 663 3066 singulari
677 2999 816 3050 neutrum
833 2995 886 3058 est,
902 2989 933 3048 in
955 2987 1062 3068 plurali
1084 2985 1288 3057 masculinum,
1312 2986 1342 3046 hi
1358 2986 1440 3048 caeli.
1455 2994 1486 3042 31

152 3125 190 3134 -
212 3089 274 3150 lloc
297 3107 388 3167 caepe
417 3097 446 3149 et
467 3089 522 3149 hae
544 3108 663 3168 caepae.
688 3126 725 3135 -
750 3091 876 3151 Porrum
899 3092 982 3169 porri
1004 3092 1034 3150 in
1056 3088 1200 3168 singulari
1227 3095 1380 3156 neutrum,
1410 3090 1440 3149 in

152 3189 256 3270 plurali
277 3189 484 3252 masculinum.
511 3227 551 3236 —
572 3191 703 3254 Locus:
727 3193 776 3255 nic
792 3191 872 3252 locus
889 3201 918 3251 et
932 3192 1005 3253 haec
1020 3189 1098 3265 loc'a,
1122 3193 1153 3251 in
1167 3189 1309 3269 singulari
1325 3208 1440 3251 mascu-

151 3291 256 3362 linum,
279 3295 310 3352 in
333 3292 441 3371 plurali
464 3300 601 3355 neutrum
628 3293 691 3374 [hic
712 3293 794 3355 locus
815 3303 844 3353 et
864 3294 937 3354 llaec
953 3292 1041 3373 loca].
1058 3328 1099 3339 —
1122 3292 1222 3353 Fori:
1246 3291 1326 3352 loros
1349 3309 1438 3369 gene·

150 3397 190 3456 n's
204 3392 360 3477 masculini
375 3395 517 3465 dicimus,
542 3397 638 3458 locum
654 3396 815 3457 tabulatum
836 3395 839 3475 l
860 3397 955 3467 navis,
972 3405 1003 3456 ut
1018 3394 1323 3474 ‘implessemque
1338 3393 1441 3453 loros

119 3495 340 3558 allammis’.
377 3496 440 3557 lora
464 3504 578 3567 autern,
603 3498 652 3559 ubi
676 3497 913 3567 deambulamus,
942 3505 1049 3559 neutro
1072 3495 1262 3575 appellamus
1285 3529 1326 3540 -
1349 3495 1483 3555 Sunt31

215 3702 277 3752 eod.
296 3701 376 3755 Bm.
398 3701 430 3749 Vl
450 3699 557 3755 ck&
631 3702 725 3753 laliut
795 3704 885 3751 buon
904 3718 950 3752 om.
1022 3700 1177 3752 darticulae
1248 3700 1440 3763 Tnecsuper·

151 3770 224 3820 latiro
245 3787 292 3821 ora.
366 3767 421 3835 qui]
445 3772 504 3834 quia
576 3774 604 3823 ll
622 3774 744 3822 uisicsum
765 3788 835 3822 corr.
855 3774 889 3826 al.
909 3789 973 3823 anan.
991 3773 1115 3822 uiciosum
1187 3771 1219 3821 12
1237 3768 1307 3837 quia]
1327 3770 1371 3832 qui

129 3842 180 3892 -13
197 3857 274 3890 certer
293 3856 362 3893 corr.
381 3843 417 3890 al.
435 3857 499 3891 man.
519 3858 611 3892 aetreas
666 3843 696 3892 ld
713 3843 794 3907 magis
812 3860 859 3894 om.
924 3843 957 3893 16
974 3844 1122 3907 epicoenum
1140 3857 1208 3891 corr.
1227 3843 1262 3891 al.
1281 3853 1348 3891 man.
1368 3853 1466 3899 -non,·

146 3913 354 3976 ite-quepostea
425 3912 458 3962 18
479 3912 636 3961 declinantur
706 3928 755 3962 uno
774 3929 820 3962 om.
912 3914 944 3964 19
966 3922 992 3962 ut
1017 3910 1166 3962 lreonuelrus
1188 3914 1232 3975 qui
1254 3912 1286 3961 ad
1357 3910 1392 3961 20
1412 3919 1439 3958 ut

147 3979 306 4031 heunuchum
362 3990 421 4030 sum
439 3983 561 4030 terentius
580 3993 607 4030 ut
623 3997 678 4031 mea
748 3985 783 4032 22
801 3992 862 4050 aput
929 3983 1369 4035 ederuntcorr.a1.man.erant

146 4051 179 4101 25
202 4050 338 4116 implurale
360 4051 619 4114 femininum-(corr.
638 4055 672 4104 cl.
689 4069 754 4104 marr.
780 4053 960 4114 nrasculinum)
984 4063 1012 4101 ut
1030 4052 1079 4102 hoc
1102 4068 1196 4118 caepae
1218 4062 1242 4102 et
1265 4051 1327 4101 haec
1345 4066 1439 4117 caepae

147 4122 314 4171 masculinum
334 4122 351 4169 ii
369 4119 453 4183 (corr.
469 4126 505 4172 al.
521 4138 586 4175 areca.
603 4119 653 4183 hii)
672 4124 735 4172 caeli
755 4139 856 4188 porrum
921 4124 955 4173 26
972 4123 1101 4188 intplurali
1119 4122 1251 4172 masculini
1322 4123 1355 4171 27
1375 4121 1439 4171 haec

145 4191 201 4241 loca
217 4191 273 4240 loca
285 4191 349 4310 ἔδει
367 4192 393 4239 in
412 4192 552 4257 singularis
571 4192 710 4242 masculina
730 4195 754 4242 iu
781 4194 872 4260 plurali
892 4202 981 4243 neutra
1050 4192 1084 4243 29
1104 4193 1213 4243 dicimus
1229 4207 1286 4241 cum
1305 4192 1437 4241 inuilicum

144 4263 219 4311 nanis
338 4262 421 4310 nentri

211 4431 417 4483 conpunctum
441 4430 525 4498 suunt]
557 4434 613 4483 Ter.
631 4435 744 4484 Eunnclc.
761 4438 829 4497 prol.
848 4435 881 4485 32
958 4437 989 4485 21
1012 4452 1066 4484 mea
1089 4433 1243 4500 Glycerium]
1274 4433 1333 4485 Ter.
1353 4432 1435 4482 Andr.

143 4505 153 4553 l
174 4502 280 4565 t‚107.
304 4503 404 4566 V6,5
472 4503 586 4560 fortasse
608 4502 672 4553 haec
695 4521 761 4554 nunc
784 4506 886 4569 quidem
956 4506 990 4556 22
1008 4515 1067 4567 post
1088 4509 1194 4570 pelagus
1214 4505 1305 4569 vulgus
1323 4518 1354 4551 ea
1372 4518 1437 4567 quae

140 4574 179 4622 ad
195 4572 261 4624 daec
282 4573 406 4623 vocabula
428 4573 585 4636 eaptieanda
606 4575 831 4640 adscripturum
850 4576 1008 4625 exciderunt.
1030 4591 1086 4625 nam
1103 4583 1320 4640 praesequantur
1338 4588 1373 4621 ex
1389 4587 1435 4620 ex-

137 4645 265 4705 pcn'la'cne
282 4647 402 4694 moenem
420 4646 529 4709 quaein
547 4646 671 4708 singulari
689 4661 790 4694 nutriero
810 4647 915 4695 alteriue
932 4648 1034 4710 generis
1052 4654 1076 4697 et
1093 4647 1197 4696 alterius
1213 4648 1238 4695 in
1260 4645 1357 4706 plurali
1379 4650 1437 4690 suut

139 4715 232 4763 relicta
250 4721 309 4763 ml
379 4714 414 4763 29
433 4715 543 4763 dicimus
562 4728 619 4762 cum
636 4716 707 4764 immi
727 4716 808 4765 locum
828 4716 976 4766 Putacdius:
1001 4716 1037 4777 cf.
1057 4718 1166 4778 Pompei.
1183 4732 1210 4779 p.
1231 4716 1278 4765 151
1298 4713 1337 4763 ed.
1357 4713 1433 4763 hlud.
1520 4718 1524 4726 '

137 4782 214 4833 Sen-
229 4786 256 4834 i·
278 4784 359 4847 γαρ.
374 4784 418 4833 llll
436 4784 489 4835 1105
506 4782 603 4834 ctare.
614 4802 641 4850 p.
657 4787 700 4850 71,
718 4786 761 4836 29.
780 4788 822 4847 tri,
844 4787 884 4838 ld,
899 4785 962 4836 Non.
979 4801 1007 4849 ρ.
1025 4788 1083 4838 428.
1102 4788 1152 4837 447
1224 4783 1432 4855 implessemque]

143 4855 225 4919 Vera.
243 4855 310 4904 Aa.
332 4855 376 4902 llll
395 4853 448 4904 605
