3346 5498
769 344 840 404 aits
1387 346 1450 414 383

1251 459 1424 508 peon-rer.

164 536 260 612 ipsam
283 534 523 608 coniugatiouem
545 534 575 591 in
599 533 745 592 secundae
768 551 911 612 personae
934 534 1043 594 litteris
1058 538 1269 599 consistentem
1284 557 1320 597 ex
1335 542 1449 618 primae

163 653 308 715 personae
337 636 423 694 modo
451 641 481 693 et
508 636 622 694 ratione
653 636 789 704 lormari,
814 636 1000 715 quodquam
1025 636 1198 700 brevissime
1220 646 1325 724 potero
1347 644 1450 720 paucis

163 738 327 798 ostendam.
372 739 511 815 quotiens
537 740 539 815 J
564 739 677 815 primae
700 740 918 814 coniugationis
940 738 1069 798 litteram
1092 739 1229 801 habitura
1253 748 1298 801 ost
1320 743 1448 803 secunda

163 859 302 920 persona,
326 841 424 918 prima
445 857 572 917 persona
594 848 661 899 ante
684 859 701 898 o
725 840 856 900 ultimam
879 847 929 900 aut
951 850 1147 901 consonantes
1169 841 1304 912 babebit,
1329 851 1362 903 ut
1383 864 1448 905 amo

136 939 249 1003 scanlo
271 949 302 1001 ιι
323 941 448 1010 similia;
472 948 522 1000 aut
544 960 560 1000 e
583 948 650 1000 ante
673 961 690 1000 o
712 941 850 1009 babebit,
874 950 907 1001 ut
922 943 1020 1002 calceo
1035 942 1162 1012 calceas
1187 963 1297 1004 nauseo
1312 965 1446 1016 nauseas,

162 1052 212 1105 aut
234 1047 258 1112 i,
288 1051 321 1102 ut
347 1044 426 1102 lanio
453 1043 560 1111 lanias,
591 1051 641 1103 aut
662 1063 681 1103 ιι
703 1063 758 1123 pro
786 1046 974 1112 consonanti,
1006 1052 1038 1103 ut
1065 1046 1170 1105 adiuvo
1199 1047 1332 1115 adiuvas,
1357 1056 1407 1109 aut
1430 1068 1447 1108 ιι

162 1166 216 1225 pro
238 1145 344 1213 vocali,
370 1151 402 1204 ut
424 1162 515 1203 vacuo
537 1164 657 1213 vacuas,
681 1146 791 1206 lluctuo
813 1146 952 1214 lluctuas,
975 1148 1062 1206 sinuo
1085 1150 1195 1208 sinuas.
1240 1152 1378 1227 quotiens
1400 1171 1446 1211 se·
1520 1186 1525 1192 ·

162 1249 275 1308 cimdae
303 1248 521 1323 coniugationis
547 1246 685 1307 habitura
713 1255 758 1307 est
787 1247 916 1345 litteram
944 1242 1072 1309 secunda
1095 1268 1235 1329 persona,
1260 1254 1355 1330 prima
1377 1271 1446 1331 per·

162 1371 232 1411 sona
255 1370 271 1409 e
295 1357 361 1410 ante
384 1368 402 1407 o
424 1349 556 1409 ultimam
578 1348 714 1419 babebit,
739 1357 771 1410 ut
793 1349 878 1409 video
899 1368 1015 1410 moneo.
1060 1353 1090 1410 in
1114 1352 1168 1411 bac
1191 1353 1319 1420 secunda
1342 1358 1445 1415 coniu-

126 1456 280 1531 rogatione
303 1452 359 1511 boc
381 1470 489 1511 novum
511 1459 571 1521 est,
595 1453 672 1531 quod
697 1455 727 1513 in
750 1454 912 1531 praeterito
940 1453 1074 1531 perlecto
1102 1459 1132 1511 ct
1158 1453 1446 1534 plusquamperfecto

160 1555 305 1635 quaedam
328 1554 416 1614 verba
438 1555 565 1614 formam
587 1553 707 1632 regulae
729 1573 788 1615 non
811 1562 942 1625 serrant,
966 1556 1018 1615 sed
1040 1556 1138 1634 potius
1160 1557 1372 1617 consuetudine
1395 1558 1445 1618 de·

161 1659 319 1718 clinantur.
365 1657 515 1716 interdum
543 1659 622 1716 enim
651 1659 776 1717 lormam
806 1657 948 1717 exhibent
975 1658 1173 1736 passivorum,
1197 1657 1288 1717 utab
1311 1661 1446 1739 eoquod

161 1768 205 1819 est
239 1758 352 1836 gaudeo
385 1761 502 1835 gavisus
535 1776 615 1826 sum,
645 1760 784 1820 similiter
811 1768 840 1819 et
867 1764 985 1838 gauisus
1013 1778 1109 1829 eram,
1138 1778 1204 1819 cum
1232 1760 1329 1840 aliqua
1356 1763 1446 1824 multa

161 1869 316 1941 praeterea
344 1860 433 1920 rerba
463 1863 548 1920 istius
576 1863 794 1938 coniugationis
820 1863 946 1923 sormam
968 1862 1087 1939 regulae
1111 1880 1181 1921 suae
1204 1863 1385 1934 custodiant,
1415 1873 1447 1924 ut

124 1981 149 2019 rs
162 1964 249 2024 sedeo
272 1963 350 2029 sedi,
375 1982 480 2023 moneo
504 1965 615 2023 ιιιιιιιιιι.
660 1965 799 2042 quotiens
825 1981 896 2023 vero
925 1966 1030 2024 tertIae
1053 1966 1270 2040 coniugationis
1292 1973 1446 2045 correptae

160 2068 289 2127 litteram
312 2065 482 2124 exhibitura
510 2074 556 2124 est
578 2064 706 2124 secunda
728 2083 870 2143 persona,
903 2074 972 2125 tuno
1000 2068 1113 2144 primae
1136 2084 1280 2143 personae
1303 2087 1320 2125 o
1344 2068 1446 2128 ultima

160 2169 258 2227 littera
286 2175 337 2227 aut
366 2188 382 2225 a
410 2165 641 2226 consonantibus
668 2167 879 2244 praecedetnr,
910 2174 942 2226 ιιι
963 2167 1029 2243 lego
1051 2166 1140 2243 legis,
1164 2176 1233 2245 pcto
1255 2171 1333 2246 petis
1354 2177 1384 2228 et
1406 2173 1445 2229 si-

159 2271 256 2337 milia,
287 2277 337 2328 aul
365 2268 401 2328 ab
431 2271 441 2328 i
469 2269 513 2328 rel
542 2287 560 2327 u
590 2267 753 2336 vocalibus,
783 2276 816 2328 ut
845 2272 930 2348 rapio
952 2270 1045 2346 rapis,
1070 2269 1162 2329 induo
1185 2269 1292 2329 induis
1338 2272 1367 2330 in
1391 2271 1446 2330 bac

159 2373 367 2448 coniugatione
390 2370 461 2430 illud
484 2389 591 2429 novum
614 2373 728 2439 evenit,
753 2371 829 2449 quod
853 2370 997 2449 quaedam
1024 2369 1114 2430 rerba
1135 2373 1167 2430 in
1190 2371 1284 2431 lorma
1312 2372 1445 2450 perlecta

121 2472 321 2532 sesecundum
355 2473 600 2531 consuetudinem
633 2475 733 2551 potins
765 2490 853 2550 quam
887 2473 1050 2532 seeundum
1082 2473 1216 2550 regulam
1249 2473 1444 2534 declinantur.

160 2596 225 2635 riam
249 2594 315 2634 curn
337 2574 404 2650 lego
426 2592 498 2651 rego
520 2581 549 2633 ιι
572 2593 671 2652 pungo
694 2592 830 2652 expungo
855 2574 963 2634 similia
987 2577 1060 2643 sint,
1085 2575 1172 2635 aliter
1195 2584 1282 2654 atque
1306 2576 1392 2636 aliter
1414 2578 1445 2635 in

159 2679 328 2756 praeteritis
356 2675 541 2753 temporibus
568 2677 748 2737 elleruntur:
787 2678 901 2736 lanciunt
928 2678 1007 2735 enim
1036 2677 1096 2754 legi>
1124 2676 1268 2754 legeram,
1292 2680 1355 2737 rexi
1378 2696 1444 2736 ren-

159 2788 253 2847 eram,
284 2780 394 2856 pupugi
424 2779 783 2858 pupugeram,'cxpuuxi
817 2797 1026 2856 expunxeram.
1071 2780 1209 2857 quotiens
1236 2798 1306 2837 vero
1338 2782 1444 2839 tertiae

158 2882 377 2958 coniugationis
400 2880 559 2957 productae
582 2881 681 2940 littera
704 2883 801 2941 lutura
824 2883 916 2940 estin
939 2879 1067 2939 secunda
1089 2898 1231 2958 persona,
1257 2890 1326 2942 tuno
1348 2885 1442 2961 prima

120 3001 283 3063 espersona
307 2988 374 3041 ante
398 3002 415 3040 o
444 2981 575 3042 ultimam
604 2990 692 3042 aute
721 2980 858 3050 babebit,
882 2990 914 3042 ut
936 2982 1009 3041 adeo
1031 2982 1159 3059 prodeo,
1184 2992 1232 3041 aut
1254 2986 1279 3051 i,
1304 2991 1336 3043 ut
1357 2984 1444 3044 audio

158 3087 267 3145 nutrio.
312 3086 343 3142 in
372 3084 427 3143 hac
455 3086 663 3160 coniugatione
692 3087 749 3144 tria
772 3102 845 3143 nora
869 3091 950 3143 sunt:
980 3101 1085 3152 unum,
1110 3085 1276 3162 quodcum
1299 3089 1443 3164 praeteri·

159 3196 219 3247 tum
247 3184 413 3264 perlectum
442 3185 555 3244 adiecta
583 3187 618 3244 ad
648 3188 854 3264 imperativum
887 3187 914 3243 vi
950 3184 1060 3264 syllaba
1088 3186 1191 3253 laelat,
1222 3194 1255 3245 ut
1282 3187 1329 3247 adi
1357 3189 1443 3266 prodi

158 3290 225 3348 audi
256 3290 351 3355 nutri,
383 3286 460 3346 adiri
489 3287 602 3364 prodivi
632 3288 728 3347 audiri
759 3288 884 3355 nutriri,
921 3287 1102 3346 consuetudo
1131 3287 1285 3349 brevitatis
1312 3307 1399 3350 causa
1429 3311 1443 3347 ι·

156 3392 284 3451 litteram
312 3388 413 3447 subtra
426 3388 470 3447 bit
503 3396 533 3446 ιι
561 3392 569 3448 i
598 3390 726 3450 litteram
755 3390 888 3450 ultimam
915 3391 1061 3466 geminat,
1094 3396 1127 3448 ιιι
1154 3391 1213 3451 adii
1241 3392 1337 3470 prodii
1361 3394 1442 3454 audii

119 3507 144 3547 ιο
158 3494 264 3558 nutrii,
289 3509 363 3569 quae
386 3491 484 3550 littera
508 3510 600 3569 aeque
624 3499 653 3550 et
675 3495 705 3552 in
728 3492 1017 3571 plusquamperfecto
1032 3491 1233 3562 subtrabitur,
1257 3503 1290 3554 ut
1312 3495 1442 3556 adieram

157 3594 325 3674 prodieram
355 3593 505 3652 audieram
535 3596 715 3662 nutrieranr;
744 3601 774 3653 et
801 3593 878 3672 quod
906 3593 1080 3672 plerumque
1103 3597 1321 3672 coniugationis
1342 3596 1441 3658 littera

157 3705 304 3763 mutatur,
334 3701 366 3752 ut
388 3694 460 3753 salio
485 3693 605 3774 [desilio
628 3714 685 3755 non
710 3694 804 3775 saluo]
836 3714 894 3755 non
917 3695 1040 3764 saliere,
1069 3695 1120 3755 sed
1144 3697 1258 3756 saluere
1282 3699 1385 3768 iaciat,
1409 3707 1442 3759 ιιι

158 3800 299 3876 Virgilius
332 3798 500 3856 ‘saluere
534 3816 601 3876 por
629 3801 751 3857 utros’
780 3806 810 3856 et
837 3796 1014 3856 ‘desiluit
1041 3797 1214 3858 Turnus’.
1259 3802 1331 3861 item
1364 3801 1440 3881 quod

224 4057 241 4103 2
261 4063 364 4117 potuero
385 4054 417 4103 ,11
467 4053 483 4102 3
499 4054 615 4116 quotiens
625 4081 659 4090 -
671 4052 731 4112 38⁴,
744 4053 777 4103 10
792 4053 882 4102 adeum
900 4052 975 4102 adibo
988 4053 1087 4105 Cboris.
1103 4073 1130 4120 p.
1147 4056 1205 4110 176.
1218 4055 1235 4105 3
1249 4083 1280 4091 -
1289 4074 1316 4122 p.
1337 4057 1393 4110 178,
1407 4057 1441 4108 33

157 4128 235 4176 Dione.
249 4140 277 4186 p.
298 4124 356 4180 31ιὶ,
376 4124 409 4171 30
427 4150 460 4158 —-
476 4141 504 4186 p.
525 4123 584 4180 351,
602 4123 618 4172 3
688 4123 705 4173 6
723 4132 764 4172 eut
780 4139 796 4172 u
816 4138 862 4187 pro
880 4123 960 4173 vocali
980 4155 1013 4164 -
1031 4128 1117 4175 sinuas
1135 4143 1183 4175 oni.
1204 4126 1236 4175 ,11
1252 4124 1391 4176 Sirbordus

157 4193 237 4248 Sesti
260 4195 292 4243 sit
309 4193 369 4243 ML
422 4193 482 4241 iim
501 4208 591 4242 moneo
609 4193 685 4242 uideo
701 4194 726 4242 iu
744 4193 791 4242 bac
805 4207 867 4259 ergo
885 4194 1131 4259 coniugationeBL
1189 4197 1219 4246 11
1237 4193 1297 4261 non]
1321 4196 1441 4245 ueeBL

227 4262 258 4312 13
273 4261 369 4328 aliqua]
391 4264 502 4325 alioquin
523 4262 547 4310 B
564 4261 616 4310 elia
633 4261 770 4314 sectarum
831 4266 862 4315 14
880 4264 1025 4312 custodiunt
1043 4272 1070 4311 ιιι
1085 4265 1163 4313 sedeo
1176 4279 1266 4314 moneo
1281 4265 1336 4314 sedi
1355 4266 1439 4314 monui

158 4334 191 4383 ,11
263 4333 293 4382 16
311 4333 430 4381 hebetum
450 4332 559 4381 secunda
583 4331 615 4379 M
701 4333 732 4383 17
750 4344 793 4381 ιιιιι
812 4334 1008 4383 consonantibus
1028 4332 1090 4383 ML
1177 4333 1209 4385 19
1227 4334 1294 4394 quod
1316 4335 1439 4397 quaedem

157 4412 216 4453 sunt
240 4404 317 4450 uerba
336 4404 360 4450 in
380 4402 461 4449 torma
480 4401 592 4465 perlecta
614 4404 692 4464 (quae
713 4402 774 4454 odd.
797 4406 832 4451 ol.
851 4418 916 4453 mou.
940 4403 976 4462 B)
995 4403 1133 4453 seeundum
1155 4402 1363 4452 consuetudinem
1385 4403 1440 4452 Bb

157 4471 226 4536 quod
244 4472 366 4535 quaedam
387 4473 411 4518 iu
432 4471 508 4519 lorma
526 4471 637 4536 perlecta
655 4473 795 4521 secondum
813 4472 1019 4523 consuetudinem
1038 4475 1078 4522 sui
1091 4473 1124 4522 M
1172 4475 1204 4523 el
1226 4482 1308 4524 elom.
1324 4474 1380 4521 BL

157 4540 218 4607 sint]
237 4553 295 4590 suut
308 4541 367 4590 Bll
420 4540 453 4590 23
475 4544 588 4607 pupuogi
606 4557 781 4608 pupunxeram
801 4541 882 4604 (corr.
898 4543 1084 4607 pupungerem)
1102 4543 1215 4608 expungi
1232 4556 1404 4607 expungerem
1417 4543 1441 4592 b

226 4613 258 4660 ‘rt
279 4612 400 4677 producta
420 4610 486 4666 BL,
506 4615 626 4676 inmurp.
646 4614 707 4662 add.
728 4613 761 4662 ,11
817 4611 986 4664 ideumom.
1006 4610 1040 4658 M
1089 4610 1312 4664 29ubstrebitM
1363 4611 1395 4662 31
1415 4621 1440 4661 ιι

158 4683 223 4743 quod
239 4680 385 4746 plerumque
404 4708 437 4716 —
457 4680 490 4731 33
504 4680 603 4728 Turnus
621 4683 700 4733 Diem.
718 4700 743 4747 p.
763 4679 823 4738 374,
843 4680 938 4731 5-12
991 4681 1068 4747 quod]
1087 4696 1238 4744 quiamquoru
1260 4683 1283 4730 L
1352 4680 1435 4732 32(ιὶ-

158 4750 215 4798 silio
234 4751 305 4801 BL:
321 4750 409 4799 ‹les-ilio
430 4767 477 4800 non
496 4750 568 4798 seluo
586 4765 630 4801 om.
652 4753 685 4802 ,11
736 4752 795 4800 lecit
814 4750 839 4800 B
895 4747 929 4800 33
948 4749 1056 4818 enituere]
1084 4753 1162 4814 Vero.
1178 4765 1265 4814 georg.
1284 4748 1371 4802 11384

158 4821 252 4869 disilu'n
268 4821 343 4869 uu:
367 4822 444 4885 Verp.
465 4822 530 4871 Aen.
547 4818 569 4867 X
588 4821 639 4873 453
708 4824 768 4871 item
785 4820 905 4883 estquod
924 4821 947 4869 L
965 4821 1023 4870 item
1040 4832 1078 4872 est
1097 4836 1161 4885 quae
1177 4820 1200 4870 B
