3346 5498
276 369 340 434 444
710 414 720 434 .
827 370 1010 432 EVTYCHIS

277 557 310 618 in
337 553 495 639 exemplis
521 563 670 619 veterum
700 555 894 640 scriptorum
923 578 944 619 a
970 554 1181 638 grammatico
1210 554 1319 618 citatis
1348 555 1396 618 ita
1426 553 1574 620 adhibiti

277 665 367 737 sunt,
390 666 428 722 ut
449 663 579 742 praeter
600 665 737 741 apertos
751 654 960 721 librariorum
975 678 1101 721 errores
1117 654 1198 720 nihil
1220 656 1306 742 quod
1328 654 1424 720 aliter
1444 657 1480 720 in
1503 653 1573 719 illis

276 767 374 843 atque
396 758 429 820 in
452 757 595 843 antiquis
618 756 746 822 duobus
769 760 926 845 scriptum
956 767 1006 823 est
1027 758 1242 823 omitteretur.
1287 768 1457 843 praeterea
1479 758 1572 842 prin-

276 859 359 944 cipis
381 858 534 924 editionis
558 859 721 946 scriptura
744 860 789 945 (ς)
812 861 925 947 paucis
948 858 1028 926 locis
1051 860 1196 925 indicata
1217 869 1277 923 est.

360 959 415 1024 Ex
445 959 578 1047 reliquis
607 961 766 1047 Eutychis
795 961 904 1044 libris,
932 984 1012 1048 quos
1040 961 1172 1048 quidem
1201 960 1272 1024 vidi
1304 971 1337 1024 et
1367 960 1573 1041 examinavi,

276 1061 418 1126 maxime
447 1062 675 1127 memorabiles
705 1073 781 1128 sunt
807 1063 851 1127 hi.
895 1062 1001 1129 codex
1029 1062 1197 1128 Parisinus
1227 1061 1310 1126 7499
1338 1060 1414 1125 olim
1436 1060 1573 1127 Claudii

277 1164 413 1227 Puteani
436 1185 519 1229 saec.
536 1163 599 1245 XI,
623 1164 646 1228 f.
664 1164 704 1228 72
718 1202 759 1212 --
775 1165 798 1229 f.
814 1165 853 1229 91
877 1154 1026 1246 incipiunt
1046 1171 1182 1245 capitula
1203 1169 1277 1228 libri
1296 1169 1401 1228 euticis
1415 1170 1454 1227 ee
1475 1169 1574 1228 uerbo

276 1264 293 1327 I
315 1270 360 1328 Dc
386 1271 650 1344 coniupationibns
675 1287 836 1345 precorum
864 1277 925 1331 etc.
974 1272 1045 1330 Cum
1072 1288 1189 1346 semper
1210 1271 1398 1345 —explicit
1419 1271 1574 1346 prolapus

261 1369 266 1377 '
272 1368 417 1442 feliciter.
456 1374 564 1448 incipit
585 1373 661 1430 liber
682 1373 700 1431 I
720 1375 824 1432 euticii
843 1374 882 1432 tle
903 1373 995 1432 uerbo
1016 1379 1045 1432 et
1066 1374 1104 1431 de
1125 1373 1387 1446 coniunctionibus
1405 1388 1573 1446 preccrum

275 1481 305 1533 et
327 1475 365 1532 de
387 1474 580 1533 dissimilibus
601 1490 640 1532 nc
653 1475 796 1534 similibus
810 1476 924 1550 repulia
938 1491 1039 1534 eorum
1056 1491 1093 1533 ne
1107 1475 1268 1533 latinorum
1289 1481 1318 1533 et
1340 1476 1379 1533 de
1398 1475 1574 1548 capnitione

276 1577 521 1649 coniupationum
543 1592 584 1635 ex
599 1577 702 1650 prime
718 1592 853 1650 persona
875 1583 904 1636 et
925 1577 963 1635 de
985 1578 1134 1636 anomalis
1155 1577 1263 1635 uerbis.
1298 1575 1371 1634 Tres
1391 1576 1513 1650 quidem
1532 1608 1569 1617 —

277 1677 423 1735 uindicat.
467 1672 502 1734 in
529 1672 638 1757 priore
665 1671 749 1738 libro
778 1672 880 1737 multa
909 1671 1030 1737 scholia
1058 1673 1091 1736 in
1119 1672 1264 1756 margine
1292 1671 1458 1757 adscripta
1480 1679 1570 1735 sunt.

277 1794 320 1836 ex
343 1773 403 1837 hoc
425 1772 537 1837 codice
560 1773 717 1858 capitula,
741 1797 824 1860 quae
847 1776 881 1838 in
903 1773 1016 1841 codice
1030 1775 1180 1838 Parisino
1202 1774 1284 1838 7498
1308 1796 1436 1860 quoque
1459 1795 1572 1837 nume

277 1874 322 1938 ris
345 1875 379 1937 in
407 1874 609 1959 marginibus
632 1875 805 1961 adscriptis
820 1873 965 1941 indicata
979 1886 1072 1959 sunt,
1095 1877 1129 1938 in
1151 1875 1215 1938 fine
1237 1874 1311 1941 libri
1334 1874 1433 1939 edidi.
1463 1874 1572 1939 codex

278 1976 445 2040 Parisinus
469 1976 575 2063 suppl.
600 1977 642 2041 69
664 1998 748 2041 saec.
772 1977 823 2041 XI
846 1977 870 2042 f.
892 1979 952 2042 39*
969 2017 1004 2026 -
1024 1979 1048 2043 f.
1071 1977 1112 2042 72
1139 1983 1247 2056 incipit
1267 2000 1320 2041 urs
1341 1983 1446 2041 euticii
1463 1998 1571 2056 prum-

279 2084 391 2142 mutiei.
440 2083 511 2143 Cum
534 2099 650 2158 semper
671 2117 713 2125 —-
734 2085 871 2145 uindicat
890 2085 956 2144 sibi.
994 2079 1099 2144 codex
1121 2078 1371 2162 Bambcrgensis
1394 2078 1441 2142 M.
1462 2077 1507 2142 V.
1532 2079 1573 2142 18

280 2201 365 2245 saec.
389 2179 422 2243 X
445 2180 470 2244 f.
486 2181 611 2245 71-85
634 2187 742 2260 incipit
762 2203 816 2247 ers
836 2189 941 2246 euticii
960 2189 998 2246 (le
1019 2187 1120 2247 uerbo.
1147 2186 1218 2245 Cum
1233 2202 1348 2260 semper
1363 2218 1405 2228 -—
1419 2186 1572 2245 uindicat.

278 2287 405 2363 explicit
428 2303 481 2345 urs
502 2289 606 2347 emisi
625 2289 664 2346 (le
685 2288 787 2347 uerba
832 2283 937 2348 codex
958 2283 1163 2347 Monacensis
1185 2283 1267 2347 6411
1291 2283 1375 2347 Fris.
1397 2281 1459 2344 211
1483 2303 1573 2346 saec.

282 2383 333 2447 XI
355 2382 408 2448 vel
431 2383 464 2446 X
487 2381 510 2447 f.
542 2384 657 2447 1-28
679 2390 730 2463 epi
751 2385 795 2470 (i)
816 2406 958 2463 prummu
974 2434 982 2449 .
999 2434 1034 2450 ..
1058 2391 1166 2449 euticii.
1203 2390 1274 2449 Cum
1295 2405 1412 2465 semper
1432 2421 1475 2430 —-
1498 2405 1573 2448 uen-

280 2491 373 2550 dicut.
418 2484 521 2549 codex
549 2486 755 2550 Monacensis
784 2486 866 2552 6417
894 2480 978 2550 Fris.
1001 2487 1063 2550 217
1092 2508 1176 2551 saec.
1205 2486 1275 2550 XII
1303 2487 1327 2549 f.
1353 2486 1469 2550 1-30
1497 2491 1572 2550 Cum

279 2608 395 2667 semper
413 2608 528 2651 -esse
548 2600 752 2655 monstratum.
783 2594 853 2664 finit
873 2595 978 2653 euticis
998 2594 1049 2652 lib.
1066 2593 1105 2652 II
1123 2594 1161 2651 de
1181 2591 1440 2665 coniuputionibus
1461 2593 1573 2651 ‹lister-

281 2695 397 2754 nendis.
443 2688 547 2752 codex
569 2689 739 2754 Leidensis
761 2688 858 2755 Voss.
883 2691 934 2753 41.
957 2689 977 2752 8
1005 2710 1088 2753 saec.
1113 2690 1147 2753 X
1174 2689 1198 2752 f.
1224 2690 1240 2752 1
1264 2713 1335 2777 sqq.
1364 2694 1472 2768 incipit
1493 2693 1574 2752 liber

280 2798 356 2856 eutie
373 2841 380 2854 .
399 2840 405 2854 .
426 2797 623 2868 prammutici
643 2796 681 2854 de
702 2796 804 2855 uerbo.
834 2795 905 2855 Cum
927 2812 1044 2871 semper
1066 2829 1106 2839 —
1129 2813 1192 2855 esse
1212 2801 1418 2855 monstratum.
1441 2796 1574 2870 explicit

279 2900 356 2958 liber
383 2899 496 2957 euticis.
541 2904 712 2979 praeterea
738 2893 924 2976 fragmenta
951 2915 1016 2956 non
1042 2892 1132 2957 nulla
1157 2893 1326 2979 utriusque
1348 2891 1424 2958 libri
1446 2893 1574 2978 scripta

281 3004 359 3060 sunt
379 2996 414 3059 in
435 2993 486 3058 his
509 2994 690 3075 codicibus,
713 2994 747 3057 in
763 2993 1034 3078 sangermanensi
1059 2995 1139 3058 1188
1161 3017 1247 3059 saec.
1264 2995 1315 3059 IX
1338 2994 1398 3058 hac
1420 2995 1573 3058 subiecta

281 3096 537 3182 subscriptione,
565 3102 692 3177 explicit
719 3118 772 3160 urs
797 3103 901 3161 euticii
927 3095 966 3161 de
988 3097 1106 3178 verbo,
1135 3097 1169 3160 in
1197 3096 1485 3183 Montepessulano
1507 3096 1572 3160 358

282 3220 365 3262 saec.
388 3197 438 3279 X,
468 3204 575 3278 incipit
601 3220 655 3261 urs
675 3205 778 3263 euticii
797 3204 835 3262 de
856 3205 960 3276 uerbo,
982 3200 1016 3263 in
1039 3196 1243 3283 Sangallensi
1265 3198 1328 3262 822
1350 3220 1433 3262 saec.
1456 3197 1508 3279 X,
1535 3199 1572 3261 in

281 3322 344 3386 quo
366 3299 469 3385 priori
490 3297 574 3364 libro
597 3300 785 3387 subscripta
806 3311 882 3365 sunt
901 3302 999 3383 baec,
1020 3306 1146 3381 explicit
1161 3307 1281 3378 primns
1301 3305 1377 3364 liber
1398 3305 1506 3378 incipit
1527 3321 1572 3362 se·

281 3408 398 3467 enudus
419 3407 525 3466 enticis
544 3409 742 3479 prummutici
761 3410 799 3467 (le
820 3408 1027 3467 discernendis
1048 3407 1317 3480 coniupntionibns.

366 3502 494 3568 Nomen
507 3504 712 3588 grammatici
727 3515 760 3571 et
781 3491 817 3568 in
837 3504 1022 3584 codicibus,
1038 3525 1175 3589 quorum
1190 3503 1416 3588 inscriptiones
1439 3513 1473 3569 et
1495 3502 1570 3568 snb-

282 3605 473 3691 scriptIones
497 3607 744 3692 suprapositae
766 3617 854 3687 sunt,
883 3616 916 3670 et
937 3628 957 3669 a
983 3605 1218 3670 recentioribus
1245 3603 1483 3689 grammaticis,
1513 3607 1571 3691 qui

281 3706 350 3770 eius
371 3704 465 3771 libris
488 3708 539 3771 usi
562 3719 654 3790 sunt,
683 3708 814 3773 diverso
842 3707 939 3771 modo
968 3707 1123 3792 scriptum
1153 3716 1213 3770 est.
1258 3709 1291 3770 in
1314 3707 1460 3793 plurimis
1483 3707 1571 3771 enim

281 3808 373 3874 libris
396 3806 517 3892 legitur
538 3814 660 3891 Enticii,
683 3813 716 3873 in
739 3809 812 3872 aliis
835 3814 959 3873 Eulicis.
1003 3806 1089 3872 unde
1116 3807 1262 3894 plerique
1289 3808 1456 3873 Euticium
1479 3806 1571 3872 dixe

281 3918 377 3992 runt,
400 3931 466 3996 qua
487 3910 593 3975 forma
614 3912 665 3974 usi
687 3920 764 3974 sunt
785 3907 944 3973 Alcuinus
966 3911 1000 3972 in
1028 3910 1178 3975 versibus
1201 3908 1242 3972 de
1264 3909 1462 3976 bibliotheca
1482 3909 1572 3975 Ebo-

281 4011 408 4075 raeensi
431 4011 512 4095 (vol.
536 4011 553 4074 Ι
574 4011 677 4098 praef.
702 4033 734 4096 p.
757 4009 898 4093 XXIII,
922 4009 987 4076 vol.
1012 4010 1046 4075 II
1068 4011 1171 4098 praef.
1195 4035 1228 4098 p.
1250 4011 1336 4097 IX),
1364 4016 1487 4076 Seruius
1509 4016 1571 4076 Eu·

281 4119 369 4177 lt'cins
383 4118 541 4194 Pompeius
556 4117 790 4191 Comminienus,
815 4122 848 4176 et
863 4110 1014 4177 Clemens
1029 4114 1062 4177 in
1078 4115 1240 4198 excerptis
1264 4113 1385 4178 codicis
1400 4113 1571 4178 Leidensis

281 4214 377 4278 Voss.
391 4214 480 4278 33.4
501 4215 525 4278 f.
543 4215 633 4296 161*,
656 4219 712 4278 sed
732 4219 841 4278 uticins
863 4215 959 4299 (corr.
982 4216 1122 4302 euticius)
1146 4221 1220 4280 dicit
1242 4222 1324 4294 quod
1340 4219 1434 4292 seruo
1455 4222 1487 4279 in
1509 4226 1571 4279 ter·

281 4322 325 4380 tin
352 4323 565 4394 coniuputione
591 4327 620 4380 et
641 4319 751 4392 serueo
778 4322 808 4380 in
836 4323 985 4399 secunda,
1014 4324 1057 4381 itu
1086 4324 1236 4396 inquiens,
1267 4339 1284 4380 c
1310 4331 1409 4381 nutem
1430 4324 1572 4382 carentia

280 4424 389 4482 tertiae
408 4430 478 4482 sunt
498 4423 729 4496 coniupaliom's,
752 4428 786 4482 nt
803 4421 914 4494 ferneo
931 4423 1040 4496 fernes
1061 4428 1089 4482 et
1107 4422 1198 4494 seruo
1217 4423 1332 4500 seruis,
1355 4424 1435 4484 uncle
1455 4432 1485 4484 et
1507 4427 1571 4486 uir·

279 4527 372 4599 pilius
393 4527 423 4585 in
452 4531 560 4584 octauo
586 4523 664 4583 libro
687 4522 814 4595 feruem
840 4527 979 4586 leucaten
1006 4526 1089 4585 dicit.
1134 4520 1190 4584 alii
1218 4544 1259 4585 ex
1281 4522 1432 4605 genetivo
1457 4527 1573 4587 Eulicis

280 4622 519 4686 nominativum
546 4619 712 4684 finxerunt
739 4626 858 4705 Eutex,
887 4645 982 4709 quem
1009 4644 1074 4685 una
1101 4643 1174 4686 cum
1202 4624 1369 4708 superiore
1391 4635 1574 4710 posuerunt

282 4709 485 4807 grammatici
518 4720 573 4808 qui
606 4721 724 4807 ineptis
757 4725 962 4809 etymologiis
996 4747 1112 4788 nomen
1140 4725 1346 4811 interpretari
1375 4726 1575 4791 studuerunt

283 4823 316 4888 in
338 4824 450 4890 codice
472 4824 621 4887 Parisino
646 4824 728 4887 7499
750 4835 782 4889 et
803 4828 837 4890 in
859 4826 971 4891 codice
987 4827 1233 4910 Bambcrgensi.
1264 4849 1339 4890 nam
1362 4827 1396 4891 in
1418 4827 1573 4896 ParIsino
