3346 5498
241 331 281 396 78
798 331 972 394 CbEllONll

265 438 426 495 pronaeae

238 519 281 580 les
310 539 364 581 nec
392 519 515 589 locales,
545 539 581 580 ex
608 538 695 581 sensu
724 518 917 598 colliguntur,
948 519 953 602 l
984 538 1020 579 ex
1047 521 1141 599 spatio
1169 528 1220 580 aut
1242 537 1278 580 ex
1299 521 1366 599 ipso
1388 518 1463 580 loco,
1492 553 1528 563 -

121 623 559 701 391,11Praepositi0nes:
589 622 625 683 ad
653 623 834 702 praepositio
862 631 979 684 acutum
1008 621 1111 691 habet;
1139 630 1232 682 mutat
1254 631 1406 682 accentum
1429 623 1529 684 iuncta

240 733 269 785 et
290 723 473 804 loquellaris,
497 731 531 784 ut
552 723 665 802 adegit,
689 730 719 784 et
740 723 902 802 penultima
925 722 1014 783 habet
1036 731 1200 784 accentum.
1245 742 1329 803 prae,
1353 725 1529 803 praevertit:

238 844 310 905 prae
333 825 422 886 habet
443 825 674 886 circumflexum.
712 827 751 886 ita
779 833 809 885 et
830 845 847 886 o
871 824 1094 886 circumflexum
1117 825 1220 894 habet,
1244 827 1347 886 omitto
1369 827 1400 886 in
1422 824 1528 903 penul·

215 929 307 988 .tima
342 935 477 995 acutum;
512 926 653 988 Horatius
686 934 784 987 tamen
814 947 831 987 o
860 926 978 988 brevem
1007 928 1121 1006 posuit,
1155 928 1195 987 ait
1223 930 1366 988 ‘certus
1398 929 1556 988 omittes

239 1031 364 1090 tuori’.
410 1028 462 1090 sed
491 1029 548 1089 hoc
575 1031 662 1090 metri
689 1029 782 1106 gratia
809 1030 993 1108 praesumsit.
1022 1063 1064 1108 .-
1091 1029 1298 1090 Acuuntur:
1327 1035 1431 1090 acutae
1459 1037 1530 1090 sunt

238 1149 294 1191 con
317 1130 346 1191 di
369 1131 424 1192 dis.
472 1133 529 1191 vim
551 1149 634 1192 suam
657 1139 755 1192 autem
779 1137 995 1191 commutantes
1016 1141 1085 1192 sunt
1106 1149 1225 1209 graves,
1256 1133 1280 1189 si
1303 1129 1435 1191 dicamus
1457 1149 1529 1191 con·

238 1232 328 1293 duco:
352 1233 390 1293 du
414 1235 492 1301 enirn
514 1250 593 1293 nunc
614 1232 798 1311 producitur.
839 1239 1072 1311 corrumpuntur
1093 1239 1192 1292 autem
1213 1234 1269 1301 ita,
1298 1233 1435 1293 conficio:
1461 1251 1528 1293 cor·

160 1380 167 1391 ,
238 1337 317 1415 rupit
340 1333 480 1403 verbum;
505 1352 572 1395 nam
597 1343 660 1395 erat
681 1336 830 1412 integrum
853 1333 928 1393 facio
953 1331 1077 1412 [suffero
1100 1335 1230 1414 suscipio
1252 1331 1417 1414 subcapio].
1456 1352 1529 1394 sane

237 1437 316 1496 iuxta
344 1435 583 1516 orthographiam
612 1436 704 1496 allero
731 1435 886 1510 scribitur,
917 1453 975 1496 non
998 1435 1109 1496 adiero.
1155 1454 1222 1496 nam
1245 1444 1273 1496 et
1297 1437 1426 1513 suscipio
1447 1435 1527 1515 quod
1543 1454 1567 1493 ro

238 1537 362 1598 dicimus
394 1539 544 1615 integrum
576 1545 640 1598 erat
668 1536 672 1619 Ι
703 1537 854 1617 subcapio.
891 1570 926 1580 —
962 1538 1031 1598 but
1064 1535 1257 1618 loquellis:
1292 1538 1529 1616 praepositiones

237 1637 413 1718 loquellar'es
442 1646 576 1699 naturam
604 1658 687 1700 suam
710 1658 768 1700 non
791 1646 923 1707 servant,
953 1637 1111 1718 aliquando
1134 1639 1238 1717 longae
1260 1647 1345 1708 suut,
1369 1637 1528 1719 aliquando

148 1740 150 1744 ”
195 1741 345 1802 rtbreves.
370 1774 411 1785 -
432 1743 584 1820 Antiqui
606 1743 929 1821 praepositiones:
949 1732 1069 1821 'antiqui
1097 1740 1163 1801 idco
1186 1740 1340 1801 mutabant
1361 1742 1418 1800 vim
1440 1760 1528 1821 prae·

237 1844 431 1922 positionum,
461 1851 494 1903 ut
522 1841 702 1904 elocutiones
729 1850 947 1922 conponerent,
976 1851 1008 1902 ut
1037 1847 1217 1903 ‘crurum
1234 1850 1343 1903 tenus
1365 1861 1380 1903 a
1405 1853 1528 1904 mento

194 1944 404 2024 ropalearia
428 1944 600 2024 pendent.
626 1981 659 1990 -
686 1946 830 2006 Circum
852 1945 1052 2022 utriusque
1075 1962 1198 2004 casus:
1223 1945 1310 2004 etiam
1332 1954 1451 2024 practer
1474 1964 1526 2007 an·
1541 1962 1565 2000 15

236 2047 310 2126 tiqui
333 2048 486 2126 utriusque
509 2065 594 2108 casus
616 2045 804 2127 appellabant
826 2047 1086 2125 praepositionem.
1131 2044 1199 2106 inde
1222 2045 1377 2106 Sallustius
1399 2047 1528 2126 ‘prae-

236 2157 292 2209 ter
320 2167 444 2209 rerum
473 2148 690 2228 capitalium
718 2147 1001 2208 condemnatis'.
1047 2154 1077 2208 et
1103 2154 1221 2225 praeter
1242 2149 1299 2206 vim
1329 2147 1405 2208 hanc
1427 2148 1527 2220 habet,

236 2257 269 2310 ut
290 2249 415 2311 ablativo
438 2253 589 2328 iungatur,
614 2251 681 2329 quia
705 2251 748 2310 sic
770 2246 970 2328 intellegimus
985 2257 1104 2327 praeter
1125 2266 1181 2327 pro
1202 2250 1280 2317 sine,
1304 2268 1362 2328 quo
1386 2249 1474 2310 modo
1496 2253 1527 2311 in

190 2365 291 2430 ‘cupro
314 2360 425 2412 contra.
460 2386 494 2395 -
526 2352 562 2412 Si
589 2350 737 2431 quando
765 2349 850 2410 illas
873 2369 943 2410 non
972 2348 1223 2429 subsequatur
1246 2368 1366 2412 casus:
1390 2355 1527 2431 quotiens

236 2454 486 2532 praepositionem
515 2455 649 2531 sequitur
671 2450 809 2521 veritum,
839 2470 960 2513 necesse
989 2459 1035 2513 est
1058 2449 1070 2533 ll
1095 2461 1127 2511 ut
1148 2449 1196 2511 illa
1219 2453 1399 2538 praepositio
1422 2455 1451 2514 in
1475 2454 1526 2515 ad·
1540 2460 1585 2509 ao'

236 2553 369 2615 verbium
394 2563 539 2622 transeat.
569 2561 691 2634 utputa
715 2557 798 2614 ‘ante
821 2555 919 2622 iacit',
949 2556 1089 2632 ‘propter
1111 2552 1220 2620 sedet'‚
1246 2555 1332 2614 ‘ante
1354 2557 1460 2616 venit’.
1488 2591 1524 2600 -

194 2656 541 2735 19Praepusitiones
570 2656 574 2739 Ι
606 2659 792 2735 separatis
827 2653 1178 2735 praepositionibus
1206 2673 1274 2714 non
1308 2656 1526 2719 cohaerent:

191 2772 222 2820 21
236 2766 268 2818 ut
297 2758 373 2837 apud
404 2775 475 2837 prae
503 2758 589 2818 simul
617 2759 699 2835 iungi
729 2775 788 2817 non
816 2764 946 2836 possunt.
973 2789 1007 2798 -
1039 2755 1081 2815 Et
1102 2756 1261 2833 liguram
1285 2765 1320 2817 et
1343 2757 1526 2819 ordinem:

236 2859 309 2922 ordo
332 2859 439 2920 accidit
460 2859 681 2938 praepositioni,
704 2869 736 2920 ut
750 2861 886 2929 sciamus,
910 2856 1027 2937 quando
1043 2865 1250 2936 praeponatur,
1267 2858 1319 2918 sed
1342 2859 1399 2921 hoc
1422 2880 1527 2941 super·

191 2961 326 3025 tassuum
351 2969 404 3023 est.
451 2959 522 3021 nibil
551 2962 630 3020 enim
657 2960 765 3021 accidit
790 2961 1019 3040 praepositioni,
1047 2960 1102 3020 nisi
1124 2958 1205 3019 solus
1227 2978 1323 3020 casus.
1357 2995 1398 3006 -
1430 2962 1564 3043 'snt-n

235 3064 438 3133 iunctivae,
462 3070 500 3122 ut
523 3072 644 3123 tenus:
668 3072 844 3123 uterorum
868 3069 964 3122 tenus.
994 3063 1034 3121 ita
1051 3071 1080 3121 et
1095 3061 1172 3139 pube
1197 3070 1299 3130 tenus,
1316 3070 1383 3123 ante
1405 3064 1525 3143 pubem,

236 3174 265 3225 et
292 3166 335 3224 sic
362 3172 457 3225 tenus.
503 3163 678 3226 subiunctae
705 3166 894 3225 inveniuntur
922 3163 1157 3244 praepositiones
1183 3182 1238 3242 per
1266 3166 1410 3242 poeticam
1434 3164 1526 3227 licen·

236 3268 314 3327 tiam.
344 3299 387 3311 —
414 3265 482 3326 Sed
512 3266 603 3326 haec
632 3285 711 3327 nos:
743 3285 817 3346 quae
847 3283 905 3325 non
934 3274 1003 3326 sunt
1025 3271 1105 3325 recta
1128 3266 1242 3325 ratione
1264 3267 1428 3345 conposita,
1453 3286 1537 3346 quae

236 3387 294 3429 non
317 3371 461 3429 rationem
484 3387 566 3429 suam
588 3378 740 3430 secuntur.

696 3539 744 3600 DE
766 3537 1057 3600 lNTElllECTIONE
1538 3569 1563 3609 ω

190 3658 223 3737 au
320 3673 544 3735 interiectio
573 3683 629 3734 est
662 3692 747 3754 pars
779 3677 964 3735 orationis
996 3675 1198 3735 interiecta
1231 3673 1317 3734 aliis
1351 3676 1525 3754 partibus

236 3776 419 3834 orationis
447 3775 489 3834 ad
520 3777 783 3853 exprimendos
812 3779 925 3837 animi
953 3778 1129 3843 allectum
1158 3782 1221 3836 aut
1248 3779 1464 3845 metuentis,
1489 3789 1525 3839 ut

236 3877 281 3949 ei,
312 3885 373 3935 arat
403 3867 585 3956 optantis,
617 3874 621 3956 Ι
646 3884 682 3937 ut
710 3896 742 3945 o;
772 3885 833 3938 aut
854 3877 1033 3946 dolentis,
1057 3886 1094 3938 ut
1116 3895 1169 3936 eu:
1195 3898 1212 3936 0
1236 3877 1341 3939 multas
1364 3878 1525 3958 particulas

304 4115 364 4167 Cori.
385 4114 464 4164 Bere.
485 4113 730 4166 xilla-xiva.
819 4116 980 4166 2adcentum
1051 4114 1219 4165 badreutum
1292 4120 1414 4167 baculus
1429 4121 1524 4168 oratius

303 4184 320 4234 u
336 4186 461 4250 integrum
481 4185 576 4234 sulloro
592 4186 705 4248 suseipto
723 4185 826 4248 (ieorr.
845 4188 880 4235 ol.
900 4203 963 4235 anun.
984 4184 1078 4248 -eipiot
1101 4187 1223 4248 subrapiu
1297 4187 1328 4237 10
1347 4187 1523 4253 hortogruharn

304 4254 403 4320 adium]
424 4255 502 4303 affero
581 4253 613 4305 lt
631 4255 719 4304 breves
735 4271 780 4305 om.
854 4257 884 4307 14
906 4262 1095 4305 ernramtenns
1156 4257 1213 4306 *itt
1233 4254 1470 4322 iude]i.deeora.
1490 4263 1524 4309 nl.

234 4325 381 4377 ararnidem
439 4323 559 4374 libabat
578 4325 687 4374 athauuo
706 4327 843 4390 iungantur
896 4325 928 4376 19
947 4322 1014 4388 illas]
1035 4326 1078 4375 illa
1128 4327 1159 4377 21
1182 4329 1361 4392 proptersede
1413 4330 1523 4395 23aput

285 4397 318 4445 at
332 4396 487 4460 praepositio
504 4396 553 4443 nisi
606 4395 844 4445 alterumalteum
898 4396 962 4460 pnde
982 4405 1055 4446 tenus
1073 4404 1130 4445 unte
1150 4397 1215 4462 pube
1267 4396 1301 4447 32
1320 4399 1524 4462 expmemendos

284 4466 318 4518 33
335 4475 378 4514 aut
393 4465 505 4529 optantis
524 4474 550 4514 ut
569 4480 583 4514 o
601 4477 644 4516 ant
663 4466 771 4515 dolentis
790 4475 816 4514 ut
835 4481 865 4513 eu
883 4475 925 4514 aut
944 4467 1055 4530 optantis
1077 4476 1103 4514 ut
1120 4482 1149 4517 o.
1168 4465 1282 4515 Omnltas

303 4692 319 4740 5
338 4687 464 4754 lloratiuo]
485 4691 556 4753 epist.
577 4691 585 4737 l
603 4689 642 4751 18,
662 4689 695 4739 79
713 4691 833 4753 deeeptus
848 4691 933 4737 omitte
951 4691 1029 4737 tueri=
1047 4690 1081 4750 rs.
1100 4691 1209 4751 Panopra'.
1222 4705 1250 4751 p.
1271 4689 1322 4739 410
1334 4691 1374 4742 ed.
1397 4691 1470 4740 Lind.

237 4756 396 4827 laesurum]
419 4759 705 4826 Verp.peorp‚lllbll
776 4761 809 4810 1ss
827 4758 971 4826 Sallustius]
995 4760 1067 4811 Cutil.
1088 4759 1172 4822 3tt,2
1226 4760 1257 4809 17
1277 4758 1352 4809 hahet
1370 4762 1391 4812 si
1411 4761 1523 4811 oblatiuo

235 4832 354 4898 iungatur
369 4831 501 4883 Potachiua
530 4903 533 4909 ι
