3346 5498
717 391 787 453 ARS
1355 386 1393 453 13

1196 511 1218 551 p.
1232 497 1334 540 rust-td
1346 497 1370 538 P.

100 580 282 662 proconsule
305 581 410 641 reuio’
433 578 478 640 vel
502 584 641 639 ‘carruca
670 584 713 638 est
741 569 949 657 pro'cousulc’:
980 586 1127 639 sectantes
1149 576 1395 639 chartulariorum

101 679 344 765 {aliquantorum
360 677 373 764 ΙΙ
388 683 557 760 inperitiam
575 679 716 740 deserunt
737 658 972 741 doctissimorum
995 687 1126 741 veterum
1149 681 1179 739 in
1203 687 1266 740 arte
1288 687 1395 740 tracta

103 793 163 851 tus;
193 786 307 863 quippe
336 802 404 843 cum
432 784 510 843 iuter
537 780 731 842 chartularios
755 780 1010 859 eloquentissimos
1032 782 1163 861 reperias
1186 780 1327 860 quosdam
1350 780 1396 842 rel

103 905 212 966 paucos
234 885 383 946 indoctos.
428 883 533 945 melius
555 900 626 960 ergo
650 890 694 942 est
721 884 803 958 sequi
832 901 883 942 eos
910 884 988 942 inter
1011 899 1086 959 quos
1109 880 1206 941 nullus
1228 883 1394 960 reperiatur

80 989 263 1068 sinperitus,
287 1006 377 1068 quam
399 986 453 1046 lms
475 990 553 1046 inter
575 1004 649 1065 quos
670 983 823 1044 rideantur
846 1002 911 1044 esse
933 983 977 1044 vel
1000 983 1095 1061 pauci.
1128 1000 1199 1060 ergo
1214 985 1239 1043 si
1255 983 1303 1043 hic
1325 1002 1394 1062 pro·

104 1087 224 1149 consule
251 1088 375 1150 roluero
403 1088 516 1158 dicere,
547 1084 703 1146 declinabo
725 1086 783 1153 sic,
807 1087 875 1164 quia
898 1087 955 1145 erit
975 1093 1182 1164 monoptoton:
1216 1086 1395 1145 nominativo

104 1189 150 1250 hic
174 1176 369 1269 proconsule,
398 1190 534 1268 genetivo
557 1188 645 1248 buius
668 1185 860 1266 proconsule,
885 1186 981 1247 dativo
1004 1187 1072 1247 huic
1095 1185 1285 1266 proconsule,
1310 1204 1395 1246 accu-

104 1293 195 1352 sativo
223 1291 304 1352 hunc
333 1290 526 1371 proconsule,
556 1291 686 1350 vocativo
716 1309 733 1350 o
760 1287 951 1368 proconsule,
983 1288 1109 1349 ablativo
1132 1289 1168 1348 ab
1191 1289 1247 1348 boc
1269 1306 1395 1367 procon-

105 1393 176 1454 sule.
223 1393 294 1473 quid
317 1411 389 1471 ergo
412 1411 477 1453 cum
501 1411 517 1452 a
540 1410 587 1450 me
609 1392 770 1471 quaesierit
796 1390 951 1470 quisquam
980 1391 1047 1468 ‘qui
1069 1391 1264 1469 pror-essit‘t’,
1288 1408 1395 1469 nempe

73 1495 238 1555 indicturus
266 1513 331 1554 sum
359 1493 550 1574 proconsule;
585 1492 639 1552 ‘de
666 1494 749 1553 cuius
776 1495 924 1573 praetorio
953 1494 1069 1552 renist'
1103 1491 1295 1572 proconsule;
1329 1492 1396 1553 ‘c'ni

106 1595 238 1657 libellum
261 1594 429 1656 obtulistit'
452 1593 644 1674 proconsule;
674 1597 780 1672 ‘quem
809 1594 904 1654 vidisti
933 1592 1181 1674 procedentemt'
1204 1593 1394 1673 proconsule;

105 1699 193 1757 ‘roca
222 1697 305 1758 illum
333 1698 454 1758 nomine
481 1698 562 1765 suo',
593 1692 597 1775 Ι
629 1715 646 1754 0
675 1695 867 1774 proconsule;
897 1699 930 1756 ‘a
958 1715 1017 1776 quo
1046 1714 1132 1756 causa
1162 1703 1209 1756 tua
1233 1697 1395 1756 examinata

106 1801 183 1860 est?'
206 1817 227 1858 α
249 1797 434 1879 proconsule.
480 1797 545 1857 ride
568 1816 655 1877 quam
680 1799 719 1857 sit
740 1797 902 1858 absurdum
925 1816 979 1877 per
1002 1805 1045 1858 tot
1066 1817 1151 1858 casus
1174 1816 1286 1858 errare.
1317 1798 1395 1878 quod

104 1903 127 1960 si
150 1901 274 1962 voluero
296 1907 378 1961 recte
402 1899 567 1969 declinare,
591 1901 633 1959 sic
650 1898 805 1960 declinabo
828 1899 953 1980 simplex
976 1917 1098 1968 numen,
1123 1918 1182 1978 quo
1204 1899 1292 1959 modo
1315 1919 1395 1960 com-

74 2005 246 2082 npositum,
276 2004 344 2081 quia
372 2003 566 2083 praepositio,
594 2003 619 2061 si
647 2000 727 2061 illam
751 2019 809 2061 uon
833 2009 973 2081 sequatur
996 2019 1083 2061 casus
1105 2020 1190 2072 suuS,
1218 2000 1317 2080 perdit
1338 2003 1395 2062 rim

103 2123 186 2164 suam
209 2112 240 2164 et
261 2106 367 2165 transit
389 2107 419 2164 in
448 2122 566 2164 nomeu.
604 2101 760 2163 declinabo
782 2103 871 2181 igitur
894 2102 1018 2182 simplex
1041 2121 1149 2163 nomen
1172 2104 1232 2172 sic,
1262 2105 1394 2163 nomina·

102 2208 159 2267 tiro
188 2205 239 2267 bic
266 2203 384 2275 consul,
412 2207 549 2284 genetivo
576 2205 662 2265 buius
690 2203 834 2273 consulis,
862 2204 958 2265 dativo
986 2204 1054 2264 buic
1076 2203 1205 2274 consuli,
1229 2207 1396 2266 accusativo

103 2308 180 2371 bunc
203 2306 372 2376 consulem,
395 2309 526 2368 vocativo
549 2326 567 2367 o
589 2305 706 2376 consul,
730 2305 856 2366 ablativo
878 2306 915 2368 ab
937 2306 993 2366 boc
1015 2304 1146 2368 consule.
1177 2306 1213 2366 ad
1235 2306 1313 2368 hanc
1335 2308 1395 2367 for·

103 2429 179 2470 mam
208 2412 407 2490 compositum
435 2408 631 2478 declinamus,
661 2410 838 2470 nominativo
868 2408 917 2470 bic
945 2407 1118 2488 proconsul,
1148 2390 1284 2486 gebetiro
1308 2409 1396 2470 buius

72 2511 305 2592 sproeonsulis,
331 2511 427 2572 dativo
442 2510 512 2571 huic
527 2509 712 2590 proconsuli,
736 2512 900 2571 accusativo
923 2510 1001 2572 huuc
1023 2509 1247 2590 proconsulem,
1264 2513 1395 2572 vocativo

103 2637 120 2674 o
141 2613 313 2694 proconsul,
337 2611 463 2673 ablativo
485 2614 522 2672 ab
544 2613 600 2673 hoc
624 2611 809 2692 proconsule.
841 2631 949 2673 nomen
973 2621 1019 2673 est
1041 2614 1119 2673 enim
1143 2611 1293 2692 dignitatis
1314 2633 1394 2685 suae,

103 2736 161 2778 nou
188 2725 275 2777 actus
301 2715 453 2777 cuiusdam
482 2716 540 2784 rei,
569 2714 614 2774 vel
644 2713 712 2774 belli
740 2713 908 2793 specialiter
936 2713 993 2774 sibi
1021 2715 1160 2776 mandati.
1205 2715 1284 2795 quod
1311 2717 1335 2776 si
1358 2716 1395 2778 ad

103 2827 180 2880 tanta
205 2814 211 2900 Ι
238 2819 408 2879 testimonia
435 2816 618 2893 persuadere
646 2817 790 2895 pertinaci
818 2834 877 2876 non
900 2834 1001 2895 queo,
1015 2817 1142 2878 sufficiat
1163 2816 1206 2877 illi
1229 2817 1265 2878 ad
1288 2820 1394 2879 confrr-

103 2920 241 2982 mandam
270 2916 391 2998 regulae
419 2917 603 2999 qualitatem,
632 2918 711 2997 quod
741 2916 886 2996 simplicia
909 2920 1043 2988 nomina,
1069 2921 1098 2980 in
1122 2938 1180 2999 qna
1202 2918 1312 2998 syllaba
1334 2928 1395 2981 ter-

72 3023 281 3084 seminaverint
308 3022 534 3089 nominativum,
563 3021 593 3079 in
622 3019 745 3080 eandem
781 3021 899 3079 mittunt
931 3038 983 3081 sua
1017 3024 1193 3100 composita,
1228 3030 1259 3081 ut
1286 3022 1395 3083 decens

63 3160 67 3169 ·
102 3125 260 3197 indecens,
292 3129 397 3201 potens
422 3123 575 3201 inpotens,
606 3129 724 3182 curator
751 3127 940 3200 procurator,
970 3124 1009 3183 ita
1039 3130 1068 3182 et
1094 3122 1196 3183 consul
1223 3124 1392 3202 proconsul.

102 3225 211 3286 deinde
236 3208 351 3285 nullum
373 3224 584 3284 nominativum
608 3222 762 3283 masculini
785 3225 904 3301 generis
926 3225 1065 3304 reperies,
1090 3226 1114 3284 si
1135 3227 1285 3304 requiras,
1310 3245 1326 3286 e
1348 3225 1394 3286 lit·

103 3339 161 3389 tera
185 3329 389 3388 terminatum.

185 3430 284 3509 Saepe
307 3428 471 3507 quaesitum
494 3436 553 3496 est,
577 3434 675 3488 utrum
698 3428 823 3487 vicarius
846 3426 904 3487 dici
924 3421 937 3510 ll
954 3426 1060 3489 debeat
1075 3429 1162 3489 etiam
1177 3430 1203 3489 is
1218 3429 1267 3489 cui
1282 3431 1394 3508 magni·

73 3530 289 3593 „licentissimi
311 3530 452 3608 praefecti
469 3531 547 3589 vices
569 3549 639 3590 suas
654 3531 683 3588 in
700 3527 819 3608 speciali
835 3547 921 3592 «eausa
938 3529 1159 3605 mandaverunt.
1192 3548 1393 3610 nequaquam:

103 3653 168 3695 nam
199 3632 330 3693 vicarius
362 3631 468 3692 dicitur
500 3631 526 3689 is
553 3632 604 3710 qui
633 3631 737 3691 ordine
765 3629 968 3692 codicillorum
998 3632 1076 3692 vices
1103 3634 1163 3711 agit
1196 3633 1394 3714 amplissimae

104 3736 318 3814 praefecturae.
363 3731 412 3793 ille
434 3751 502 3793 veru
526 3733 574 3791 cui
596 3734 674 3793 vices
697 3731 876 3793 mandantur
898 3741 1021 3811 propter
1043 3734 1204 3797 absentiam
1229 3739 1403 3815 praefecto-⁴

105 3855 184 3905 mm,
208 3855 269 3897 non
294 3836 435 3903 vicarius,
459 3833 511 3894 sed
534 3834 613 3894 vices
635 3853 741 3913 agens,
767 3853 824 3895 nou
849 3836 1068 3913 praefecturae,
1098 3837 1149 3898 sed
1174 3840 1392 3916 praefectorum

103 3937 209 3998 dieitur
232 3943 358 3997 tantum.
1272 3948 1274 3952 ⁴

74 4061 94 4100 e
207 4039 383 4100 Praefectus
398 4035 534 4116 vigilibus
548 4037 625 4099 bene
641 4037 758 4107 dicitur,
776 4040 844 4115 quia
867 4039 914 4100 bic
936 4041 1124 4119 participium
1147 4049 1193 4103 est
1214 4043 1393 4122 praefectus,

103 4160 160 4201 uon
187 4159 312 4201 nomen.
352 4141 546 4220 praeponitur
574 4142 652 4201 enim
681 4140 853 4220 disciplinae
881 4150 1052 4203 nocturnae.
1097 4151 1126 4204 et
1158 4146 1184 4205 is
1212 4147 1263 4224 qui
1298 4145 1393 4205 eidem

168 4313 232 4364 Coa.
252 4311 335 4364 Bern.
354 4309 489 4364 16—8*.
548 4311 710 4377 3repperlas
779 4312 978 4376 drepperintur
1044 4312 1127 4376 tiqui
1152 4316 1198 4364 erit
1221 4323 1394 4381 monoptotnm

101 4385 181 4443 (corr.
201 4384 263 4444 -on)
337 4381 513 4431 arconneso
532 4382 592 4433 buic
610 4381 761 4449 proconsule
781 4383 898 4430 uocauiuo
917 4384 1102 4448 opprocousule
1174 4385 1204 4435 ll
1221 4387 1336 4450 optulisti

101 4454 189 4503 audisti
250 4451 614 4517 l3aanteproconauleom,
669 4449 880 4516 tenuissimis
933 4449 1056 4516 ⁰20bunc]
1076 4452 1135 4502 buic
1191 4456 1222 4505 21
1243 4456 1274 4504 ab
1295 4474 1341 4507 om.

100 4524 129 4574 23
148 4522 326 4574 testimoniam
342 4521 604 4584 (corr.-a)nuadere
651 4524 685 4574 26
704 4531 791 4571 curato
808 4531 955 4586 procurator
1006 4524 1039 4574 27
1057 4526 1186 4589 repperies
1238 4525 1393 4576 29bicarius

165 4592 200 4661 is]
221 4592 265 4642 hia
339 4590 373 4639 30
397 4592 526 4640 marrdnuit
596 4592 626 4641 31
646 4591 678 4656 ia]
700 4592 739 4642 bis
810 4593 844 4641 32
866 4594 1007 4658 apsentium
1077 4594 1111 4645 33
1135 4594 1244 4645 bicarius
1261 4597 1305 4645 sed
1325 4595 1393 4643 uices

100 4665 117 4712 is
134 4681 219 4732 egens
295 4659 331 4711 35
350 4661 393 4721 qui
410 4659 452 4710 bic
522 4661 556 4712 an
574 4669 705 4710 nocturnae
776 4663 866 4713 eodem
936 4660 969 4727 is]
991 4663 1030 4712 lris

158 4820 263 4884 fiqnia
288 4818 339 4865 erit
358 4814 489 4865 Putsedr'ue
561 4817 591 4866 17
609 4816 722 4877 sortasse
739 4817 777 4865 sic
801 4817 932 4867 declinabo
953 4820 1119 4884 compositum
1140 4835 1228 4869 nomen
1248 4834 1296 4883 quo
1317 4820 1392 4871 mode

98 4893 203 4960 simplex
283 4888 320 4936 ‘2⁴
339 4884 518 4949 aequalitatem
538 4889 660 4952 [lupence
730 4885 764 4939 35
783 4889 842 4952 quia
862 4888 904 4938 bic
922 4887 1056 4941 Putecdim
