3346 5498
632 426 870 490 COMMENTVM
1339 419 1400 485 145

518 570 521 580 ,
1216 529 1375 585 plot—fll-

100 619 257 681 inveneris
279 618 424 678 diversant
447 615 672 677 declinationem
696 615 941 676 derivativorum?
968 632 1127 694 sequamur
1149 629 1221 690 ergo
1243 612 1400 672 auctorita·

101 728 184 789 tem,
209 738 268 779 non
291 718 409 798 regulas
432 718 669 778 derivativorum.
699 719 819 778 nomina
842 716 998 778 derivativa
1021 716 1083 776 fere
1106 717 1146 776 ita
1168 720 1291 783 exeunt,
1314 715 1344 773 in
1367 731 1402 773 us

102 822 281 901 frequenter
304 821 432 902 penitus,
457 818 555 880 tabula
578 817 692 878 macula
715 817 813 879 fabula
837 817 984 879 vinculum
1008 815 1187 879 monticulus
1209 814 1401 876 scholasticu-

104 922 153 983 lus
180 922 358 983 fonticulus:
389 921 496 981 crebro
524 923 566 981 sic
596 929 718 988 exeunt3
753 920 820 980 ideo
849 939 920 999 ergo
947 928 976 980 et
1005 929 1107 979 notum
1130 927 1182 979 est.
1227 917 1279 977 sed
1303 925 1401 976 tamen

76 1027 186 1085 ascire
210 1023 301 1084 debes
324 1043 390 1084 esse
412 1023 510 1102 aliqua
536 1024 656 1082 nentina
679 1041 754 1102 quae
774 1024 817 1082 sic
839 1031 959 1093 exeunt,
982 1041 1070 1102 quem
1093 1020 1271 1082 admodum
1295 1026 1404 1080 exeunt

106 1127 199 1186 etiarn
222 1125 409 1193 diminutiva,
434 1143 489 1184 nec
511 1132 611 1185 tamen
634 1124 806 1187 diminutiva
828 1132 907 1184 sunt
945 1127 971 1185 si
993 1123 1072 1184 dicas
1094 1120 1268 1190 fonticulus,
1293 1119 1401 1200 quare?

106 1228 176 1307 quia
206 1236 250 1286 est
277 1228 351 1287 fons
397 1228 422 1285 si
452 1225 532 1286 dicas
559 1225 752 1295 monticulus,
777 1228 886 1304 quare?
914 1228 983 1306 quia
1006 1233 1052 1286 est
1073 1244 1168 1286 mons.
1215 1223 1402 1284 econtrario

108 1328 230 1408 qnando
258 1328 385 1389 dicimus
412 1326 511 1388 tabula
535 1329 660 1400 sodada,
685 1348 742 1408 quo
765 1329 853 1388 modo
876 1346 1033 1408 possumus
1055 1327 1154 1388 dicere
1177 1325 1404 1386 diminutionem

109 1449 193 1499 esse,
217 1429 287 1490 dum
311 1448 398 1490 nemo
422 1429 493 1488 dicit
516 1428 595 1489 tabnl
618 1429 717 1490 fabul?
745 1449 817 1509 crgo
839 1431 893 1490 ista
916 1429 987 1509 quid
1011 1429 1162 1490 dicemus?
1189 1447 1262 1489 sono
1285 1425 1404 1506 quidem

70 1557 97 1596 ro
110 1531 299 1600 diminutiva,
322 1531 474 1592 intellectu
497 1530 680 1612 principalia.

154 1643 158 1649 ’
196 1635 270 1693 Sunt
300 1634 372 1693 item
400 1635 519 1694 nomina
549 1639 607 1693 tota
636 1651 759 1710 graeca,
792 1639 854 1694 tota
886 1632 990 1703 latina,
1023 1630 1163 1714 [penitus]
1192 1630 1298 1692 media.
1343 1637 1407 1691 tota
1417 1638 1507 1700 429‚t

109 1753 217 1814 graeca
244 1744 314 1795 sunt
348 1752 422 1812 quae
450 1737 568 1815 penitus
595 1753 702 1812 graece
731 1733 932 1805 declinantur,
965 1742 1024 1794 tota
1058 1734 1149 1795 latina
1182 1751 1258 1813 quae
1288 1732 1406 1812 penitus

111 1836 202 1897 latine
234 1837 437 1906 declinantur,
471 1837 567 1897 media
596 1847 665 1896 sunt
699 1854 775 1914 quae
809 1855 845 1896 ex
872 1843 957 1916 parte
986 1835 989 1916 l
1019 1855 1125 1916 graeca
1153 1842 1235 1904 sunt,
1265 1840 1407 1912 exparte

112 1938 201 1999 latina
236 1947 314 1998 sunt.
360 1944 421 1998 tota
454 1955 560 2015 graeca
594 1946 664 1998 sunt
695 1938 848 1998 Themisto
881 1937 1015 2017 Calypso.
1067 1947 1097 1999 ct
1129 1939 1230 2017 accipe
1262 1934 1406 2013 regulam,

74 2066 99 2107 1⁵
112 2043 233 2121 penitus
249 2059 338 2120 quam
362 2041 504 2118 sequaris.
535 2041 632 2099 omnia
657 2041 784 2115 nomina,
809 2058 885 2119 quae
908 2060 925 2099 o
948 2041 1144 2101 terminantur
1166 2037 1243 2118 apud
1266 2039 1406 2105 Graecos

112 2150 174 2204 tota
196 2160 302 2220 graeca
325 2149 406 2200 sunt:
430 2141 572 2201 feminina
596 2143 673 2201 enim
698 2149 781 2210 sunt,
805 2149 834 2201 et
856 2160 916 2202 non
940 2148 986 2202 est
1007 2140 1093 2201 aliter
1116 2139 1262 2220 quemad
1285 2139 1407 2200 modum

112 2244 249 2305 dicantur
271 2242 376 2310 latine,
400 2244 457 2302 nisi
480 2244 523 2303 sic
545 2262 635 2322 quem
658 2242 837 2303 admodum
860 2242 937 2303 dicta
960 2250 1029 2304 snut
1051 2250 1080 2303 et
1101 2260 1217 2321 graece.
1253 2241 1407 2302 Themisto

115 2345 186 2406 dicit
201 2348 346 2414 Graecus,
371 2351 399 2402 ot
414 2343 536 2404 Latinus
551 2343 703 2405 Themisto
727 2344 811 2415 dicit;
835 2344 958 2426 Calypso
981 2345 1053 2405 dicit
1068 2345 1214 2416 Graecus,
1239 2353 1268 2405 et
1289 2343 1409 2404 Latinus

113 2450 153 2509 lta
176 2449 254 2508 dicit.
301 2447 357 2506 hoc
381 2453 425 2505 est
447 2464 556 2507 nomen
579 2453 673 2506 totum
695 2466 844 2524 graecum.
883 2454 979 2507 totum
1001 2446 1124 2506 latinum
1148 2453 1193 2506 est
1215 2444 1294 2521 quod
1316 2444 1408 2505 latine

70 2573 100 2615 ao
114 2551 232 2630 penitus
255 2547 434 2617 declinatur,
459 2547 544 2608 aliter
560 2567 618 2608 non
640 2556 747 2627 potest.
780 2549 910 2609 Graecus
932 2548 1003 2608 dicit
1019 2548 1181 2628 Odyssens,
1197 2547 1318 2608 Latinus
1339 2545 1411 2607 dicit

114 2651 226 2713 Vlixes:
257 2667 329 2728 ergo
349 2649 445 2709 Vlixes
467 2657 561 2710 totum
585 2648 706 2710 latinum
730 2657 782 2710 est.
821 2649 1002 2731 Polydeuces
1024 2651 1096 2710 dicit
1117 2650 1264 2719 Graecus,
1287 2649 1410 2710 Latinus

113 2752 231 2814 Pollux:
256 2769 328 2829 ergo
352 2750 455 2811 Pollux
478 2757 572 2811 totum
596 2750 720 2811 latinum
749 2759 802 2813 est.
847 2752 972 2813 nothum
1002 2751 1148 2832 estquod
1172 2751 1275 2811 ultima
1298 2749 1410 2832 syllaba

114 2855 316 2932 corrumpitur
330 2861 359 2913 et
374 2853 524 2932 prioribus
539 2872 697 2914 commune
712 2862 765 2924 est,
778 2861 848 2933 puta
858 2853 1005 2934 Acbilleys
1020 2861 1050 2913 et
1061 2851 1203 2922 Achillem
1221 2871 1291 2913 ecce
1307 2852 1409 2913 ultima

114 2956 225 3038 syllaba
250 2956 459 3034 corrumpitur,
478 2937 614 3016 'ceterum
637 2957 753 3034 priores
774 2963 910 3016 manent:
932 2964 965 3017 ut
985 2962 1054 3035 puta
1070 2955 1209 3016 Memnon
1232 2962 1262 3014 et
1276 2954 1409 3022 Memno;

72 3058 218 3125 ,sultima
246 3056 356 3135 syllaba
385 3064 525 3137 corrupta
553 3065 597 3117 est
626 3064 655 3116 et
683 3058 800 3135 priores
822 3065 950 3119 manent
997 3057 1070 3117 baec
1092 3059 1131 3116 ita
1155 3055 1309 3124 dicuntur,
1334 3073 1410 3135 quae

116 3160 207 3221 notba
235 3167 305 3220 sunt
331 3165 360 3218 et
382 3176 498 3236 graeca.
543 3158 594 3219 sed
623 3160 701 3219 scire
729 3158 872 3219 debemus
895 3160 961 3238 quia
985 3166 1015 3218 et
1036 3157 1085 3218 illa
1113 3177 1188 3236 quae
1212 3165 1281 3218 sunt
1302 3174 1410 3234 graeca

116 3265 218 3341 quavis
241 3259 344 3338 regula
367 3260 564 3329 declinantur,
587 3262 648 3321 sive
670 3277 777 3338 graeca
798 3261 859 3320 sive
881 3259 981 3320 latina.
1027 3259 1097 3320 licet
1119 3258 1192 3320 milri
1215 3259 1315 3319 dicere
1337 3259 1410 3320 baec

117 3363 191 3425 llido
214 3364 301 3423 buius
317 3361 424 3443 llidoys
446 3362 515 3423 buic
531 3360 624 3422 [tidoe
648 3360 812 3422 harcuido
836 3360 958 3430 oltido,
983 3367 1013 3421 et
1037 3359 1040 3442 l
1064 3360 1133 3422 licet
1155 3361 1227 3421 mibi
1250 3359 1351 3421 dicere
1366 3360 1411 3439 [et
1476 3412 1478 3417 .

116 3463 221 3545 latine]
239 3464 313 3524 baec
329 3464 403 3524 bido
418 3465 505 3525 buius
520 3463 641 3524 [tidonis
661 3462 730 3523 huic
745 3463 852 3525 Didoni
867 3470 896 3523 et
912 3462 1033 3543 reliqua.
1064 3481 1135 3540 ergo
1152 3471 1182 3523 et
1196 3480 1303 3540 graece
1318 3461 1410 3523 decli-

79 3593 105 3633 ω
119 3585 222 3628 narnus
250 3574 279 3626 et
308 3566 397 3626 latine
420 3585 528 3626 nomen
551 3574 644 3626 totum
668 3583 817 3643 graecum.
862 3566 933 3624 item
958 3562 1081 3645 [totum]
1106 3564 1230 3625 nothum
1254 3572 1283 3624 et
1304 3582 1411 3643 graece

119 3668 304 3729 declinamus
332 3676 362 3727 et
383 3667 486 3740 latine,
514 3667 654 3728 Memnon
681 3668 855 3729 Memnonos
882 3666 1032 3727 Memnoni
1064 3667 1235 3737 Memnona;
1264 3674 1294 3727 et
1320 3666 1411 3727 latine

118 3789 238 3849 possum
262 3768 411 3829 declinare
433 3770 550 3830 Memno
573 3771 738 3831 Memnonis
760 3770 919 3831 Memnoni.
950 3787 1020 3829 nam
1042 3767 1216 3848 producitur
1237 3770 1262 3828 i:
1285 3768 1412 3846 legimns

188 3943 204 3990 2
225 3941 327 3990 nomina
349 3942 491 3990 deriuatiua
505 3941 579 3991 Bca
605 3941 708 3991 nomina
730 3939 931 3990 deriuatinomm
951 3939 986 3991 A.
1007 3939 1122 4002 fortasse
1140 3942 1243 3990 nomina
1261 3939 1413 3989 diminutiva

122 4013 174 4060 fere
192 4012 226 4060 ita
244 4020 345 4071 exeunt,
367 4012 391 4059 in
411 4013 449 4059 lus
469 4011 614 4072 frequenter
630 4012 740 4076 penitus,
759 4010 911 4060 monticulus
931 4009 1126 4060 scholasticulus
1145 4010 1298 4060 fonticulus:
1322 4011 1411 4058 crebro

120 4084 157 4131 sic
184 4090 277 4129 exeunt
304 4081 406 4129 nomina
431 4082 595 4141 diminutiva;
621 4082 679 4129 ideo
697 4095 759 4144 ergo
782 4090 807 4129 et
827 4091 913 4130 notum
931 4090 979 4133 est.
1016 4096 1073 4130 nam
1096 4097 1161 4146 quae
1182 4083 1329 4142 interposito
1347 4086 1413 4141 runt,

120 4151 205 4200 tabula
227 4151 325 4198 macida
347 4151 431 4200 fabulo
451 4150 593 4210 muratum,
614 4151 650 4199 nd
671 4152 784 4215 reputem
800 4151 895 4200 Donati
913 4150 945 4198 de
963 4153 1037 4215 quusi
1053 4152 1203 4201 diminutivis
1217 4153 1345 4214 pertinent

121 4222 156 4270 ita
174 4231 268 4269 exeunt
287 4219 358 4269 Bra
377 4222 413 4269 itn
432 4231 491 4270 sunt
509 4220 534 4267 A
547 4221 582 4280 tt)
654 4223 670 4269 4
689 4221 777 4268 crebra
795 4222 833 4269 sic
850 4229 944 4270 exeunt
962 4221 987 4269 A
1006 4222 1094 4270 crebro
1112 4223 1214 4269 nomina
1233 4222 1270 4269 sic
1288 4220 1415 4268 exeunti)

121 4291 208 4339 crebra
227 4291 330 4338 nomina
353 4291 390 4338 sic
414 4301 508 4340 exeunt
529 4291 577 4339 Ba
647 4290 704 4339 bal
724 4290 794 4339 dicas
817 4290 842 4339 A
861 4292 883 4340 sl
905 4291 1019 4339 dicamus
1038 4289 1112 4340 BCa
1183 4292 1196 4339 7
1218 4292 1240 4338 si
1257 4288 1371 4339 dicasA
1390 4290 1413 4338 si

122 4361 235 4409 dicamus
253 4359 324 4409 laea
393 4359 515 4410 8fabnlu
535 4374 580 4412 oar,
601 4359 684 4409 ABG
751 4357 860 4409 ttnemo
877 4361 945 4410 dicat
961 4360 1016 4410 AB
1086 4361 1135 4410 ista
1152 4360 1260 4409 dicimus
1279 4358 1339 4422 quid
1358 4358 1414 4408 AB

192 4431 224 4480 12
247 4439 300 4478 urta
323 4430 400 4479 latina
419 4446 483 4494 quae
502 4431 604 4494 penitus
622 4431 699 4479 latine
717 4429 876 4479 declinantur
894 4446 940 4481 orn.
961 4432 999 4494 A,
1017 4430 1078 4480 add.
1097 4447 1113 4479 a
1202 4428 1355 4479 taracinam
1375 4436 1413 4477 est

124 4499 210 4549 BCa:
236 4510 275 4549 eat
293 4516 339 4551 om.
359 4500 384 4548 A
454 4500 488 4549 20
510 4515 603 4565 graece
626 4501 688 4550 dicit
706 4500 818 4563 odyseus
837 4499 915 4549 latine
932 4499 994 4549 dicit
1013 4501 1095 4551 olixes
1113 4499 1209 4565 (rdixps
1226 4504 1255 4557 a)
1273 4497 1298 4546 A
1321 4512 1413 4562 graece

124 4571 214 4618 dicitur
231 4570 343 4633 odyseus
362 4569 495 4635 (odiseeus
508 4570 546 4631 B)
564 4569 640 4619 latine
659 4571 751 4619 dicitur
769 4570 850 4619 olixes
864 4570 966 4634 (ulyxes
980 4570 1011 4627 C)
1030 4570 1081 4619 BC
1166 4569 1278 4633 clergo
1298 4570 1379 4615 ulixes
1397 4583 1414 4616 a

125 4640 426 4705 ergoolixesABergo
446 4639 568 4703 ulyxesC
614 4642 647 4690 22
667 4641 772 4688 latinum
791 4639 1049 4690 estnotbumBCa:
1068 4639 1202 4689 estomA
1251 4640 1284 4688 25
1300 4638 1414 4699 sortasse

124 4709 185 4759 baec
206 4721 290 4759 antem
307 4711 425 4759 dicuntur
443 4708 529 4769 notha,
549 4709 608 4770 qnia
623 4721 682 4758 sunt
700 4719 725 4758 et
742 4723 835 4775 graeca
853 4718 878 4757 et
895 4709 973 4757 latina
1029 4709 1064 4760 26
1081 4712 1140 4772 quia
1159 4709 1202 4757 illa
1217 4707 1269 4758 BG
1320 4708 1413 4770 queuis

124 4795 141 4827 (ι
158 4781 275 4843 quamuis
294 4781 379 4830 ABG
463 4781 497 4829 28
516 4779 591 4827 buius
610 4779 701 4844 didoys
721 4776 779 4829 Ca*
799 4777 875 4827 buius
893 4777 978 4827 didois
996 4779 1021 4829 B
1049 4778 1125 4827 buius
1150 4779 1252 4826 didonis
1270 4776 1344 4838 Art>

124 4849 158 4898 28
175 4851 259 4899 dicere
279 4861 303 4897 ct
322 4851 399 4899 latine
417 4850 441 4899 A
460 4861 484 4899 et
504 4849 581 4898 latine
600 4850 685 4898 dicere
701 4848 776 4899 Bra
845 4846 878 4898 32
895 4850 1009 4911 sortasse
1028 4848 1137 4914 legimns
1155 4849 1182 4897 in
1200 4847 1289 4896 Plauto
1308 4845 1413 4897 Creoni:

125 4918 204 4969 Creon
220 4921 328 4968 dicimus
346 4919 454 4968 Graece:
472 4920 508 4980 os.
530 4921 613 4974 Plnot.
635 4918 723 4984 Amph.
744 4919 753 4967 l
773 4919 797 4980 f,
816 4917 850 4969 39
866 4919 971 4984 regique
989 4917 1111 4968 Thebano
1130 4917 1220 4967 Creoni
1237 4932 1343 4984 regnum
1362 4928 1414 4968 sta·

173 5010 349 5052 nasturtium
366 5010 453 5050 nrum
469 5011 495 5050 r.
1172 5000 1212 5064 10
