3346 5498
184 327 225 394 90
412 352 416 358 ·
748 332 899 394 l'tllll'lill

183 522 236 595 qui
254 505 435 581 calumniari
455 520 519 578 lili:
547 521 619 580 elicit
639 520 691 579 libi
711 522 774 589 ille,
797 537 892 594 quare
912 535 969 579 reon
993 521 1067 579 dieis
1088 520 1186 587 caius,
1210 519 1264 578 sed
1283 520 1376 579 culeis.
1416 514 1470 580 (16-

183 620 279 705 nique
306 642 346 682 ne
374 618 478 682 dicam
507 625 612 683 totum
640 618 701 682 hoa
728 639 829 702 genus
859 618 938 682 artis
961 618 1084 682 Donati
1107 616 1321 703 explicandae
1343 639 1385 681 cx
1407 639 1470 680 usu
1515 666 1518 671 .

182 718 364 784 scholarum
388 720 599 805 repetendum
622 742 709 802 esse,
737 721 878 785 uerbosa
900 730 932 785 et
954 719 1087 806 puerilis
1111 718 1273 785 tractandi
1296 719 1381 783 ratio
1404 741 1470 783 mo·

181 821 358 886 lestissima
379 844 488 886 rerum
510 822 753 886 tritissimarum
775 823 966 909 repetitione
988 821 1156 886 fastidium
1179 843 1291 887 creans
1314 819 1375 884 hac
1398 818 1468 885 sola

182 947 216 989 re
239 924 381 1010 quodam
402 924 498 988 modo
514 923 567 988 vel
582 934 757 988 excusatur
772 922 824 988 vel
838 923 1057 1010 intellegitur,
1080 923 1168 1010 quod
1191 921 1373 987 scholarum
1396 945 1470 988 eon-

131 1006 144 1026 *
181 1027 384 1090 suetudinem
406 1027 640 1111 grammaticus
664 1026 836 1092 scribendo
858 1026 1006 1091 imitatus
1029 1034 1088 1090 est.

265 1130 305 1194 In
327 1129 449 1212 regulis
472 1140 581 1194 autem
604 1129 726 1193 Donati
750 1130 951 1214 exponendis
972 1150 1040 1213 pon
1061 1136 1232 1214 utramque
1253 1139 1356 1193 artem
1379 1150 1469 1192 secu·

182 1240 234 1295 tus
258 1240 307 1295 est
329 1230 555 1317 hic'scriptor,
579 1231 664 1295 sicut
687 1230 819 1295 Servius
842 1241 874 1294 et
896 1229 1092 1311 Cledonius,
1116 1229 1174 1294 sed
1197 1229 1238 1293 de
1258 1229 1367 1316 priore
1390 1240 1469 1310 arte,

181 1332 242 1397 hoc
264 1344 314 1398 est
336 1333 376 1397 de
398 1333 523 1397 minore
545 1343 616 1398 octo
638 1333 781 1418 partium
804 1333 959 1398 orationis
982 1332 1198 1418 expositione,
1214 1353 1319 1415 pauca
1340 1331 1469 1418 praefa-

181 1445 234 1499 tus
257 1434 383 1520 inipso
406 1434 489 1499 libro
512 1443 614 1499 totum
637 1456 672 1497 se
688 1434 779 1499 dedit
802 1433 844 1498 ad
866 1435 1079 1521 posteriorem
1103 1442 1207 1498 artem
1229 1434 1470 1520 exponendam,

181 1534 280 1621 idque
302 1536 428 1622 ipsein
450 1535 514 1599 fine
537 1535 693 1623 prooemii
716 1534 863 1640 ipdicare
885 1536 1026 1617 videtur,
1050 1558 1080 1623 p.
1106 1535 1125 1599 8
1147 1541 1278 1600 diximus
1298 1557 1369 1615 erqo
1392 1558 1470 1617 qua-

181 1644 262 1700 uiam
284 1642 355 1701 bene
374 1641 450 1713 feeit
462 1643 605 1711 Donatus,
624 1648 743 1717 perlem
765 1643 848 1701 illam
868 1644 1000 1717 priorem
1021 1643 1151 1702 seribere
1172 1642 1346 1714 infamibus,
1366 1652 1470 1718 pesle-

180 1748 289 1804 riorem
316 1745 458 1804 omuibus.
496 1751 540 1803 est
565 1746 642 1804 euim
663 1745 781 1804 robusta
802 1752 831 1804 el
851 1747 940 1804 utilis.
977 1744 1098 1804 inchoat
1120 1747 1267 1804 alitteris
1290 1746 1347 1804 isla
1366 1747 1470 1820 parli—

181 1849 249 1906 eula
280 1864 356 1920 quae
388 1846 506 1906 uberior
537 1855 579 1905 est
610 1853 638 1905 et
669 1847 756 1906 babel
790 1853 958 1906 tractatum.
992 1851 1161 1926 praeterea
1194 1842 1336 1927 priorem
1366 1851 1470 1907 artem

182 1944 320 2017 strictim
348 1945 544 2009 memoravit
571 1944 621 2008 his
650 1943 746 2027 locis,
769 1967 801 2030 p.
824 1945 885 2008 ‘211
910 1950 954 2008 vel
975 1951 1018 2007 sic
1039 1951 1126 2007 eliam
1146 1951 1264 2022 potestis
1285 1949 1363 2007 illud
1382 1950 1470 2007 calli-

178 2067 265 2123 qere,
294 2065 379 2123 quem
406 2052 449 2110 ad
474 2053 591 2111 modum
618 2053 728 2124 leqislis
755 2055 786 2110 ia
812 2051 1003 2127 primordiis:
1031 2053 1288 2124 quotienscumque
1314 2053 1402 2109 tertia
1428 2059 1471 2108 esl

181 2153 352 2221 declinatis,
375 2153 520 2212 ablativus
540 2155 704 2227 sinqularis
725 2170 741 2211 e
762 2160 931 2228 correptam
952 2152 1055 2220 belm,-
1088 2153 1195 2212 danda
1216 2154 1471 2227 quotienscumque

177 2253 275 2325 sileris
299 2257 401 2329 quinia
423 2256 596 2324 deeliaaliO,
624 2255 837 2331 eprarluelum
859 2256 964 2323 helice·
993 2273 1024 2335 p.
1047 2250 1109 2314 253
1136 2255 1191 2313 sed
1210 2256 1342 2314 elisimus
1363 2258 1396 2314 iu
1417 2256 1469 2314 illa

178 2359 281 2431 priore
308 2363 397 2431 parte
430 2360 517 2426 erlis,
550 2357 584 2416 iel
610 2365 653 2416 esl
678 2360 708 2416 ia
735 2357 951 2432 superioribus,
979 2373 1041 2416 esse
1069 2358 1172 2429 aliqua
1192 2358 1371 2430 pronomina
1393 2373 1470 2430 quae

179 2466 318 2519 crescam
342 2461 373 2517 iu
400 2460 530 2533 casiam,
558 2472 629 2518 esse·
648 2461 752 2532 aliqua
780 2477 855 2532 quae
882 2460 1076 2526 decrescaul‚·
1103 2477 1135 2540 p.
1158 2454 1220 2517 339
1241 2460 1470 2532 siqnifieatieues

180 2561 388 2621 arleerlriorum
416 2565 524 2620 arullae
550 2568 635 2630 suut·
660 2563 770 2634 leqislis
798 2563 866 2620 illus
892 2563 923 2620 iu
943 2563 1044 2634 prima
1063 2566 1153 2635 parte
1174 2562 1265 2639 erlis,†
1286 2579 1319 2642 p.
1342 2555 1406 2620 359
1428 2555 1469 2619 de

181 2659 352 2745 participio
378 2666 523 2737 pleraque
551 2664 623 2722 alca
649 2680 726 2736 quae
751 2673 780 2722 el
805 2666 836 2722 iu
858 2664 1011 2738 superiore
1033 2670 1097 2722 urle
1119 2665 1303 2732 memorarit,
1323 2665 1470 2748 pleraque

181 2766 281 2833 rtdrlil‚·
308 2783 339 2845 p.
363 2762 426 2825 369
452 2761 530 2824 item
559 2761 599 2824 de
626 2760 798 2846 participio
826 2765 881 2824 boc
908 2773 951 2823 est
978 2766 1057 2839 quod
1083 2768 1205 2838 leqimas
1231 2768 1319 2825 eliam
1346 2767 1377 2823 in
1405 2772 1470 2823 urle

180 2870 349 2941 1161611616,-
377 2885 409 2948 p.
432 2862 495 2926 399
516 2882 632 2941 semper
653 2867 786 2925 Borralas
807 2870 885 2927 elam
907 2874 1048 2942 earpuiul
1069 2869 1146 2926 iuter
1168 2867 1312 2927 ablativus
1332 2883 1468 2943 praepo—

180 2971 310 3037 sitiones,
340 2977 368 3028 el
394 2972 425 3028 iu
453 2971 516 3028 aliu
541 2978 629 3045 parte
650 2972 726 3028 ariis
747 2970 802 3029 leae
819 2969 909 3046 fecit,
937 2978 966 3029 el
987 2970 1035 3028 llic
1053 2968 1130 3040 fecii
1149 2970 1213 3030 doe.
1252 2964 1408 3051 equibus
1431 2986 1470 3029 oa

180 3090 263 3153 quae
285 3067 426 3153 primum
448 3067 542 3153 posui
564 3065 604 3131 de
627 3065 770 3131 ablativo
787 3068 919 3152 quintae
934 3077 967 3132 et
989 3068 1103 3131 tertiae
1126 3066 1352 3132 declinationis
1375 3076 1409 3131 et
1429 3067 1469 3131 de

171 3228 172 3232 ,
180 3169 425 3256 pronominibus
455 3192 652 3255 quamquam
678 3170 725 3234 ita
752 3168 896 3254 intellegi
923 3179 1078 3255 possunt,
1108 3171 1201 3256 quasi
1229 3169 1270 3234 de
1297 3169 1348 3234 his
1370 3169 1468 3235 rebus

181 3274 214 3335 in
243 3272 474 3335 commentario
502 3272 620 3357 prioris
643 3274 722 3335 ariis
744 3272 978 3356 grammaticus
1000 3271 1139 3352 dixerit,
1167 3280 1276 3336 tamen
1298 3270 1379 3335 satis
1403 3293 1468 3334 cer·

180 3384 248 3437 tum
276 3375 344 3438 eius
373 3375 420 3437 rei
448 3373 603 3439 indicium
631 3397 695 3438 non
722 3375 898 3438 continent.
942 3397 1018 3438 nam
1043 3372 1099 3436 illa
1128 3374 1168 3438 de
1197 3371 1469 3440 declinationibus

179 3477 346 3539 nomimun
377 3475 493 3540 referri
525 3485 662 3560 possunt
694 3476 736 3539 ad
768 3498 807 3539 ca
835 3498 918 3562 quae
945 3477 979 3539 in
1007 3498 1071 3539 non
1098 3473 1196 3540 nullis
1226 3473 1468 3561 exemplaribus

180 3577 304 3640 Donati
331 3600 361 3661 p.
385 3578 466 3658 356,
489 3577 531 3641 36
552 3578 676 3664 scripta
699 3588 775 3642 sunt
798 3578 849 3641 vel
872 3578 914 3641 ad
937 3601 976 3643 ea
998 3600 1082 3664 quae
1104 3577 1145 3641 de
1167 3576 1217 3641 his
1240 3575 1361 3662 regulis
1385 3599 1467 3642 com-

181 3687 344 3741 mentatus
377 3688 427 3742 est
460 3679 594 3742 Servius
628 3703 658 3765 p.
682 3680 744 3743 408
752 3727 761 3759 ,
785 3680 826 3743 36
849 3702 919 3765 sqq.
953 3680 994 3744 (16
1021 3679 1265 3766 pronominibus
1299 3689 1409 3743 autem
1434 3680 1468 3742 in

180 3779 310 3844 casibus
333 3779 552 3844 crescentibus
575 3779 628 3843 vel
650 3781 913 3845 decrescentibus
936 3781 1016 3845 nihil
1038 3782 1195 3868 scripturn
1218 3781 1322 3844 estin
1344 3781 1468 3846 minore

180 3893 251 3945 arte
273 3881 411 3961 Donati,
434 3880 491 3944 sed
513 3881 647 3945 Servius
671 3891 703 3946 et
725 3882 759 3944 in
780 3885 1012 3948 commentario
1034 3885 1069 3946 in
1089 3884 1175 3948 hane
1196 3893 1322 3969 partem
1345 3906 1376 3968 p.
1394 3883 1466 3965 410,

180 3982 221 4046 32
243 3981 324 4046 illud
346 3984 500 4047 tractavit
522 3996 554 4047 et
576 3984 610 4047 in
632 3985 863 4048 commentario
880 3986 1068 4070 posterioris
1091 3986 1195 4071 partis
1218 4007 1249 4071 p.
1265 3984 1327 4049 436
1351 3985 1466 4049 iisdem

181 4084 249 4146 fero
266 4084 390 4164 verbis,
414 4084 532 4169 quibus
546 4084 720 4170 Pompeius
743 4108 821 4149 usus
845 4097 910 4167 est,
933 4109 972 4150 ea
987 4086 1035 4151 -dc
1057 4109 1092 4150 re
1115 4108 1150 4150 se
1173 4086 1322 4172 superius
1345 4085 1470 4150 dixisse

181 4186 303 4251 scribit.
341 4208 456 4270 quare,
483 4209 556 4250 curn
584 4186 757 4272 Pompeius
786 4189 1015 4252 commentario
1045 4188 1151 4253 Servii
1178 4210 1256 4271 usus
1290 4187 1348 4269 sit,
1384 4188 1469 4253 sicut

181 4310 258 4351 mox
281 4286 590 4367 demonstrabimus,
613 4288 676 4351 hue
698 4289 806 4373 potius
830 4291 932 4354 verba
955 4289 995 4354 de
1018 4290 1136 4376 quibus
1159 4291 1268 4373 agitur
1290 4289 1410 4371 refero,
1432 4300 1469 4354 ut

181 4412 246 4455 non
274 4388 420 4474 Pompeii
447 4388 565 4476 aliquis
592 4392 842 4455 commentarius
866 4391 1085 4473 significetur,
1109 4393 1166 4457 sed
1189 4416 1231 4456 ex
1253 4390 1361 4456 Seruii
1383 4415 1468 4457 com-

181 4492 339 4556 mentario
366 4490 446 4554 haee
473 4492 613 4577 repetita
640 4493 714 4555 sint.
751 4492 877 4578 reliqua
898 4516 976 4557 vero
1003 4517 1086 4579 quac
1109 4493 1325 4580 supraposui
1347 4493 1390 4558 ad
1412 4493 1470 4557 mi-

180 4616 293 4657 norem
315 4604 418 4658 artem
442 4593 563 4668 Donati
587 4594 749 4678 pertinent
757 4646 765 4676 ,
789 4595 829 4659 (16
852 4593 1018 4658 adverbiis
1041 4597 1082 4660 ad
1104 4596 1190 4660 Don.
1215 4594 1336 4681 psas,
1354 4596 1405 4677 18,
1428 4596 1469 4660 de

180 4695 363 4781 participiis
392 4694 434 4757 ad
464 4694 549 4758 lion.
579 4719 609 4780 p.
632 4697 713 4776 363,
739 4698 794 4776 12,
824 4697 864 4760 (16
894 4698 1131 4782 praepositione
1154 4698 1237 4762 clam
1260 4695 1303 4761 ad
1325 4697 1411 4761 Don.
1436 4721 1467 4784 p.

181 4795 253 4875 365,
278 4798 328 4860 22.
352 4800 461 4883 itaque
483 4797 638 4861 maiorem
661 4808 765 4861 artem
787 4799 907 4862 Donati
930 4800 976 4862 ita
999 4812 1129 4864 secutus
1152 4810 1202 4863 est
1223 4800 1410 4886 Pompeius,
1433 4809 1470 4864 ut
