3346 5498
191 364 254 431 456
740 367 923 432 EVTYCHIS

218 489 240 529 p.
257 478 301 516 rae.
314 477 340 516 as
354 474 376 515 t.
1279 485 1301 527 p.
1315 472 1376 515 erat
1391 470 1421 513 aa
1435 470 1459 515 e.

192 565 222 615 et
244 556 280 615 ab
303 575 338 615 eo
360 556 509 625 doctrina,
534 565 634 615 tonsor
656 557 782 617 tonstrix
798 558 960 625 tonstrina,
983 562 1081 615 textor
1103 556 1213 614 textrix
1236 555 1385 623 textrina;
1410 555 1486 613 item

192 659 339 737 optativus
361 657 541 718 derivativus
563 657 763 717 deminutivns
785 657 967 727 subditivus;
990 674 1046 717 nec
1068 674 1127 716 non
1149 664 1179 716 et
1200 658 1230 716 in
1253 658 1299 717 sio
1321 661 1353 715 et
1375 656 1411 716 in
1433 672 1487 717 sor

191 768 221 819 et
243 761 273 819 in
303 756 400 818 sibilis
430 769 460 820 et
483 762 513 820 in
536 758 598 819 tilis
620 768 650 820 et
672 761 703 818 in
726 761 814 819 ticius
837 758 1042 820 desinentibus
1064 755 1249 828 nominibus,
1280 774 1357 835 quae
1385 763 1487 817 muta·

191 862 271 921 tione
294 879 342 920 uui
366 862 396 920 in
420 860 473 921 bas
494 862 720 921 terminationes
741 861 829 930 frunt,
858 869 890 922 ut
918 863 1012 921 visum
1035 861 1110 920 visio
1140 860 1232 919 iussio
1254 859 1365 918 mersio
1389 858 1487 919 laesio

191 964 294 1022 missio
316 963 413 1022 iussor
434 980 539 1023 suasor
560 964 638 1023 risor
659 980 784 1041 pransor
807 979 932 1041 sponsor
945 971 1048 1022 tonsor
1070 962 1209 1022 defensor
1231 960 1327 1029 lusor,
1350 958 1512 1021 visibiliso

162 1068 166 1073 ’
191 1063 360 1142 plausibilis
382 1063 536 1124 sensibilis
557 1063 714 1125 missibilis
735 1063 884 1124 sessibilis
905 1063 1007 1125 flatilis
1029 1062 1130 1124 fictilis
1156 1062 1268 1124 textilis
1290 1059 1386 1121 altilis
1408 1061 1486 1121 scri·

191 1165 274 1244 ptilis
296 1165 420 1237 tonitis;
446 1168 490 1226 sic
513 1166 697 1226 adventicius
719 1167 900 1227 adventicius
921 1164 1184 1226 commendatieius
1209 1161 1267 1242 [sic
1282 1165 1353 1223 steti
1370 1169 1484 1223 statum

191 1269 236 1327 ire
260 1275 354 1328 status
375 1269 479 1339 statio;
503 1269 546 1329 sic
569 1267 606 1328 ab
628 1286 663 1328 eo
685 1267 763 1348 quod
786 1277 832 1329 est
854 1266 945 1328 caedo
967 1284 1086 1327 caesum
1108 1268 1152 1326 ire
1170 1262 1306 1345 Caesar}
1340 1271 1372 1324 et
1394 1281 1486 1344 prae-

191 1372 273 1430 teriti
294 1371 420 1450 perfecti
443 1388 624 1440 consonans,
652 1370 724 1430 lieet
745 1388 829 1440 raro,
852 1365 957 1430 ‘tamen
980 1371 1010 1428 in
1039 1366 1210 1428 verbalibus
1238 1365 1414 1427 nominibus
1438 1367 1486 1426 in·

191 1474 323 1542 venitur,
352 1479 385 1532 ut
407 1474 473 1532 rexi
495 1490 565 1542 rex,
595 1472 665 1532 duxi
688 1472 761 1542 dux,
784 1472 846 1533 luxi
869 1472 933 1542 lux,
963 1473 1032 1551 rupi
1054 1488 1158 1549 rupes,
1187 1468 1304 1547 ambegi
1327 1467 1485 1548 ambages.
1500 1488 1523 1528 u

192 1583 222 1634 et
253 1574 478 1653 participiorum
512 1592 628 1653 quoque
662 1573 707 1634 vel
741 1574 884 1634 similium
915 1575 1084 1654 participiis
1116 1574 1268 1632 nominum
1296 1589 1352 1651 per
1381 1572 1486 1632 emnia

192 1693 302 1753 genera
330 1674 434 1734 eodem
463 1675 550 1735 modo
572 1694 626 1754 por
648 1664 779 1754 singulas
807 1684 867 1737 tam
889 1677 1113 1754 coniugationcs
1138 1692 1226 1754 cluam
1247 1674 1487 1751 significationes

193 1775 352 1837 verborum
382 1778 574 1837 inveniuntur
601 1777 750 1838 derivatae
779 1780 1018 1848 terminationes,
1048 1784 1080 1837 ut
1108 1795 1211 1837 amans
1238 1775 1350 1836 docens
1380 1774 1486 1853 legens
1525 1806 1527 1811 .

192 1881 311 1958 sapiens
333 1878 472 1948 audiens,
497 1876 511 1960 fl
535 1880 677 1940 amandus
699 1879 848 1941 docendus
871 1879 1014 1958 legendus
1035 1878 1200 1938 andiendus
1224 1876 1398 1957 sequendus
1421 1895 1486 1937 me·

193 1980 319 2040 tuendus
342 1979 520 2041 furibundus
536 1981 732 2052 ludibundus,
756 1990 875 2043 vocatus
890 1981 994 2041 doctus
1013 1982 1143 2061 scriptus
1165 1980 1297 2048 auditus,
1321 1987 1488 2040 vocaturus
1500 1997 1523 2036 u

192 2083 333 2142 docturus
356 2084 522 2162 scripturus
544 2084 716 2154 atuliturus;
740 2101 798 2143 non
821 2083 915 2144 solum
939 2084 969 2143 iu
992 2082 1195 2143 accidentibus
1218 2080 1406 2151 nominibus,
1432 2081 1486 2142 sed

112 2186 115 2194 '
192 2187 281 2246 etiam
308 2187 339 2244 in
367 2185 434 2244 fixis
461 2183 612 2246 vocabulis
642 2184 702 2264 [vel
731 2183 930 2265 participiis],
960 2195 989 2245 et
1017 2188 1144 2246 maxime
1172 2185 1326 2245 femininis
1360 2186 1393 2244 in
1430 2202 1486 2244 ura

193 2284 413 2355 desinentibus,
437 2294 469 2347 ut
491 2289 607 2365 pictura
629 2289 778 2366 scriptura
802 2288 891 2348 litura
914 2294 1019 2348 natura
1042 2305 1178 2366 censura.

276 2388 361 2448 Licet
382 2395 480 2447 aretem
508 2388 745 2450 observationem
775 2408 833 2449 non
866 2389 1002 2450 inutilem
1035 2390 1167 2458 tradere,
1201 2407 1258 2468 qua
1289 2390 1487 2466 cognoscitur

193 2490 333 2570 quasdam
358 2507 458 2549 rerum
481 2489 677 2559 differentias,
691 2499 795 2551 natura
818 2492 1003 2570 frequentius
1032 2493 1105 2552 artis
1130 2490 1311 2551 adminiculo
1334 2492 1525 2571 reperirent

192 2595 302 2672 quippo
330 2593 448 2652 nomina
477 2591 635 2653 verborum
663 2594 778 2670 origine
805 2592 930 2674 deducta
958 2601 987 2652 et
1007 2595 1125 2670 gemino
1147 2594 1231 2672 quasi
1254 2592 1336 2653 fonte
1359 2611 1486 2655 manan-

193 2697 231 2755 tia
260 2694 376 2754 ‹liversa
405 2693 570 2755 litterarum
600 2694 745 2755 divisione
772 2697 929 2772 separavit.
974 2714 1042 2756 narn
1070 2695 1107 2756 ab
1137 2695 1297 2755 indicativo
1327 2699 1486 2774 praesenti

194 2795 379 2856 venientibus
402 2794 573 2857 nominibus
595 2805 662 2857 ante
686 2797 835 2857 clausulae
859 2797 985 2857 casualis
1007 2797 1138 2857 vocalem
1162 2814 1264 2856 omnes
1281 2805 1487 2858 consonantes

192 2901 349 2979 positionis
371 2896 761 2976 verborumsignifrcativas
784 2901 971 2978 praeposuit,
996 2897 1110 2959 duabus
1133 2899 1265 2977 exceptis
1288 2905 1422 2970 tantum,
1454 2900 1485 2960 fd

191 3010 237 3062 est
263 3022 278 3061 s
306 3010 335 3061 et
363 3007 389 3070 t;
418 2999 527 3078 quibus
553 3000 624 3061 solis
653 3003 790 3080 permisit
817 3009 848 3061 ut
876 2978 934 3061 uon
962 3001 1057 3062 solum
1086 2999 1185 3061 verbis
1212 3000 1396 3079 praecedant
1419 3003 1523 3089 fre-‘as

191 3104 385 3183 quentativis,
414 3120 490 3180 quae
513 3101 673 3163 derivativa
696 3111 780 3174 sunt,
808 3104 860 3163 sed
888 3112 921 3164 ut
943 3105 1014 3163 item
1037 3110 1104 3164 ante
1126 3118 1229 3163 omncs
1252 3104 1487 3165 terminationes

192 3205 324 3274 luceant,
353 3221 428 3284 quae
456 3203 492 3263 de
521 3206 683 3283 praeterito
704 3207 838 3284 perfecto
861 3205 907 3265 vel
930 3206 1075 3265 infinitivo
1097 3206 1192 3265 futuri
1220 3205 1420 3274 descendant,
1452 3215 1486 3266 ut

191 3307 324 3386 exempla
348 3308 500 3366 nominum
523 3306 675 3368 declarant
697 3316 764 3369 aute
787 3308 856 3369 lata.
901 3306 937 3366 de
965 3305 1074 3386 quibus
1102 3305 1239 3367 omnibus
1261 3308 1486 3368 terminationi-

191 3408 246 3469 bus
269 3417 298 3468 et
321 3406 558 3469 traductionibus
581 3411 649 3488 quia
664 3405 821 3492 llomalnae
845 3411 945 3470 lumen
967 3409 1139 3478 facundiae,
1163 3426 1260 3478 meus,
1285 3409 1377 3469 immo
1401 3427 1484 3470 com·

191 3512 288 3570 tunnis
316 3512 446 3570 oninium
475 3510 626 3571 hominum
649 3520 838 3590 praeceptor,
868 3514 897 3573 iu
926 3519 1032 3592 quarto
1054 3511 1090 3571 de
1119 3503 1238 3571 nornine
1264 3509 1342 3571 libro
1364 3530 1522 3576 summast

190 3630 257 3673 curu
285 3611 449 3678 subtilitate
478 3614 681 3691 copiosissime
712 3616 922 3690 grammaticus
954 3614 1126 3674 Priscianus
1157 3613 1335 3673 disseruisse
1370 3631 1483 3692 cogno·

191 3715 299 3784 scitur,
329 3714 396 3774 ideo
424 3721 580 3773 contentus
602 3715 676 3774 baec
704 3714 739 3774 ad
762 3715 960 3776 renovandam
987 3723 1101 3777 tanturn
1124 3715 1210 3775 modo
1232 3714 1397 3792 legentium
1420 3734 1485 3775 me·

191 3817 314 3875 moriam
330 3817 550 3894 perstrinxisse,
568 3815 700 3893 reliquae
716 3818 793 3894 parti
808 3819 1015 3896 promissionis
1030 3835 1112 3877 meac
1128 3818 1300 3877 satisfacere
1316 3815 1483 3896 temptabo,

191 3916 221 3975 id
244 3924 289 3975 est
310 3934 400 3995 supra
429 3919 535 3996 positis
558 3914 816 3978 observationibus
844 3921 995 3980 nominum
1023 3919 1058 3979 de
1082 3918 1180 3978 verbis
1201 3918 1408 3979 traductorum
1431 3938 1483 3981 ex·

190 4020 299 4097 ceptis,
328 4017 474 4097 quidquid
503 4016 625 4078 verbum
649 4020 816 4097 appositum
839 4024 951 4081 nomini
975 4023 1143 4101 reperiatur
1167 4019 1244 4099 (nam
1264 4038 1323 4080 non
1344 4022 1444 4083 solutu
1467 4042 1521 4085 aas

191 4117 281 4178 verbo
309 4137 431 4189 nomeu,
466 4120 518 4180 sed
545 4121 633 4180 etiam
667 4121 789 4182 verbum
817 4143 833 4185 a
856 4125 974 4184 nomine
997 4121 1184 4204 deductum),
1213 4122 1372 4185 ostendere
1402 4124 1484 4204 quod

272 4377 284 4426 1
304 4375 363 4426 item
382 4375 523 4440 (arperscr.
544 4378 569 4426 in
589 4378 670 4440 tinus)
689 4379 816 4444 optatiuus
835 4379 861 4427 P
930 4383 946 4430 2
965 4388 989 4427 et
1011 4380 1037 4427 in
1057 4380 1095 4428 sio
1113 4386 1137 4428 et
1156 4379 1181 4426 iu
1199 4378 1266 4426 ibitis
1284 4385 1309 4427 et
1327 4379 1353 4432 in
1373 4379 1440 4429 icius
1458 4381 1485 4431 B

258 4448 274 4497 4
294 4457 320 4497 ut
339 4447 418 4496 iussio
440 4448 504 4495 crisio
522 4449 614 4496 mersio
635 4449 721 4498 missio
741 4449 766 4499 B
834 4449 979 4499 bnisibilis
994 4449 1123 4512 passibilis
1141 4448 1271 4496 seusibilis
1288 4447 1401 4500 sesibilis
1420 4450 1484 4501 mia-

189 4518 244 4567 silis
263 4517 349 4566 flatilis
366 4517 392 4566 B
409 4518 518 4566 nisibilis
539 4518 670 4582 possibilis
695 4519 841 4584 prousibilis
861 4518 1003 4584 plausibilis
1026 4518 1146 4568 sonabilis
1164 4517 1294 4567 missibilis
1318 4520 1448 4571 sensibilis
1468 4534 1483 4568 a

189 4589 264 4637 sedeo
285 4588 402 4644 flatiliss
474 4589 672 4641 inimiculi
742 4589 926 4640 urierotattbos
945 4587 1002 4636 BP
1071 4588 1103 4638 10
1122 4588 1224 4652 ambigo
1242 4588 1336 4652 ambigi
1356 4589 1484 4656 ambages

190 4658 213 4705 B
237 4658 349 4723 ambigui
369 4658 490 4721 ambages
510 4658 652 4723 Pambigo
671 4659 771 4723 ambegi
791 4666 867 4724 gest
937 4658 968 4707 14
988 4659 1091 4721 sapiens
1105 4672 1150 4706 om.
1171 4658 1196 4706 lr
1266 4658 1416 4721 sequendus
1434 4676 1482 4713 ova.

189 4726 213 4773 B
282 4728 317 4777 20
335 4728 473 4793 reperiri5
541 4730 575 4777 25
593 4728 759 4777 solisom.P
808 4729 842 4778 ao
860 4725 1063 4793 terminationes]
1084 4728 1267 4779 iiocatescorr.
1286 4730 1484 4780 terminationes

188 4795 213 4844 B
239 4796 317 4915 ΝΞΟ
335 4797 398 4847 libro
417 4813 462 4847 ova.
482 4799 505 4846 P
593 4798 626 4847 :35
646 4798 787 4863 repperitur
806 4800 831 4847 P
905 4811 963 4846 nam
981 4812 1027 4847 om.
1048 4799 1071 4846 B
1160 4795 1192 4847 36
1211 4795 1289 4862 qriod]
1311 4813 1390 4863 quam
1409 4815 1482 4872 corr.

188 4880 237 4929 quo
