<?xml version="1.0" encoding="UTF-8"?>
<!DOCTYPE html PUBLIC "-//W3C//DTD XHTML 1.0 Transitional//EN"
    "http://www.w3.org/TR/xhtml1/DTD/xhtml1-transitional.dtd">
<html xmlns="http://www.w3.org/1999/xhtml" xml:lang="en" lang="en">
 <head>
  <title>
</title>
<meta http-equiv="Content-Type" content="text/html;charset=utf-8" />
  <meta name='ocr-system' content='tesseract 3.04.00' />
  <meta name='ocr-capabilities' content='ocr_page ocr_carea ocr_par ocr_line ocrx_word'/>
</head>
<body>
  <div class='ocr_page' id='page_1' title='image "./grammaticilatin03keilgoog_0222.png"; bbox 0 0 3346 5498; ppageno 0'>
   <div class='ocr_carea' id='block_1_1' title="bbox 678 397 1447 465">
    <p class='ocr_par' dir='ltr' id='par_1_1' title="bbox 678 397 1447 465">
     <span class='ocr_line' id='line_1_1' title="bbox 678 397 1447 465; baseline 0.005 -4"><span class='ocrx_word' id='word_1_1' title='bbox 678 397 915 463; x_wconf 66' lang='lat' dir='ltr'><strong>connodavit</strong></span> <span class='ocrx_word' id='word_1_2' title='bbox 1382 397 1447 465; x_wconf 81' lang='lat'><strong>209</strong></span> 
     </span>
    </p>
   </div>
   <div class='ocr_carea' id='block_1_2' title="bbox 239 509 1599 667">
    <p class='ocr_par' dir='ltr' id='par_1_2' title="bbox 239 509 1599 667">
     <span class='ocr_line' id='line_1_2' title="bbox 1269 509 1423 563; baseline 0.013 -13"><span class='ocrx_word' id='word_1_3' title='bbox 1269 521 1291 563; x_wconf 83' lang='lat' dir='ltr'><strong>p.</strong></span> <span class='ocrx_word' id='word_1_4' title='bbox 1303 509 1348 550; x_wconf 73' lang='lat'><strong>255.</strong></span> <span class='ocrx_word' id='word_1_5' title='bbox 1362 511 1388 552; x_wconf 74' lang='lat'><strong>56</strong></span> <span class='ocrx_word' id='word_1_6' title='bbox 1400 509 1423 551; x_wconf 81' lang='lat'><strong>1.</strong></span> 
     </span>
     <span class='ocr_line' id='line_1_3' title="bbox 239 584 1599 667; baseline 0.002 -21"><span class='ocrx_word' id='word_1_7' title='bbox 239 584 263 646; x_wconf 84' lang='lat' dir='ltr'><strong>E</strong></span> <span class='ocrx_word' id='word_1_8' title='bbox 285 585 436 644; x_wconf 90' lang='lat' dir='ltr'><strong>contrario</strong></span> <span class='ocrx_word' id='word_1_9' title='bbox 458 585 604 645; x_wconf 90' lang='lat' dir='ltr'><strong>invenitur</strong></span> <span class='ocrx_word' id='word_1_10' title='bbox 626 604 801 665; x_wconf 83' lang='lat' dir='ltr'>pronomen,</span> <span class='ocrx_word' id='word_1_11' title='bbox 825 586 877 648; x_wconf 87' lang='lat' dir='ltr'><strong>ubi</strong></span> <span class='ocrx_word' id='word_1_12' title='bbox 900 605 976 647; x_wconf 93' lang='lat' dir='ltr'><strong>unus</strong></span> <span class='ocrx_word' id='word_1_13' title='bbox 998 586 1074 648; x_wconf 83' lang='lat' dir='ltr'><strong>desit</strong></span> <span class='ocrx_word' id='word_1_14' title='bbox 1096 605 1190 658; x_wconf 87' lang='lat' dir='ltr'><strong>casus,</strong></span> <span class='ocrx_word' id='word_1_15' title='bbox 1215 605 1284 667; x_wconf 79' lang='lat' dir='ltr'><strong>ego:</strong></span> <span class='ocrx_word' id='word_1_16' title='bbox 1310 606 1365 667; x_wconf 78' lang='lat' dir='ltr'><strong>ego</strong></span> <span class='ocrx_word' id='word_1_17' title='bbox 1387 590 1553 662; x_wconf 60' lang='lat' dir='ltr'><strong>melltta.</strong></span> <span class='ocrx_word' id='word_1_18' title='bbox 1568 600 1599 649; x_wconf 83' lang='lat' dir='ltr'><strong>to</strong></span> 
     </span>
    </p>
   </div>
   <div class='ocr_carea' id='block_1_3' title="bbox 117 685 1561 3722">
    <p class='ocr_par' dir='ltr' id='par_1_3' title="bbox 117 685 1561 3722">
     <span class='ocr_line' id='line_1_4' title="bbox 155 685 1448 768; baseline 0.005 -22"><span class='ocrx_word' id='word_1_19' title='bbox 155 685 228 746; x_wconf 86' lang='lat' dir='ltr'><strong>mihi</strong></span> <span class='ocrx_word' id='word_1_20' title='bbox 250 705 298 748; x_wconf 89' lang='lat' dir='ltr'><strong>me</strong></span> <span class='ocrx_word' id='word_1_21' title='bbox 321 705 337 746; x_wconf 89' lang='lat' dir='ltr'><strong>a</strong></span> <span class='ocrx_word' id='word_1_22' title='bbox 360 705 422 755; x_wconf 89' lang='lat' dir='ltr'><strong>me;</strong></span> <span class='ocrx_word' id='word_1_23' title='bbox 453 687 601 749; x_wconf 79' lang='lat' dir='ltr'><strong>vocativus</strong></span> <span class='ocrx_word' id='word_1_24' title='bbox 630 705 689 749; x_wconf 94' lang='lat' dir='ltr'><strong>non</strong></span> <span class='ocrx_word' id='word_1_25' title='bbox 717 695 777 756; x_wconf 91' lang='lat' dir='ltr'><strong>est,</strong></span> <span class='ocrx_word' id='word_1_26' title='bbox 807 690 925 768; x_wconf 89' lang='lat' dir='ltr'><strong>penitus</strong></span> <span class='ocrx_word' id='word_1_27' title='bbox 947 707 1007 749; x_wconf 93' lang='lat' dir='ltr'><strong>non</strong></span> <span class='ocrx_word' id='word_1_28' title='bbox 1029 690 1180 750; x_wconf 90' lang='lat' dir='ltr'><strong>invenitur</strong></span> <span class='ocrx_word' id='word_1_29' title='bbox 1202 691 1365 762; x_wconf 80' lang='lat' dir='ltr'><strong>vocativus,</strong></span> <span class='ocrx_word' id='word_1_30' title='bbox 1394 691 1448 752; x_wconf 86' lang='lat' dir='ltr'><strong>sed</strong></span> 
     </span>
     <span class='ocr_line' id='line_1_5' title="bbox 155 788 1447 870; baseline 0.004 -22"><span class='ocrx_word' id='word_1_31' title='bbox 155 806 211 866; x_wconf 81' lang='lat' dir='ltr'><strong>ego</strong></span> <span class='ocrx_word' id='word_1_32' title='bbox 233 789 292 849; x_wconf 92' lang='lat' dir='ltr'><strong>mei</strong></span> <span class='ocrx_word' id='word_1_33' title='bbox 314 788 387 848; x_wconf 90' lang='lat' dir='ltr'><strong>mihi</strong></span> <span class='ocrx_word' id='word_1_34' title='bbox 414 806 462 850; x_wconf 89' lang='lat' dir='ltr'><strong>me</strong></span> <span class='ocrx_word' id='word_1_35' title='bbox 484 807 500 849; x_wconf 94' lang='lat' dir='ltr'><strong>a</strong></span> <span class='ocrx_word' id='word_1_36' title='bbox 523 807 580 850; x_wconf 90' lang='lat' dir='ltr'><strong>me.</strong></span> <span class='ocrx_word' id='word_1_37' title='bbox 626 789 761 870; x_wconf 80' lang='lat' dir='ltr'>plerique</span> <span class='ocrx_word' id='word_1_38' title='bbox 789 792 982 869; x_wconf 90' lang='lat' dir='ltr'><strong>interponunt</strong></span> <span class='ocrx_word' id='word_1_39' title='bbox 1004 808 1036 861; x_wconf 92' lang='lat' dir='ltr'><strong>o,</strong></span> <span class='ocrx_word' id='word_1_40' title='bbox 1066 809 1122 868; x_wconf 85' lang='lat' dir='ltr'><strong>ego</strong></span> <span class='ocrx_word' id='word_1_41' title='bbox 1145 793 1203 850; x_wconf 85' lang='lat' dir='ltr'><strong>mei</strong></span> <span class='ocrx_word' id='word_1_42' title='bbox 1226 789 1297 850; x_wconf 91' lang='lat' dir='ltr'><strong>mihi</strong></span> <span class='ocrx_word' id='word_1_43' title='bbox 1319 810 1367 853; x_wconf 88' lang='lat' dir='ltr'><strong>me</strong></span> <span class='ocrx_word' id='word_1_44' title='bbox 1389 812 1407 852; x_wconf 95' lang='lat' dir='ltr'><strong>o</strong></span> <span class='ocrx_word' id='word_1_45' title='bbox 1430 810 1447 853; x_wconf 88' lang='lat' dir='ltr'><strong>a</strong></span> 
     </span>
     <span class='ocr_line' id='line_1_6' title="bbox 155 889 1446 974; baseline 0.004 -24"><span class='ocrx_word' id='word_1_46' title='bbox 155 909 217 960; x_wconf 91' lang='lat' dir='ltr'><strong>me,</strong></span> <span class='ocrx_word' id='word_1_47' title='bbox 237 897 275 950; x_wconf 89' lang='lat' dir='ltr'><strong>ut</strong></span> <span class='ocrx_word' id='word_1_48' title='bbox 297 889 354 950; x_wconf 87' lang='lat' dir='ltr'><strong>hoc</strong></span> <span class='ocrx_word' id='word_1_49' title='bbox 375 891 470 970; x_wconf 92' lang='lat' dir='ltr'><strong>ipsum</strong></span> <span class='ocrx_word' id='word_1_50' title='bbox 493 909 512 951; x_wconf 96' lang='lat' dir='ltr'><strong>o</strong></span> <span class='ocrx_word' id='word_1_51' title='bbox 540 890 683 953; x_wconf 76' lang='lat' dir='ltr'><strong>articulus</strong></span> <span class='ocrx_word' id='word_1_52' title='bbox 710 892 751 953; x_wconf 90' lang='lat' dir='ltr'><strong>sit</strong></span> <span class='ocrx_word' id='word_1_53' title='bbox 778 893 901 953; x_wconf 91' lang='lat' dir='ltr'><strong>vocativi</strong></span> <span class='ocrx_word' id='word_1_54' title='bbox 923 910 1024 964; x_wconf 83' lang='lat' dir='ltr'><strong>casns3</strong></span> <span class='ocrx_word' id='word_1_55' title='bbox 1048 900 1146 952; x_wconf 91' lang='lat' dir='ltr'><strong>tamen</strong></span> <span class='ocrx_word' id='word_1_56' title='bbox 1169 891 1274 954; x_wconf 83' lang='lat' dir='ltr'><strong>laisum</strong></span> <span class='ocrx_word' id='word_1_57' title='bbox 1297 891 1354 954; x_wconf 91' lang='lat' dir='ltr'><strong>hoc</strong></span> <span class='ocrx_word' id='word_1_58' title='bbox 1376 912 1446 974; x_wconf 93' lang='lat' dir='ltr'><strong>pro·</strong></span> 
     </span>
     <span class='ocr_line' id='line_1_7' title="bbox 127 991 1448 1072; baseline 0.005 -22"><span class='ocrx_word' id='word_1_59' title='bbox 127 991 243 1053; x_wconf 80' lang='lat' dir='ltr'><strong>ebatur</strong></span> <span class='ocrx_word' id='word_1_60' title='bbox 270 991 396 1053; x_wconf 79' lang='lat' dir='ltr'>docente</span> <span class='ocrx_word' id='word_1_61' title='bbox 423 994 559 1072; x_wconf 75' lang='lat' dir='ltr'><strong>Astyagio</strong></span> <span class='ocrx_word' id='word_1_62' title='bbox 586 994 671 1054; x_wconf 92' lang='lat' dir='ltr'><strong>istam</strong></span> <span class='ocrx_word' id='word_1_63' title='bbox 695 996 845 1055; x_wconf 79' lang='lat' dir='ltr'><strong>rationem</strong></span> <span class='ocrx_word' id='word_1_64' title='bbox 874 995 1006 1054; x_wconf 84' lang='lat' dir='ltr'><strong>mirifice.</strong></span> <span class='ocrx_word' id='word_1_65' title='bbox 1053 1011 1111 1054; x_wconf 92' lang='lat' dir='ltr'><strong>non</strong></span> <span class='ocrx_word' id='word_1_66' title='bbox 1139 1001 1237 1072; x_wconf 89' lang='lat' dir='ltr'><strong>potest</strong></span> <span class='ocrx_word' id='word_1_67' title='bbox 1269 995 1333 1056; x_wconf 88' lang='lat' dir='ltr'><strong>lieri</strong></span> <span class='ocrx_word' id='word_1_68' title='bbox 1365 1003 1397 1056; x_wconf 90' lang='lat' dir='ltr'><strong>ut</strong></span> <span class='ocrx_word' id='word_1_69' title='bbox 1429 1014 1448 1056; x_wconf 94' lang='lat' dir='ltr'><strong>o</strong></span> 
     </span>
     <span class='ocr_line' id='line_1_8' title="bbox 154 1095 1448 1176; baseline 0.002 -21"><span class='ocrx_word' id='word_1_70' title='bbox 154 1112 320 1175; x_wconf 78' lang='lat' dir='ltr'>pronomen</span> <span class='ocrx_word' id='word_1_71' title='bbox 343 1095 381 1156; x_wconf 89' lang='lat' dir='ltr'><strong>sit</strong></span> <span class='ocrx_word' id='word_1_72' title='bbox 403 1095 527 1155; x_wconf 90' lang='lat' dir='ltr'><strong>vocativi</strong></span> <span class='ocrx_word' id='word_1_73' title='bbox 548 1112 634 1155; x_wconf 90' lang='lat' dir='ltr'><strong>casus</strong></span> <span class='ocrx_word' id='word_1_74' title='bbox 655 1114 710 1176; x_wconf 91' lang='lat' dir='ltr'><strong>per</strong></span> <span class='ocrx_word' id='word_1_75' title='bbox 733 1113 833 1156; x_wconf 92' lang='lat' dir='ltr'><strong>rerum</strong></span> <span class='ocrx_word' id='word_1_76' title='bbox 857 1104 1002 1157; x_wconf 91' lang='lat' dir='ltr'><strong>naturam.</strong></span> <span class='ocrx_word' id='word_1_77' title='bbox 1047 1114 1102 1175; x_wconf 86' lang='lat' dir='ltr'><strong>qua</strong></span> <span class='ocrx_word' id='word_1_78' title='bbox 1130 1097 1247 1156; x_wconf 89' lang='lat' dir='ltr'><strong>ratione</strong></span> <span class='ocrx_word' id='word_1_79' title='bbox 1268 1113 1329 1156; x_wconf 91' lang='lat' dir='ltr'><strong>nou</strong></span> <span class='ocrx_word' id='word_1_80' title='bbox 1351 1104 1448 1176; x_wconf 87' lang='lat' dir='ltr'><strong>polest</strong></span> 
     </span>
     <span class='ocr_line' id='line_1_9' title="bbox 154 1196 1446 1277; baseline 0.002 -20"><span class='ocrx_word' id='word_1_81' title='bbox 154 1197 238 1257; x_wconf 79' lang='lat' dir='ltr'><strong>lieri?</strong></span> <span class='ocrx_word' id='word_1_82' title='bbox 261 1198 399 1276; x_wconf 82' lang='lat' dir='ltr'><strong>quomam</strong></span> <span class='ocrx_word' id='word_1_83' title='bbox 421 1198 569 1257; x_wconf 80' lang='lat' dir='ltr'><strong>vocativus</strong></span> <span class='ocrx_word' id='word_1_84' title='bbox 590 1197 748 1276; x_wconf 82' lang='lat' dir='ltr'><strong>singularis</strong></span> <span class='ocrx_word' id='word_1_85' title='bbox 771 1197 861 1258; x_wconf 89' lang='lat' dir='ltr'><strong>debet</strong></span> <span class='ocrx_word' id='word_1_86' title='bbox 886 1196 996 1277; x_wconf 88' lang='lat' dir='ltr'><strong>aliquid</strong></span> <span class='ocrx_word' id='word_1_87' title='bbox 1020 1196 1203 1258; x_wconf 87' lang='lat' dir='ltr'><strong>dillerentiae</strong></span> <span class='ocrx_word' id='word_1_88' title='bbox 1226 1197 1336 1259; x_wconf 86' lang='lat' dir='ltr'><strong>habere</strong></span> <span class='ocrx_word' id='word_1_89' title='bbox 1359 1216 1375 1258; x_wconf 90' lang='lat' dir='ltr'><strong>a</strong></span> <span class='ocrx_word' id='word_1_90' title='bbox 1398 1216 1446 1259; x_wconf 89' lang='lat' dir='ltr'><strong>vo·</strong></span> 
     </span>
     <span class='ocr_line' id='line_1_10' title="bbox 154 1298 1446 1379; baseline 0.002 -20"><span class='ocrx_word' id='word_1_91' title='bbox 154 1300 249 1359; x_wconf 85' lang='lat' dir='ltr'><strong>rativo</strong></span> <span class='ocrx_word' id='word_1_92' title='bbox 276 1298 398 1378; x_wconf 92' lang='lat' dir='ltr'><strong>plurali;</strong></span> <span class='ocrx_word' id='word_1_93' title='bbox 428 1306 533 1360; x_wconf 88' lang='lat' dir='ltr'><strong>natura</strong></span> <span class='ocrx_word' id='word_1_94' title='bbox 561 1298 654 1378; x_wconf 91' lang='lat' dir='ltr'><strong>ipsius</strong></span> <span class='ocrx_word' id='word_1_95' title='bbox 682 1317 768 1360; x_wconf 86' lang='lat' dir='ltr'><strong>casus</strong></span> <span class='ocrx_word' id='word_1_96' title='bbox 798 1298 853 1361; x_wconf 85' lang='lat' dir='ltr'><strong>hoo</strong></span> <span class='ocrx_word' id='word_1_97' title='bbox 881 1301 987 1378; x_wconf 79' lang='lat' dir='ltr'><strong>exigit,</strong></span> <span class='ocrx_word' id='word_1_98' title='bbox 1012 1307 1042 1360; x_wconf 90' lang='lat' dir='ltr'><strong>et</strong></span> <span class='ocrx_word' id='word_1_99' title='bbox 1063 1298 1130 1359; x_wconf 89' lang='lat' dir='ltr'><strong>dico</strong></span> <span class='ocrx_word' id='word_1_100' title='bbox 1153 1315 1212 1376; x_wconf 91' lang='lat' dir='ltr'><strong>quo</strong></span> <span class='ocrx_word' id='word_1_101' title='bbox 1234 1300 1332 1361; x_wconf 89' lang='lat' dir='ltr'><strong>modo.</strong></span> <span class='ocrx_word' id='word_1_102' title='bbox 1375 1308 1446 1379; x_wconf 89' lang='lat' dir='ltr'><strong>puta</strong></span> 
     </span>
     <span class='ocr_line' id='line_1_11' title="bbox 155 1392 1446 1468; baseline 0.002 -8"><span class='ocrx_word' id='word_1_103' title='bbox 155 1400 204 1460; x_wconf 90' lang='lat' dir='ltr'><strong>hic</strong></span> <span class='ocrx_word' id='word_1_104' title='bbox 225 1401 270 1461; x_wconf 85' lang='lat' dir='ltr'><strong>vir</strong></span> <span class='ocrx_word' id='word_1_105' title='bbox 292 1401 323 1461; x_wconf 90' lang='lat' dir='ltr'><strong>hi</strong></span> <span class='ocrx_word' id='word_1_106' title='bbox 345 1401 415 1468; x_wconf 79' lang='lat' dir='ltr'><strong>viri:</strong></span> <span class='ocrx_word' id='word_1_107' title='bbox 444 1392 514 1461; x_wconf 89' lang='lat' dir='ltr'><strong>ecce</strong></span> <span class='ocrx_word' id='word_1_108' title='bbox 541 1399 590 1461; x_wconf 91' lang='lat' dir='ltr'><strong>hic</strong></span> <span class='ocrx_word' id='word_1_109' title='bbox 617 1400 760 1462; x_wconf 90' lang='lat' dir='ltr'><strong>articulus</strong></span> <span class='ocrx_word' id='word_1_110' title='bbox 788 1410 833 1463; x_wconf 89' lang='lat' dir='ltr'><strong>est</strong></span> <span class='ocrx_word' id='word_1_111' title='bbox 860 1403 891 1462; x_wconf 91' lang='lat' dir='ltr'><strong>in</strong></span> <span class='ocrx_word' id='word_1_112' title='bbox 920 1402 1118 1462; x_wconf 88' lang='lat' dir='ltr'><strong>nominativo:</strong></span> <span class='ocrx_word' id='word_1_113' title='bbox 1154 1401 1241 1462; x_wconf 85' lang='lat' dir='ltr'><strong>huius</strong></span> <span class='ocrx_word' id='word_1_114' title='bbox 1263 1403 1318 1463; x_wconf 89' lang='lat' dir='ltr'><strong>viri</strong></span> <span class='ocrx_word' id='word_1_115' title='bbox 1341 1402 1446 1463; x_wconf 87' lang='lat' dir='ltr'><strong>horum</strong></span> 
     </span>
     <span class='ocr_line' id='line_1_12' title="bbox 117 1501 1448 1584; baseline 0.003 -24"><span class='ocrx_word' id='word_1_116' title='bbox 117 1514 143 1554; x_wconf 82' lang='grc' dir='ltr'><strong>ιι</strong></span> <span class='ocrx_word' id='word_1_117' title='bbox 155 1502 300 1572; x_wconf 91' lang='lat' dir='ltr'><strong>virorum,</strong></span> <span class='ocrx_word' id='word_1_118' title='bbox 328 1501 360 1562; x_wconf 93' lang='lat' dir='ltr'><strong>ld</strong></span> <span class='ocrx_word' id='word_1_119' title='bbox 387 1510 433 1562; x_wconf 91' lang='lat' dir='ltr'><strong>est</strong></span> <span class='ocrx_word' id='word_1_120' title='bbox 459 1521 518 1563; x_wconf 95' lang='lat' dir='ltr'><strong>non</strong></span> <span class='ocrx_word' id='word_1_121' title='bbox 547 1509 592 1563; x_wconf 89' lang='lat' dir='ltr'><strong>est</strong></span> <span class='ocrx_word' id='word_1_122' title='bbox 621 1501 677 1562; x_wconf 91' lang='lat' dir='ltr'><strong>hoc</strong></span> <span class='ocrx_word' id='word_1_123' title='bbox 705 1502 753 1563; x_wconf 90' lang='lat' dir='ltr'><strong>hic</strong></span> <span class='ocrx_word' id='word_1_124' title='bbox 781 1502 861 1580; x_wconf 82' lang='lat' dir='ltr'><strong>quod</strong></span> <span class='ocrx_word' id='word_1_125' title='bbox 890 1512 935 1565; x_wconf 88' lang='lat' dir='ltr'><strong>est</strong></span> <span class='ocrx_word' id='word_1_126' title='bbox 957 1503 1002 1573; x_wconf 88' lang='lat' dir='ltr'><strong>ni,</strong></span> <span class='ocrx_word' id='word_1_127' title='bbox 1033 1521 1091 1564; x_wconf 92' lang='lat' dir='ltr'><strong>non</strong></span> <span class='ocrx_word' id='word_1_128' title='bbox 1115 1502 1237 1563; x_wconf 81' lang='lat' dir='ltr'><strong>esthon</strong></span> <span class='ocrx_word' id='word_1_129' title='bbox 1260 1501 1448 1584; x_wconf 87' lang='lat' dir='ltr'><strong>huiusquod</strong></span> 
     </span>
     <span class='ocr_line' id='line_1_13' title="bbox 156 1602 1449 1683; baseline 0.002 -19"><span class='ocrx_word' id='word_1_130' title='bbox 156 1611 201 1664; x_wconf 87' lang='lat' dir='ltr'><strong>est</strong></span> <span class='ocrx_word' id='word_1_131' title='bbox 221 1603 343 1673; x_wconf 91' lang='lat' dir='ltr'><strong>horum,</strong></span> <span class='ocrx_word' id='word_1_132' title='bbox 373 1622 433 1665; x_wconf 95' lang='lat' dir='ltr'><strong>non</strong></span> <span class='ocrx_word' id='word_1_133' title='bbox 463 1610 509 1665; x_wconf 89' lang='lat' dir='ltr'><strong>est</strong></span> <span class='ocrx_word' id='word_1_134' title='bbox 536 1604 593 1664; x_wconf 90' lang='lat' dir='ltr'><strong>hoc</strong></span> <span class='ocrx_word' id='word_1_135' title='bbox 621 1602 689 1664; x_wconf 88' lang='lat' dir='ltr'><strong>huic</strong></span> <span class='ocrx_word' id='word_1_136' title='bbox 712 1604 789 1682; x_wconf 89' lang='lat' dir='ltr'><strong>quod</strong></span> <span class='ocrx_word' id='word_1_137' title='bbox 813 1614 857 1666; x_wconf 79' lang='grc' dir='ltr'><strong>εει</strong></span> <span class='ocrx_word' id='word_1_138' title='bbox 881 1605 939 1676; x_wconf 86' lang='grc' dir='ltr'><strong>1ιίε,</strong></span> <span class='ocrx_word' id='word_1_139' title='bbox 971 1624 1030 1667; x_wconf 95' lang='lat' dir='ltr'><strong>non</strong></span> <span class='ocrx_word' id='word_1_140' title='bbox 1053 1615 1097 1667; x_wconf 89' lang='grc' dir='ltr'><strong>εει</strong></span> <span class='ocrx_word' id='word_1_141' title='bbox 1120 1604 1176 1665; x_wconf 90' lang='lat' dir='ltr'><strong>hoc</strong></span> <span class='ocrx_word' id='word_1_142' title='bbox 1198 1603 1278 1666; x_wconf 88' lang='lat' dir='ltr'><strong>hunc</strong></span> <span class='ocrx_word' id='word_1_143' title='bbox 1300 1604 1379 1683; x_wconf 91' lang='lat' dir='ltr'><strong>quod</strong></span> <span class='ocrx_word' id='word_1_144' title='bbox 1403 1613 1449 1667; x_wconf 88' lang='lat' dir='ltr'><strong>est</strong></span> 
     </span>
     <span class='ocr_line' id='line_1_14' title="bbox 155 1703 1448 1783; baseline 0.002 -18"><span class='ocrx_word' id='word_1_145' title='bbox 155 1705 224 1776; x_wconf 78' lang='lat' dir='ltr'><strong>lios,</strong></span> <span class='ocrx_word' id='word_1_146' title='bbox 253 1724 312 1767; x_wconf 95' lang='lat' dir='ltr'><strong>non</strong></span> <span class='ocrx_word' id='word_1_147' title='bbox 340 1712 385 1766; x_wconf 89' lang='lat' dir='ltr'><strong>est</strong></span> <span class='ocrx_word' id='word_1_148' title='bbox 410 1707 467 1767; x_wconf 82' lang='lat' dir='ltr'><strong>doc</strong></span> <span class='ocrx_word' id='word_1_149' title='bbox 493 1703 610 1767; x_wconf 89' lang='lat' dir='ltr'><strong>abhoc</strong></span> <span class='ocrx_word' id='word_1_150' title='bbox 633 1706 712 1783; x_wconf 90' lang='lat' dir='ltr'><strong>quod</strong></span> <span class='ocrx_word' id='word_1_151' title='bbox 738 1713 785 1768; x_wconf 90' lang='lat' dir='ltr'><strong>est</strong></span> <span class='ocrx_word' id='word_1_152' title='bbox 806 1705 844 1767; x_wconf 88' lang='lat' dir='ltr'><strong>ab</strong></span> <span class='ocrx_word' id='word_1_153' title='bbox 867 1707 921 1768; x_wconf 90' lang='lat' dir='ltr'><strong>his.</strong></span> <span class='ocrx_word' id='word_1_154' title='bbox 965 1706 1046 1768; x_wconf 88' lang='lat' dir='ltr'><strong>vides</strong></span> <span class='ocrx_word' id='word_1_155' title='bbox 1067 1707 1208 1768; x_wconf 82' lang='lat' dir='ltr'><strong>articulos</strong></span> <span class='ocrx_word' id='word_1_156' title='bbox 1231 1706 1310 1768; x_wconf 90' lang='lat' dir='ltr'><strong>nulla</strong></span> <span class='ocrx_word' id='word_1_157' title='bbox 1334 1707 1448 1768; x_wconf 87' lang='lat' dir='ltr'><strong>rationo</strong></span> 
     </span>
     <span class='ocr_line' id='line_1_15' title="bbox 155 1807 1449 1888; baseline 0.002 -20"><span class='ocrx_word' id='word_1_158' title='bbox 155 1807 212 1869; x_wconf 87' lang='lat' dir='ltr'><strong>sibi</strong></span> <span class='ocrx_word' id='word_1_159' title='bbox 238 1809 418 1870; x_wconf 85' lang='lat' dir='ltr'><strong>consentire.</strong></span> <span class='ocrx_word' id='word_1_160' title='bbox 464 1825 534 1868; x_wconf 89' lang='lat' dir='ltr'><strong>ecce</strong></span> <span class='ocrx_word' id='word_1_161' title='bbox 563 1827 579 1869; x_wconf 92' lang='lat' dir='ltr'><strong>e</strong></span> <span class='ocrx_word' id='word_1_162' title='bbox 607 1811 757 1870; x_wconf 75' lang='lat' dir='ltr'><strong>conuario</strong></span> <span class='ocrx_word' id='word_1_163' title='bbox 784 1810 815 1869; x_wconf 93' lang='lat' dir='ltr'><strong>in</strong></span> <span class='ocrx_word' id='word_1_164' title='bbox 836 1811 893 1870; x_wconf 88' lang='lat' dir='ltr'><strong>isto</strong></span> <span class='ocrx_word' id='word_1_165' title='bbox 915 1811 1062 1878; x_wconf 88' lang='lat' dir='ltr'><strong>vocativo,</strong></span> <span class='ocrx_word' id='word_1_166' title='bbox 1086 1811 1136 1888; x_wconf 85' lang='lat' dir='ltr'><strong>qui</strong></span> <span class='ocrx_word' id='word_1_167' title='bbox 1163 1809 1233 1869; x_wconf 89' lang='lat' dir='ltr'><strong>lacit</strong></span> <span class='ocrx_word' id='word_1_168' title='bbox 1260 1829 1278 1869; x_wconf 97' lang='lat' dir='ltr'><strong>o</strong></span> <span class='ocrx_word' id='word_1_169' title='bbox 1306 1809 1449 1870; x_wconf 84' lang='lat' dir='ltr'><strong>&#39;lurneo</strong></span> 
     </span>
     <span class='ocr_line' id='line_1_16' title="bbox 153 1909 1448 1991; baseline 0 -21"><span class='ocrx_word' id='word_1_170' title='bbox 153 1910 256 1970; x_wconf 83' lang='lat' dir='ltr'><strong>Turni.</strong></span> <span class='ocrx_word' id='word_1_171' title='bbox 294 1929 363 1971; x_wconf 89' lang='lat' dir='ltr'><strong>ecoe</strong></span> <span class='ocrx_word' id='word_1_172' title='bbox 385 1911 443 1970; x_wconf 91' lang='lat' dir='ltr'><strong>iam</strong></span> <span class='ocrx_word' id='word_1_173' title='bbox 464 1927 553 1990; x_wconf 86' lang='lat' dir='ltr'><strong>quem</strong></span> <span class='ocrx_word' id='word_1_174' title='bbox 574 1910 610 1971; x_wconf 91' lang='lat' dir='ltr'><strong>ad</strong></span> <span class='ocrx_word' id='word_1_175' title='bbox 634 1910 755 1972; x_wconf 93' lang='lat' dir='ltr'><strong>modum</strong></span> <span class='ocrx_word' id='word_1_176' title='bbox 777 1927 836 1971; x_wconf 82' lang='lat' dir='ltr'><strong>noo</strong></span> <span class='ocrx_word' id='word_1_177' title='bbox 859 1919 904 1971; x_wconf 89' lang='grc' dir='ltr'><strong>εει</strong></span> <span class='ocrx_word' id='word_1_178' title='bbox 925 1909 1082 1973; x_wconf 80' lang='lat' dir='ltr'><strong>articulus:</strong></span> <span class='ocrx_word' id='word_1_179' title='bbox 1112 1912 1210 1971; x_wconf 87' lang='lat' dir='ltr'><strong>omnis</strong></span> <span class='ocrx_word' id='word_1_180' title='bbox 1229 1909 1371 1972; x_wconf 89' lang='lat' dir='ltr'><strong>articulus</strong></span> <span class='ocrx_word' id='word_1_181' title='bbox 1393 1928 1448 1991; x_wconf 91' lang='lat' dir='ltr'><strong>per</strong></span> 
     </span>
     <span class='ocr_line' id='line_1_17' title="bbox 117 2011 1448 2091; baseline 0.002 -20"><span class='ocrx_word' id='word_1_182' title='bbox 117 2024 142 2064; x_wconf 71' lang='grc' dir='ltr'><strong>ιι</strong></span> <span class='ocrx_word' id='word_1_183' title='bbox 156 2030 259 2073; x_wconf 83' lang='grc' dir='ltr'><strong>οιιιιιεε</strong></span> <span class='ocrx_word' id='word_1_184' title='bbox 291 2031 377 2074; x_wconf 90' lang='lat' dir='ltr'><strong>casus</strong></span> <span class='ocrx_word' id='word_1_185' title='bbox 409 2030 531 2073; x_wconf 89' lang='lat' dir='ltr'><strong>necesse</strong></span> <span class='ocrx_word' id='word_1_186' title='bbox 564 2011 654 2073; x_wconf 89' lang='lat' dir='ltr'><strong>habet</strong></span> <span class='ocrx_word' id='word_1_187' title='bbox 685 2014 716 2072; x_wconf 93' lang='lat' dir='ltr'><strong>in</strong></span> <span class='ocrx_word' id='word_1_188' title='bbox 744 2012 888 2091; x_wconf 82' lang='lat' dir='ltr'><strong>singulari</strong></span> <span class='ocrx_word' id='word_1_189' title='bbox 916 2030 1041 2073; x_wconf 93' lang='lat' dir='ltr'><strong>numero</strong></span> <span class='ocrx_word' id='word_1_190' title='bbox 1069 2011 1155 2073; x_wconf 89' lang='lat' dir='ltr'><strong>aliter</strong></span> <span class='ocrx_word' id='word_1_191' title='bbox 1188 2011 1331 2074; x_wconf 86' lang='lat' dir='ltr'><strong>declinari</strong></span> <span class='ocrx_word' id='word_1_192' title='bbox 1359 2019 1389 2074; x_wconf 89' lang='grc' dir='ltr'><strong>ει</strong></span> <span class='ocrx_word' id='word_1_193' title='bbox 1416 2013 1448 2074; x_wconf 93' lang='lat' dir='ltr'><strong>in</strong></span> 
     </span>
     <span class='ocr_line' id='line_1_18' title="bbox 155 2111 1448 2194; baseline 0.001 -20"><span class='ocrx_word' id='word_1_194' title='bbox 155 2113 261 2193; x_wconf 87' lang='lat' dir='ltr'><strong>plurali</strong></span> <span class='ocrx_word' id='word_1_195' title='bbox 283 2112 383 2183; x_wconf 88' lang='lat' dir='ltr'><strong>aliter,</strong></span> <span class='ocrx_word' id='word_1_196' title='bbox 407 2122 477 2194; x_wconf 90' lang='lat' dir='ltr'><strong>puta</strong></span> <span class='ocrx_word' id='word_1_197' title='bbox 501 2114 548 2174; x_wconf 89' lang='lat' dir='ltr'><strong>hic</strong></span> <span class='ocrx_word' id='word_1_198' title='bbox 570 2114 659 2175; x_wconf 87' lang='lat' dir='ltr'><strong>huius</strong></span> <span class='ocrx_word' id='word_1_199' title='bbox 682 2112 751 2174; x_wconf 86' lang='lat' dir='ltr'><strong>huic</strong></span> <span class='ocrx_word' id='word_1_200' title='bbox 773 2113 852 2174; x_wconf 90' lang='lat' dir='ltr'><strong>hunc</strong></span> <span class='ocrx_word' id='word_1_201' title='bbox 873 2132 892 2174; x_wconf 93' lang='lat' dir='ltr'><strong>o</strong></span> <span class='ocrx_word' id='word_1_202' title='bbox 915 2112 952 2175; x_wconf 90' lang='lat' dir='ltr'><strong>ab</strong></span> <span class='ocrx_word' id='word_1_203' title='bbox 975 2114 1047 2183; x_wconf 86' lang='lat' dir='ltr'><strong>hoc,</strong></span> <span class='ocrx_word' id='word_1_204' title='bbox 1070 2115 1142 2175; x_wconf 89' lang='lat' dir='ltr'><strong>item</strong></span> <span class='ocrx_word' id='word_1_205' title='bbox 1163 2115 1194 2175; x_wconf 93' lang='lat' dir='ltr'><strong>in</strong></span> <span class='ocrx_word' id='word_1_206' title='bbox 1218 2131 1344 2175; x_wconf 91' lang='lat' dir='ltr'><strong>numero</strong></span> <span class='ocrx_word' id='word_1_207' title='bbox 1361 2112 1365 2194; x_wconf 83' lang='grc' dir='ltr'>Ι</span> <span class='ocrx_word' id='word_1_208' title='bbox 1382 2111 1448 2194; x_wconf 91' lang='lat' dir='ltr'><strong>plu·</strong></span> 
     </span>
     <span class='ocr_line' id='line_1_19' title="bbox 155 2214 1447 2296; baseline 0.001 -21"><span class='ocrx_word' id='word_1_209' title='bbox 155 2214 210 2276; x_wconf 90' lang='lat' dir='ltr'><strong>rall</strong></span> <span class='ocrx_word' id='word_1_210' title='bbox 233 2215 262 2276; x_wconf 83' lang='lat' dir='ltr'><strong>li</strong></span> <span class='ocrx_word' id='word_1_211' title='bbox 284 2216 391 2277; x_wconf 90' lang='lat' dir='ltr'><strong>horum</strong></span> <span class='ocrx_word' id='word_1_212' title='bbox 413 2214 460 2276; x_wconf 85' lang='lat' dir='ltr'><strong>lis</strong></span> <span class='ocrx_word' id='word_1_213' title='bbox 482 2214 537 2276; x_wconf 87' lang='lat' dir='ltr'><strong>hos</strong></span> <span class='ocrx_word' id='word_1_214' title='bbox 560 2236 578 2276; x_wconf 97' lang='lat' dir='ltr'><strong>o</strong></span> <span class='ocrx_word' id='word_1_215' title='bbox 601 2215 638 2276; x_wconf 88' lang='lat' dir='ltr'><strong>ab</strong></span> <span class='ocrx_word' id='word_1_216' title='bbox 660 2215 715 2276; x_wconf 88' lang='lat' dir='ltr'><strong>his.</strong></span> <span class='ocrx_word' id='word_1_217' title='bbox 747 2215 889 2296; x_wconf 88' lang='lat' dir='ltr'><strong>numquid</strong></span> <span class='ocrx_word' id='word_1_218' title='bbox 911 2217 1101 2277; x_wconf 88' lang='lat' dir='ltr'><strong>consentiunt</strong></span> <span class='ocrx_word' id='word_1_219' title='bbox 1122 2214 1193 2286; x_wconf 87' lang='lat' dir='ltr'><strong>sibi,</strong></span> <span class='ocrx_word' id='word_1_220' title='bbox 1217 2217 1274 2277; x_wconf 92' lang='lat' dir='ltr'><strong>nisi</strong></span> <span class='ocrx_word' id='word_1_221' title='bbox 1296 2215 1353 2278; x_wconf 89' lang='lat' dir='ltr'><strong>hoc</strong></span> <span class='ocrx_word' id='word_1_222' title='bbox 1368 2215 1447 2295; x_wconf 90' lang='lat' dir='ltr'><strong>qnod</strong></span> 
     </span>
     <span class='ocr_line' id='line_1_20' title="bbox 155 2316 1447 2399; baseline 0 -21"><span class='ocrx_word' id='word_1_223' title='bbox 155 2317 258 2378; x_wconf 88' lang='lat' dir='ltr'><strong>dicunt</strong></span> <span class='ocrx_word' id='word_1_224' title='bbox 278 2320 362 2396; x_wconf 86' lang='lat' dir='ltr'><strong>quasi</strong></span> <span class='ocrx_word' id='word_1_225' title='bbox 385 2335 449 2378; x_wconf 89' lang='lat' dir='ltr'><strong>esse</strong></span> <span class='ocrx_word' id='word_1_226' title='bbox 472 2316 645 2388; x_wconf 90' lang='lat' dir='ltr'><strong>articulum,</strong></span> <span class='ocrx_word' id='word_1_227' title='bbox 669 2318 725 2378; x_wconf 90' lang='lat' dir='ltr'><strong>hoc</strong></span> <span class='ocrx_word' id='word_1_228' title='bbox 746 2324 791 2378; x_wconf 85' lang='lat' dir='ltr'><strong>est</strong></span> <span class='ocrx_word' id='word_1_229' title='bbox 811 2336 844 2386; x_wconf 91' lang='lat' dir='ltr'><strong>o,</strong></span> <span class='ocrx_word' id='word_1_230' title='bbox 868 2317 946 2397; x_wconf 85' lang='lat' dir='ltr'><strong>quod</strong></span> <span class='ocrx_word' id='word_1_231' title='bbox 960 2319 1047 2396; x_wconf 73' lang='lat' dir='ltr'><strong>quasi</strong></span> <span class='ocrx_word' id='word_1_232' title='bbox 1062 2317 1213 2398; x_wconf 89' lang='lat' dir='ltr'><strong>appellant</strong></span> <span class='ocrx_word' id='word_1_233' title='bbox 1227 2337 1282 2399; x_wconf 91' lang='lat' dir='ltr'><strong>pro</strong></span> <span class='ocrx_word' id='word_1_234' title='bbox 1305 2317 1447 2380; x_wconf 73' lang='lat' dir='ltr'><strong>articulo?</strong></span> 
     </span>
     <span class='ocr_line' id='line_1_21' title="bbox 155 2418 1448 2499; baseline 0.002 -21"><span class='ocrx_word' id='word_1_235' title='bbox 155 2419 207 2480; x_wconf 90' lang='lat' dir='ltr'><strong>sed</strong></span> <span class='ocrx_word' id='word_1_236' title='bbox 229 2420 287 2480; x_wconf 82' lang='lat' dir='ltr'><strong>lroc</strong></span> <span class='ocrx_word' id='word_1_237' title='bbox 314 2437 374 2480; x_wconf 93' lang='lat' dir='ltr'><strong>non</strong></span> <span class='ocrx_word' id='word_1_238' title='bbox 402 2425 499 2499; x_wconf 92' lang='lat' dir='ltr'><strong>potest</strong></span> <span class='ocrx_word' id='word_1_239' title='bbox 525 2420 603 2488; x_wconf 88' lang='lat' dir='ltr'><strong>lieri,</strong></span> <span class='ocrx_word' id='word_1_240' title='bbox 633 2427 664 2480; x_wconf 90' lang='lat' dir='ltr'><strong>et</strong></span> <span class='ocrx_word' id='word_1_241' title='bbox 690 2419 797 2481; x_wconf 90' lang='lat' dir='ltr'><strong>dicitur</strong></span> <span class='ocrx_word' id='word_1_242' title='bbox 825 2418 897 2490; x_wconf 92' lang='lat' dir='ltr'><strong>illis,</strong></span> <span class='ocrx_word' id='word_1_243' title='bbox 927 2419 983 2480; x_wconf 86' lang='lat' dir='ltr'><strong>hoc</strong></span> <span class='ocrx_word' id='word_1_244' title='bbox 1004 2421 1101 2499; x_wconf 93' lang='lat' dir='ltr'><strong>ipsum</strong></span> <span class='ocrx_word' id='word_1_245' title='bbox 1126 2438 1186 2481; x_wconf 94' lang='lat' dir='ltr'><strong>non</strong></span> <span class='ocrx_word' id='word_1_246' title='bbox 1207 2428 1307 2499; x_wconf 88' lang='lat' dir='ltr'><strong>potest</strong></span> <span class='ocrx_word' id='word_1_247' title='bbox 1329 2420 1393 2481; x_wconf 85' lang='lat' dir='ltr'><strong>lteri</strong></span> <span class='ocrx_word' id='word_1_248' title='bbox 1414 2427 1448 2480; x_wconf 89' lang='lat' dir='ltr'><strong>ut</strong></span> 
     </span>
     <span class='ocr_line' id='line_1_22' title="bbox 117 2519 1447 2603; baseline 0.002 -23"><span class='ocrx_word' id='word_1_249' title='bbox 117 2535 144 2574; x_wconf 76' lang='grc' dir='ltr'><strong>ιι</strong></span> <span class='ocrx_word' id='word_1_250' title='bbox 157 2523 195 2581; x_wconf 85' lang='grc' dir='ltr'><strong>εἰι</strong></span> <span class='ocrx_word' id='word_1_251' title='bbox 216 2519 358 2582; x_wconf 86' lang='lat' dir='ltr'><strong>articulus</strong></span> <span class='ocrx_word' id='word_1_252' title='bbox 379 2519 484 2581; x_wconf 91' lang='lat' dir='ltr'><strong>similis</strong></span> <span class='ocrx_word' id='word_1_253' title='bbox 510 2521 542 2580; x_wconf 94' lang='lat' dir='ltr'><strong>in</strong></span> <span class='ocrx_word' id='word_1_254' title='bbox 564 2523 696 2582; x_wconf 90' lang='lat' dir='ltr'><strong>vocativo</strong></span> <span class='ocrx_word' id='word_1_255' title='bbox 728 2521 872 2600; x_wconf 80' lang='lat' dir='ltr'><strong>singulari</strong></span> <span class='ocrx_word' id='word_1_256' title='bbox 900 2528 930 2582; x_wconf 96' lang='grc' dir='ltr'><strong>ει</strong></span> <span class='ocrx_word' id='word_1_257' title='bbox 951 2523 982 2582; x_wconf 93' lang='lat' dir='ltr'><strong>in</strong></span> <span class='ocrx_word' id='word_1_258' title='bbox 1004 2523 1137 2582; x_wconf 88' lang='lat' dir='ltr'><strong>vocativo</strong></span> <span class='ocrx_word' id='word_1_259' title='bbox 1160 2521 1283 2603; x_wconf 89' lang='lat' dir='ltr'><strong>plurali,</strong></span> <span class='ocrx_word' id='word_1_260' title='bbox 1307 2523 1447 2602; x_wconf 86' lang='lat' dir='ltr'><strong>quoniam</strong></span> 
     </span>
     <span class='ocr_line' id='line_1_23' title="bbox 156 2621 1447 2704; baseline 0 -20"><span class='ocrx_word' id='word_1_261' title='bbox 156 2622 262 2701; x_wconf 85' lang='lat' dir='ltr'><strong>reliqui</strong></span> <span class='ocrx_word' id='word_1_262' title='bbox 290 2621 406 2684; x_wconf 84' lang='lat' dir='ltr'><strong>articuli</strong></span> <span class='ocrx_word' id='word_1_263' title='bbox 434 2624 566 2683; x_wconf 92' lang='lat' dir='ltr'><strong>omnium</strong></span> <span class='ocrx_word' id='word_1_264' title='bbox 594 2641 716 2685; x_wconf 87' lang='lat' dir='ltr'><strong>casuum</strong></span> <span class='ocrx_word' id='word_1_265' title='bbox 745 2622 857 2685; x_wconf 87' lang='lat' dir='ltr'><strong>habent</strong></span> <span class='ocrx_word' id='word_1_266' title='bbox 883 2622 1009 2704; x_wconf 85' lang='lat' dir='ltr'><strong>aliquam</strong></span> <span class='ocrx_word' id='word_1_267' title='bbox 1032 2622 1237 2685; x_wconf 87' lang='lat' dir='ltr'><strong>dillerentiam.</strong></span> <span class='ocrx_word' id='word_1_268' title='bbox 1283 2624 1447 2685; x_wconf 88' lang='lat' dir='ltr'><strong>etidcirco</strong></span> 
     </span>
     <span class='ocr_line' id='line_1_24' title="bbox 157 2723 1448 2806; baseline 0.002 -22"><span class='ocrx_word' id='word_1_269' title='bbox 157 2727 244 2785; x_wconf 90' lang='lat' dir='ltr'><strong>etiam</strong></span> <span class='ocrx_word' id='word_1_270' title='bbox 266 2726 400 2804; x_wconf 85' lang='lat' dir='ltr'><strong>sequitur</strong></span> <span class='ocrx_word' id='word_1_271' title='bbox 422 2723 495 2785; x_wconf 90' lang='lat' dir='ltr'><strong>illud</strong></span> <span class='ocrx_word' id='word_1_272' title='bbox 518 2733 551 2785; x_wconf 91' lang='lat' dir='ltr'><strong>ut</strong></span> <span class='ocrx_word' id='word_1_273' title='bbox 572 2725 629 2786; x_wconf 90' lang='lat' dir='ltr'><strong>hoc</strong></span> <span class='ocrx_word' id='word_1_274' title='bbox 654 2724 743 2795; x_wconf 91' lang='lat' dir='ltr'><strong>dicas,</strong></span> <span class='ocrx_word' id='word_1_275' title='bbox 767 2727 906 2806; x_wconf 84' lang='lat' dir='ltr'><strong>quoniam</strong></span> <span class='ocrx_word' id='word_1_276' title='bbox 928 2726 1098 2787; x_wconf 86' lang='lat' dir='ltr'><strong>lntericctio</strong></span> <span class='ocrx_word' id='word_1_277' title='bbox 1121 2733 1175 2795; x_wconf 89' lang='lat' dir='ltr'><strong>est,</strong></span> <span class='ocrx_word' id='word_1_278' title='bbox 1201 2723 1266 2805; x_wconf 87' lang='lat' dir='ltr'><strong>[aut</strong></span> <span class='ocrx_word' id='word_1_279' title='bbox 1288 2725 1343 2786; x_wconf 90' lang='lat' dir='ltr'><strong>hoc</strong></span> <span class='ocrx_word' id='word_1_280' title='bbox 1365 2725 1448 2786; x_wconf 86' lang='lat' dir='ltr'><strong>dices</strong></span> 
     </span>
     <span class='ocr_line' id='line_1_25' title="bbox 156 2825 1446 2913; baseline 0.002 -28"><span class='ocrx_word' id='word_1_281' title='bbox 156 2825 405 2907; x_wconf 85' lang='lat' dir='ltr'><strong>interiectionem]</strong></span> <span class='ocrx_word' id='word_1_282' title='bbox 427 2833 478 2887; x_wconf 91' lang='lat' dir='ltr'><strong>aut</strong></span> <span class='ocrx_word' id='word_1_283' title='bbox 499 2835 581 2887; x_wconf 87' lang='lat' dir='ltr'><strong>certe</strong></span> <span class='ocrx_word' id='word_1_284' title='bbox 603 2825 776 2887; x_wconf 88' lang='lat' dir='ltr'><strong>adverbium</strong></span> <span class='ocrx_word' id='word_1_285' title='bbox 799 2836 856 2913; x_wconf 90' lang='lat' dir='ltr'><strong>est,</strong></span> <span class='ocrx_word' id='word_1_286' title='bbox 879 2827 957 2906; x_wconf 91' lang='lat' dir='ltr'><strong>quod</strong></span> <span class='ocrx_word' id='word_1_287' title='bbox 980 2829 1119 2905; x_wconf 83' lang='lat' dir='ltr'><strong>iungatur</strong></span> <span class='ocrx_word' id='word_1_288' title='bbox 1140 2828 1281 2888; x_wconf 88' lang='lat' dir='ltr'><strong>vocativo.</strong></span> <span class='ocrx_word' id='word_1_289' title='bbox 1314 2834 1446 2888; x_wconf 84' lang='lat' dir='ltr'><strong>ceterum</strong></span> 
     </span>
     <span class='ocr_line' id='line_1_26' title="bbox 157 2927 1475 3009; baseline 0.002 -22"><span class='ocrx_word' id='word_1_290' title='bbox 157 2927 297 2990; x_wconf 89' lang='lat' dir='ltr'><strong>articulus</strong></span> <span class='ocrx_word' id='word_1_291' title='bbox 325 2928 448 2988; x_wconf 87' lang='lat' dir='ltr'><strong>vocativi</strong></span> <span class='ocrx_word' id='word_1_292' title='bbox 474 2946 561 2990; x_wconf 89' lang='lat' dir='ltr'><strong>casus</strong></span> <span class='ocrx_word' id='word_1_293' title='bbox 583 2947 642 2989; x_wconf 92' lang='lat' dir='ltr'><strong>uon</strong></span> <span class='ocrx_word' id='word_1_294' title='bbox 664 2936 762 3009; x_wconf 86' lang='lat' dir='ltr'><strong>potest</strong></span> <span class='ocrx_word' id='word_1_295' title='bbox 784 2928 856 2998; x_wconf 88' lang='lat' dir='ltr'><strong>diri;</strong></span> <span class='ocrx_word' id='word_1_296' title='bbox 886 2927 1053 2990; x_wconf 81' lang='lat' dir='ltr'><strong>excluderis</strong></span> <span class='ocrx_word' id='word_1_297' title='bbox 1081 2931 1160 2989; x_wconf 90' lang='lat' dir='ltr'><strong>enim</strong></span> <span class='ocrx_word' id='word_1_298' title='bbox 1183 2927 1220 2990; x_wconf 92' lang='lat' dir='ltr'><strong>ab</strong></span> <span class='ocrx_word' id='word_1_299' title='bbox 1243 2929 1298 2989; x_wconf 90' lang='lat' dir='ltr'><strong>ista</strong></span> <span class='ocrx_word' id='word_1_300' title='bbox 1321 2931 1445 2989; x_wconf 92' lang='lat' dir='ltr'><strong>ratione.</strong></span> <span class='ocrx_word' id='word_1_301' title='bbox 1472 2927 1475 2934; x_wconf 83' lang='lat'>&#39;</span> 
     </span>
     <span class='ocr_line' id='line_1_27' title="bbox 120 3028 1056 3110; baseline 0.001 -20"><span class='ocrx_word' id='word_1_302' title='bbox 120 3042 145 3082; x_wconf 79' lang='lat'><strong>2⁵</strong></span> <span class='ocrx_word' id='word_1_303' title='bbox 159 3048 227 3091; x_wconf 88' lang='lat' dir='ltr'><strong>ecce</strong></span> <span class='ocrx_word' id='word_1_304' title='bbox 248 3029 342 3092; x_wconf 88' lang='lat' dir='ltr'><strong>habes</strong></span> <span class='ocrx_word' id='word_1_305' title='bbox 364 3047 435 3108; x_wconf 80' lang='lat' dir='ltr'><strong>ergo</strong></span> <span class='ocrx_word' id='word_1_306' title='bbox 457 3028 507 3090; x_wconf 90' lang='lat' dir='ltr'><strong>ubi</strong></span> <span class='ocrx_word' id='word_1_307' title='bbox 530 3049 590 3091; x_wconf 94' lang='lat' dir='ltr'><strong>non</strong></span> <span class='ocrx_word' id='word_1_308' title='bbox 612 3032 761 3092; x_wconf 91' lang='lat' dir='ltr'><strong>invenitur</strong></span> <span class='ocrx_word' id='word_1_309' title='bbox 782 3032 930 3093; x_wconf 89' lang='lat' dir='ltr'><strong>vocativus</strong></span> <span class='ocrx_word' id='word_1_310' title='bbox 952 3048 1056 3110; x_wconf 60' lang='lat' dir='ltr'><strong>casus„</strong></span> 
     </span>
     <span class='ocr_line' id='line_1_28' title="bbox 240 3131 1561 3211; baseline 0.003 -19"><span class='ocrx_word' id='word_1_311' title='bbox 240 3132 311 3193; x_wconf 89' lang='lat' dir='ltr'><strong>ltem</strong></span> <span class='ocrx_word' id='word_1_312' title='bbox 341 3131 434 3193; x_wconf 86' lang='lat' dir='ltr'><strong>habes</strong></span> <span class='ocrx_word' id='word_1_313' title='bbox 462 3150 642 3211; x_wconf 86' lang='lat' dir='ltr'>pronomen,</span> <span class='ocrx_word' id='word_1_314' title='bbox 670 3131 721 3194; x_wconf 88' lang='lat' dir='ltr'><strong>ubi</strong></span> <span class='ocrx_word' id='word_1_315' title='bbox 749 3151 808 3194; x_wconf 92' lang='lat' dir='ltr'><strong>non</strong></span> <span class='ocrx_word' id='word_1_316' title='bbox 837 3132 950 3192; x_wconf 85' lang='lat' dir='ltr'><strong>invenis</strong></span> <span class='ocrx_word' id='word_1_317' title='bbox 978 3133 1142 3192; x_wconf 90' lang='lat' dir='ltr'><strong>vocativum</strong></span> <span class='ocrx_word' id='word_1_318' title='bbox 1166 3140 1195 3192; x_wconf 90' lang='lat' dir='ltr'><strong>et</strong></span> <span class='ocrx_word' id='word_1_319' title='bbox 1222 3133 1445 3201; x_wconf 86' lang='lat' dir='ltr'><strong>nominativum,</strong></span> <span class='ocrx_word' id='word_1_320' title='bbox 1459 3146 1518 3204; x_wconf 77' lang='grc' dir='ltr'><strong>ιιι,</strong></span> <span class='ocrx_word' id='word_1_321' title='bbox 1532 3147 1561 3195; x_wconf 89' lang='lat'><strong>11</strong></span> 
     </span>
     <span class='ocr_line' id='line_1_29' title="bbox 159 3232 1447 3312; baseline 0.001 -19"><span class='ocrx_word' id='word_1_322' title='bbox 159 3243 189 3293; x_wconf 89' lang='lat' dir='ltr'><strong>ut</strong></span> <span class='ocrx_word' id='word_1_323' title='bbox 212 3241 256 3295; x_wconf 88' lang='lat' dir='ltr'><strong>est</strong></span> <span class='ocrx_word' id='word_1_324' title='bbox 277 3236 323 3295; x_wconf 91' lang='lat' dir='ltr'><strong>sni</strong></span> <span class='ocrx_word' id='word_1_325' title='bbox 345 3233 401 3295; x_wconf 89' lang='lat' dir='ltr'><strong>sibi</strong></span> <span class='ocrx_word' id='word_1_326' title='bbox 424 3251 456 3294; x_wconf 85' lang='lat' dir='ltr'><strong>se</strong></span> <span class='ocrx_word' id='word_1_327' title='bbox 479 3252 559 3294; x_wconf 90' lang='lat' dir='ltr'><strong>ase.</strong></span> <span class='ocrx_word' id='word_1_328' title='bbox 605 3253 660 3295; x_wconf 90' lang='lat' dir='ltr'><strong>nec</strong></span> <span class='ocrx_word' id='word_1_329' title='bbox 688 3242 716 3294; x_wconf 91' lang='lat' dir='ltr'><strong>te</strong></span> <span class='ocrx_word' id='word_1_330' title='bbox 745 3233 874 3312; x_wconf 89' lang='lat' dir='ltr'><strong>decipiat</strong></span> <span class='ocrx_word' id='word_1_331' title='bbox 900 3232 950 3293; x_wconf 91' lang='lat' dir='ltr'><strong>illa</strong></span> <span class='ocrx_word' id='word_1_332' title='bbox 979 3233 1150 3304; x_wconf 88' lang='lat' dir='ltr'><strong>declinatio,</strong></span> <span class='ocrx_word' id='word_1_333' title='bbox 1180 3233 1227 3294; x_wconf 88' lang='lat' dir='ltr'><strong>hic</strong></span> <span class='ocrx_word' id='word_1_334' title='bbox 1250 3252 1337 3303; x_wconf 87' lang='lat' dir='ltr'><strong>suus,</strong></span> <span class='ocrx_word' id='word_1_335' title='bbox 1360 3234 1447 3294; x_wconf 88' lang='lat' dir='ltr'><strong>huius</strong></span> 
     </span>
     <span class='ocr_line' id='line_1_30' title="bbox 157 3335 1446 3418; baseline 0.002 -24"><span class='ocrx_word' id='word_1_336' title='bbox 157 3336 217 3404; x_wconf 91' lang='lat' dir='ltr'><strong>sni,</strong></span> <span class='ocrx_word' id='word_1_337' title='bbox 240 3344 272 3396; x_wconf 95' lang='lat' dir='ltr'><strong>ut</strong></span> <span class='ocrx_word' id='word_1_338' title='bbox 293 3338 332 3397; x_wconf 89' lang='lat' dir='ltr'><strong>sit</strong></span> <span class='ocrx_word' id='word_1_339' title='bbox 352 3354 516 3415; x_wconf 84' lang='lat' dir='ltr'>pronomen</span> <span class='ocrx_word' id='word_1_340' title='bbox 541 3337 624 3413; x_wconf 85' lang='lat' dir='ltr'><strong>quasi</strong></span> <span class='ocrx_word' id='word_1_341' title='bbox 647 3337 860 3415; x_wconf 87' lang='lat' dir='ltr'><strong>possessivum,</strong></span> <span class='ocrx_word' id='word_1_342' title='bbox 883 3353 966 3396; x_wconf 92' lang='lat' dir='ltr'><strong>meus</strong></span> <span class='ocrx_word' id='word_1_343' title='bbox 987 3345 1057 3396; x_wconf 91' lang='lat' dir='ltr'><strong>tuus</strong></span> <span class='ocrx_word' id='word_1_344' title='bbox 1077 3354 1159 3418; x_wconf 83' lang='lat' dir='ltr'><strong>suus.</strong></span> <span class='ocrx_word' id='word_1_345' title='bbox 1194 3344 1223 3396; x_wconf 86' lang='lat' dir='ltr'><strong>et</strong></span> <span class='ocrx_word' id='word_1_346' title='bbox 1245 3335 1306 3395; x_wconf 87' lang='lat' dir='ltr'><strong>dixi</strong></span> <span class='ocrx_word' id='word_1_347' title='bbox 1329 3343 1398 3415; x_wconf 90' lang='lat' dir='ltr'><strong>puta</strong></span> <span class='ocrx_word' id='word_1_348' title='bbox 1420 3336 1446 3397; x_wconf 89' lang='lat' dir='ltr'><strong>si</strong></span> 
     </span>
     <span class='ocr_line' id='line_1_31' title="bbox 157 3436 1464 3514; baseline 0.002 -19"><span class='ocrx_word' id='word_1_349' title='bbox 157 3439 290 3514; x_wconf 88' lang='lat' dir='ltr'><strong>sequeris</strong></span> <span class='ocrx_word' id='word_1_350' title='bbox 312 3439 398 3499; x_wconf 89' lang='lat' dir='ltr'><strong>istam</strong></span> <span class='ocrx_word' id='word_1_351' title='bbox 422 3437 667 3507; x_wconf 89' lang='lat' dir='ltr'><strong>declinationem,</strong></span> <span class='ocrx_word' id='word_1_352' title='bbox 691 3456 750 3499; x_wconf 95' lang='lat' dir='ltr'><strong>non</strong></span> <span class='ocrx_word' id='word_1_353' title='bbox 774 3444 819 3498; x_wconf 92' lang='grc' dir='ltr'><strong>εει</strong></span> <span class='ocrx_word' id='word_1_354' title='bbox 839 3438 895 3496; x_wconf 81' lang='lat' dir='ltr'><strong>iata</strong></span> <span class='ocrx_word' id='word_1_355' title='bbox 917 3438 947 3497; x_wconf 93' lang='lat' dir='ltr'><strong>in</strong></span> <span class='ocrx_word' id='word_1_356' title='bbox 971 3444 1097 3507; x_wconf 88' lang='lat' dir='ltr'><strong>tanturn,</strong></span> <span class='ocrx_word' id='word_1_357' title='bbox 1123 3436 1261 3499; x_wconf 71' lang='lat' dir='ltr'><strong>aneilla</strong></span> <span class='ocrx_word' id='word_1_358' title='bbox 1288 3437 1464 3499; x_wconf 89' lang='lat' dir='ltr'><strong>declinatio·</strong></span> 
     </span>
     <span class='ocr_line' id='line_1_32' title="bbox 119 3536 1447 3621; baseline 0.002 -24"><span class='ocrx_word' id='word_1_359' title='bbox 119 3557 145 3597; x_wconf 79' lang='lat' dir='ltr'><strong>so</strong></span> <span class='ocrx_word' id='word_1_360' title='bbox 159 3537 244 3599; x_wconf 92' lang='lat' dir='ltr'><strong>alium</strong></span> <span class='ocrx_word' id='word_1_361' title='bbox 268 3536 357 3599; x_wconf 86' lang='lat' dir='ltr'><strong>habet</strong></span> <span class='ocrx_word' id='word_1_362' title='bbox 379 3540 522 3609; x_wconf 90' lang='lat' dir='ltr'><strong>dativum,</strong></span> <span class='ocrx_word' id='word_1_363' title='bbox 546 3542 601 3600; x_wconf 88' lang='lat' dir='ltr'><strong>ista</strong></span> <span class='ocrx_word' id='word_1_364' title='bbox 623 3540 727 3601; x_wconf 91' lang='lat' dir='ltr'><strong>alium:</strong></span> <span class='ocrx_word' id='word_1_365' title='bbox 756 3557 829 3600; x_wconf 89' lang='lat' dir='ltr'><strong>suus</strong></span> <span class='ocrx_word' id='word_1_366' title='bbox 850 3541 895 3600; x_wconf 91' lang='lat' dir='ltr'><strong>sui</strong></span> <span class='ocrx_word' id='word_1_367' title='bbox 917 3556 971 3599; x_wconf 93' lang='lat' dir='ltr'><strong>suo</strong></span> <span class='ocrx_word' id='word_1_368' title='bbox 995 3537 1096 3618; x_wconf 91' lang='lat' dir='ltr'><strong>[suum</strong></span> <span class='ocrx_word' id='word_1_369' title='bbox 1118 3558 1134 3600; x_wconf 93' lang='lat' dir='ltr'><strong>a</strong></span> <span class='ocrx_word' id='word_1_370' title='bbox 1157 3538 1225 3621; x_wconf 91' lang='lat' dir='ltr'><strong>suo]</strong></span> <span class='ocrx_word' id='word_1_371' title='bbox 1250 3540 1333 3609; x_wconf 88' lang='lat' dir='ltr'><strong>lacit;</strong></span> <span class='ocrx_word' id='word_1_372' title='bbox 1358 3539 1447 3600; x_wconf 90' lang='lat' dir='ltr'><strong>modo</strong></span> 
     </span>
     <span class='ocr_line' id='line_1_33' title="bbox 158 3639 1445 3722; baseline 0.004 -24"><span class='ocrx_word' id='word_1_373' title='bbox 158 3649 254 3701; x_wconf 89' lang='lat' dir='ltr'><strong>autem</strong></span> <span class='ocrx_word' id='word_1_374' title='bbox 282 3640 352 3703; x_wconf 86' lang='lat' dir='ltr'><strong>iacit</strong></span> <span class='ocrx_word' id='word_1_375' title='bbox 377 3644 423 3702; x_wconf 92' lang='lat' dir='ltr'><strong>sni</strong></span> <span class='ocrx_word' id='word_1_376' title='bbox 445 3641 503 3703; x_wconf 87' lang='lat' dir='ltr'><strong>sibi</strong></span> <span class='ocrx_word' id='word_1_377' title='bbox 525 3640 572 3722; x_wconf 90' lang='lat' dir='ltr'><strong>[se</strong></span> <span class='ocrx_word' id='word_1_378' title='bbox 595 3658 610 3701; x_wconf 92' lang='lat' dir='ltr'><strong>a</strong></span> <span class='ocrx_word' id='word_1_379' title='bbox 633 3642 690 3721; x_wconf 87' lang='lat' dir='ltr'><strong>se].</strong></span> <span class='ocrx_word' id='word_1_380' title='bbox 727 3641 871 3720; x_wconf 88' lang='lat' dir='ltr'><strong>numquid</strong></span> <span class='ocrx_word' id='word_1_381' title='bbox 902 3639 1006 3702; x_wconf 87' lang='lat' dir='ltr'><strong>similis</strong></span> <span class='ocrx_word' id='word_1_382' title='bbox 1028 3647 1073 3701; x_wconf 89' lang='lat' dir='ltr'><strong>est</strong></span> <span class='ocrx_word' id='word_1_383' title='bbox 1095 3639 1272 3703; x_wconf 74' lang='lat' dir='ltr'><strong>declinatio?</strong></span> <span class='ocrx_word' id='word_1_384' title='bbox 1295 3660 1367 3721; x_wconf 81' lang='lat' dir='ltr'><strong>ergo</strong></span> <span class='ocrx_word' id='word_1_385' title='bbox 1389 3641 1445 3703; x_wconf 88' lang='lat' dir='ltr'><strong>hoc</strong></span> 
     </span>
    </p>
   </div>
   <div class='ocr_carea' id='block_1_4' title="bbox 151 3912 1448 4961">
    <p class='ocr_par' dir='ltr' id='par_1_4' title="bbox 151 3912 1448 4961">
     <span class='ocr_line' id='line_1_34' title="bbox 225 3912 1445 3981; baseline -0.002 -15"><span class='ocrx_word' id='word_1_386' title='bbox 225 3914 388 3966; x_wconf 84' lang='lat' dir='ltr'><strong>liouenitur</strong></span> <span class='ocrx_word' id='word_1_387' title='bbox 406 3929 544 3980; x_wconf 87' lang='lat' dir='ltr'>pronomen</span> <span class='ocrx_word' id='word_1_388' title='bbox 564 3915 607 3964; x_wconf 90' lang='lat' dir='ltr'><strong>ubi</strong></span> <span class='ocrx_word' id='word_1_389' title='bbox 627 3915 699 3964; x_wconf 84' lang='lat' dir='ltr'><strong>BGo</strong></span> <span class='ocrx_word' id='word_1_390' title='bbox 721 3915 764 3964; x_wconf 90' lang='lat' dir='ltr'><strong>ubi</strong></span> <span class='ocrx_word' id='word_1_391' title='bbox 782 3929 920 3980; x_wconf 89' lang='lat' dir='ltr'>pronomen</span> <span class='ocrx_word' id='word_1_392' title='bbox 942 3914 984 3964; x_wconf 87' lang='lat' dir='ltr'><strong>ubi</strong></span> <span class='ocrx_word' id='word_1_393' title='bbox 1006 3915 1031 3963; x_wconf 99' lang='lat' dir='ltr'><em>A</em></span> <span class='ocrx_word' id='word_1_394' title='bbox 1100 3912 1223 3981; x_wconf 74' lang='lat' dir='ltr'><strong>Sexagit</strong></span> <span class='ocrx_word' id='word_1_395' title='bbox 1244 3917 1268 3964; x_wconf 91' lang='lat' dir='ltr'><em>A</em></span> <span class='ocrx_word' id='word_1_396' title='bbox 1340 3914 1373 3965; x_wconf 85' lang='lat'><strong>10</strong></span> <span class='ocrx_word' id='word_1_397' title='bbox 1395 3929 1445 3964; x_wconf 91' lang='lat' dir='ltr'><strong>non</strong></span> 
     </span>
     <span class='ocr_line' id='line_1_35' title="bbox 157 3984 1446 4039; baseline 0.002 -7"><span class='ocrx_word' id='word_1_398' title='bbox 157 3984 260 4034; x_wconf 79' lang='lat' dir='ltr'><strong>esthon</strong></span> <span class='ocrx_word' id='word_1_399' title='bbox 280 3984 321 4034; x_wconf 86' lang='lat' dir='ltr'><strong>hic</strong></span> <span class='ocrx_word' id='word_1_400' title='bbox 341 3985 427 4035; x_wconf 78' lang='lat' dir='ltr'><strong>noa:</strong></span> <span class='ocrx_word' id='word_1_401' title='bbox 448 3994 486 4034; x_wconf 85' lang='lat' dir='ltr'><strong>est</strong></span> <span class='ocrx_word' id='word_1_402' title='bbox 505 4002 552 4039; x_wconf 84' lang='lat' dir='ltr'><strong>orn,</strong></span> <span class='ocrx_word' id='word_1_403' title='bbox 571 3986 595 4032; x_wconf 87' lang='lat' dir='ltr'><em>A</em></span> <span class='ocrx_word' id='word_1_404' title='bbox 667 3999 716 4034; x_wconf 94' lang='lat' dir='ltr'><strong>non</strong></span> <span class='ocrx_word' id='word_1_405' title='bbox 736 3995 774 4034; x_wconf 84' lang='lat' dir='ltr'><strong>eat</strong></span> <span class='ocrx_word' id='word_1_406' title='bbox 791 3984 839 4034; x_wconf 88' lang='lat' dir='ltr'><strong>hoc</strong></span> <span class='ocrx_word' id='word_1_407' title='bbox 856 3984 932 4035; x_wconf 88' lang='lat' dir='ltr'><strong>huius</strong></span> <span class='ocrx_word' id='word_1_408' title='bbox 951 3985 1039 4035; x_wconf 70' lang='lat' dir='ltr'><strong>Bon.-</strong></span> <span class='ocrx_word' id='word_1_409' title='bbox 1059 3984 1109 4034; x_wconf 89' lang='lat' dir='ltr'><strong>hoc</strong></span> <span class='ocrx_word' id='word_1_410' title='bbox 1125 4000 1171 4037; x_wconf 82' lang='lat' dir='ltr'><strong>cru.</strong></span> <span class='ocrx_word' id='word_1_411' title='bbox 1190 3986 1214 4034; x_wconf 95' lang='lat' dir='ltr'><em>A</em></span> <span class='ocrx_word' id='word_1_412' title='bbox 1286 3984 1318 4036; x_wconf 93' lang='grc'><strong>11</strong></span> <span class='ocrx_word' id='word_1_413' title='bbox 1338 3998 1387 4034; x_wconf 90' lang='lat' dir='ltr'><strong>non</strong></span> <span class='ocrx_word' id='word_1_414' title='bbox 1407 3994 1446 4036; x_wconf 88' lang='grc' dir='ltr'><strong>εει</strong></span> 
     </span>
     <span class='ocr_line' id='line_1_36' title="bbox 157 4052 1446 4107; baseline 0.001 -5"><span class='ocrx_word' id='word_1_415' title='bbox 157 4052 205 4103; x_wconf 91' lang='lat' dir='ltr'><strong>hoo</strong></span> <span class='ocrx_word' id='word_1_416' title='bbox 219 4054 278 4103; x_wconf 87' lang='lat' dir='ltr'><strong>huic</strong></span> <span class='ocrx_word' id='word_1_417' title='bbox 293 4055 364 4105; x_wconf 83' lang='lat' dir='ltr'><strong>BCo</strong></span> <span class='ocrx_word' id='word_1_418' title='bbox 381 4070 427 4104; x_wconf 89' lang='lat' dir='ltr'><strong>neo</strong></span> <span class='ocrx_word' id='word_1_419' title='bbox 441 4054 489 4104; x_wconf 91' lang='lat' dir='ltr'><strong>hoc</strong></span> <span class='ocrx_word' id='word_1_420' title='bbox 507 4065 545 4105; x_wconf 85' lang='grc' dir='ltr'><strong>εει</strong></span> <span class='ocrx_word' id='word_1_421' title='bbox 558 4054 618 4104; x_wconf 90' lang='lat' dir='ltr'><strong>hnic</strong></span> <span class='ocrx_word' id='word_1_422' title='bbox 635 4056 660 4104; x_wconf 88' lang='lat' dir='ltr'><em>A</em></span> <span class='ocrx_word' id='word_1_423' title='bbox 714 4068 763 4104; x_wconf 90' lang='lat' dir='ltr'><strong>non</strong></span> <span class='ocrx_word' id='word_1_424' title='bbox 783 4063 821 4104; x_wconf 90' lang='lat' dir='ltr'><strong>est</strong></span> <span class='ocrx_word' id='word_1_425' title='bbox 840 4054 889 4104; x_wconf 91' lang='lat' dir='ltr'><strong>hoo</strong></span> <span class='ocrx_word' id='word_1_426' title='bbox 907 4053 974 4104; x_wconf 90' lang='lat' dir='ltr'><strong>hunc</strong></span> <span class='ocrx_word' id='word_1_427' title='bbox 987 4055 1049 4105; x_wconf 83' lang='lat' dir='ltr'><strong>BG:</strong></span> <span class='ocrx_word' id='word_1_428' title='bbox 1069 4054 1118 4104; x_wconf 91' lang='lat' dir='ltr'><strong>hoo</strong></span> <span class='ocrx_word' id='word_1_429' title='bbox 1135 4070 1181 4107; x_wconf 82' lang='lat' dir='ltr'><strong>om.</strong></span> <span class='ocrx_word' id='word_1_430' title='bbox 1200 4056 1225 4104; x_wconf 88' lang='lat' dir='ltr'><em>A</em></span> <span class='ocrx_word' id='word_1_431' title='bbox 1287 4056 1320 4104; x_wconf 84' lang='lat' dir='ltr'><strong>m</strong></span> <span class='ocrx_word' id='word_1_432' title='bbox 1338 4069 1388 4105; x_wconf 91' lang='lat' dir='ltr'><strong>non</strong></span> <span class='ocrx_word' id='word_1_433' title='bbox 1407 4063 1446 4104; x_wconf 85' lang='lat' dir='ltr'><strong>est</strong></span> 
     </span>
     <span class='ocr_line' id='line_1_37' title="bbox 156 4123 1392 4188; baseline 0.002 -15"><span class='ocrx_word' id='word_1_434' title='bbox 156 4125 187 4174; x_wconf 82' lang='lat' dir='ltr'><strong>ab</strong></span> <span class='ocrx_word' id='word_1_435' title='bbox 205 4125 253 4174; x_wconf 90' lang='lat' dir='ltr'><strong>hoc</strong></span> <span class='ocrx_word' id='word_1_436' title='bbox 270 4125 357 4175; x_wconf 82' lang='lat' dir='ltr'><strong>ABG</strong></span> <span class='ocrx_word' id='word_1_437' title='bbox 427 4125 459 4174; x_wconf 84' lang='lat'><strong>13</strong></span> <span class='ocrx_word' id='word_1_438' title='bbox 477 4141 490 4173; x_wconf 88' lang='grc' dir='ltr'><strong>ε</strong></span> <span class='ocrx_word' id='word_1_439' title='bbox 512 4126 638 4175; x_wconf 88' lang='lat' dir='ltr'><strong>oommrlo</strong></span> <span class='ocrx_word' id='word_1_440' title='bbox 656 4126 741 4188; x_wconf 85' lang='lat' dir='ltr'><strong>etqui</strong></span> <span class='ocrx_word' id='word_1_441' title='bbox 759 4123 820 4175; x_wconf 85' lang='lat' dir='ltr'><strong>iacit</strong></span> <span class='ocrx_word' id='word_1_442' title='bbox 834 4140 880 4177; x_wconf 78' lang='lat' dir='ltr'><strong>om.</strong></span> <span class='ocrx_word' id='word_1_443' title='bbox 899 4125 934 4181; x_wconf 85' lang='lat' dir='ltr'><strong>A,</strong></span> <span class='ocrx_word' id='word_1_444' title='bbox 953 4125 1015 4175; x_wconf 85' lang='lat' dir='ltr'><strong>odd.</strong></span> <span class='ocrx_word' id='word_1_445' title='bbox 1034 4141 1051 4173; x_wconf 87' lang='grc' dir='ltr'><em>α</em></span> <span class='ocrx_word' id='word_1_446' title='bbox 1123 4125 1156 4174; x_wconf 81' lang='grc'><strong>14</strong></span> <span class='ocrx_word' id='word_1_447' title='bbox 1174 4139 1224 4173; x_wconf 91' lang='lat' dir='ltr'><strong>non</strong></span> <span class='ocrx_word' id='word_1_448' title='bbox 1242 4139 1288 4177; x_wconf 82' lang='lat' dir='ltr'><strong>om.</strong></span> <span class='ocrx_word' id='word_1_449' title='bbox 1308 4123 1392 4175; x_wconf 81' lang='lat' dir='ltr'><strong>ABG</strong></span> 
     </span>
     <span class='ocr_line' id='line_1_38' title="bbox 157 4191 1448 4261; baseline -0.002 -17"><span class='ocrx_word' id='word_1_450' title='bbox 157 4193 190 4245; x_wconf 81' lang='grc'><strong>16</strong></span> <span class='ocrx_word' id='word_1_451' title='bbox 208 4195 267 4243; x_wconf 90' lang='lat' dir='ltr'><strong>item</strong></span> <span class='ocrx_word' id='word_1_452' title='bbox 279 4198 304 4244; x_wconf 91' lang='lat' dir='ltr'><strong>in</strong></span> <span class='ocrx_word' id='word_1_453' title='bbox 316 4194 355 4259; x_wconf 87' lang='lat' dir='ltr'><strong>(in</strong></span> <span class='ocrx_word' id='word_1_454' title='bbox 371 4209 417 4245; x_wconf 86' lang='lat' dir='ltr'><strong>om.</strong></span> <span class='ocrx_word' id='word_1_455' title='bbox 432 4195 467 4258; x_wconf 87' lang='lat' dir='ltr'><strong>A,</strong></span> <span class='ocrx_word' id='word_1_456' title='bbox 479 4196 539 4245; x_wconf 84' lang='lat' dir='ltr'><strong>odd.</strong></span> <span class='ocrx_word' id='word_1_457' title='bbox 554 4195 584 4259; x_wconf 83' lang='lat' dir='ltr'><strong>a)</strong></span> <span class='ocrx_word' id='word_1_458' title='bbox 599 4197 753 4245; x_wconf 88' lang='lat' dir='ltr'><strong>nominatiuo</strong></span> <span class='ocrx_word' id='word_1_459' title='bbox 769 4193 860 4261; x_wconf 82' lang='lat' dir='ltr'><strong>plurali</strong></span> <span class='ocrx_word' id='word_1_460' title='bbox 873 4194 958 4246; x_wconf 80' lang='lat' dir='ltr'><strong>ABG</strong></span> <span class='ocrx_word' id='word_1_461' title='bbox 1011 4193 1044 4245; x_wconf 82' lang='lat'><strong>18</strong></span> <span class='ocrx_word' id='word_1_462' title='bbox 1055 4195 1115 4244; x_wconf 88' lang='lat' dir='ltr'><strong>dicit</strong></span> <span class='ocrx_word' id='word_1_463' title='bbox 1128 4194 1211 4245; x_wconf 79' lang='lat' dir='ltr'><strong>ABG</strong></span> <span class='ocrx_word' id='word_1_464' title='bbox 1258 4205 1297 4243; x_wconf 92' lang='grc' dir='ltr'><strong>εει</strong></span> <span class='ocrx_word' id='word_1_465' title='bbox 1313 4210 1361 4247; x_wconf 83' lang='lat' dir='ltr'><strong>orn.</strong></span> <span class='ocrx_word' id='word_1_466' title='bbox 1375 4191 1448 4242; x_wconf 83' lang='lat' dir='ltr'><strong>ABG</strong></span> 
     </span>
     <span class='ocr_line' id='line_1_39' title="bbox 206 4263 1445 4327; baseline -0.004 -13"><span class='ocrx_word' id='word_1_467' title='bbox 206 4265 240 4314; x_wconf 80' lang='lat'><strong>22</strong></span> <span class='ocrx_word' id='word_1_468' title='bbox 259 4267 333 4314; x_wconf 85' lang='lat' dir='ltr'><strong>etiam</strong></span> <span class='ocrx_word' id='word_1_469' title='bbox 352 4265 466 4326; x_wconf 86' lang='lat' dir='ltr'><strong>seqnitur</strong></span> <span class='ocrx_word' id='word_1_470' title='bbox 486 4265 548 4314; x_wconf 92' lang='lat' dir='ltr'><strong>illud</strong></span> <span class='ocrx_word' id='word_1_471' title='bbox 568 4266 590 4312; x_wconf 85' lang='lat' dir='ltr'><em>A</em></span> <span class='ocrx_word' id='word_1_472' title='bbox 609 4264 672 4314; x_wconf 89' lang='lat' dir='ltr'><strong>illud</strong></span> <span class='ocrx_word' id='word_1_473' title='bbox 690 4266 765 4314; x_wconf 88' lang='lat' dir='ltr'><strong>etiam</strong></span> <span class='ocrx_word' id='word_1_474' title='bbox 784 4265 898 4327; x_wconf 84' lang='lat' dir='ltr'><strong>sequitur</strong></span> <span class='ocrx_word' id='word_1_475' title='bbox 917 4265 988 4314; x_wconf 74' lang='lat' dir='ltr'><strong>noa</strong></span> <span class='ocrx_word' id='word_1_476' title='bbox 1040 4273 1083 4312; x_wconf 80' lang='lat' dir='ltr'><strong>aut</strong></span> <span class='ocrx_word' id='word_1_477' title='bbox 1095 4263 1143 4313; x_wconf 86' lang='lat' dir='ltr'><strong>lroc</strong></span> <span class='ocrx_word' id='word_1_478' title='bbox 1155 4265 1227 4313; x_wconf 86' lang='lat' dir='ltr'><strong>dicas</strong></span> <span class='ocrx_word' id='word_1_479' title='bbox 1246 4264 1445 4313; x_wconf 84' lang='lat' dir='ltr'><strong>interiectionem</strong></span> 
     </span>
     <span class='ocr_line' id='line_1_40' title="bbox 155 4332 1445 4399; baseline -0.004 -17"><span class='ocrx_word' id='word_1_480' title='bbox 155 4342 199 4382; x_wconf 89' lang='lat' dir='ltr'><strong>aut</strong></span> <span class='ocrx_word' id='word_1_481' title='bbox 214 4344 281 4385; x_wconf 82' lang='lat' dir='ltr'><strong>certe</strong></span> <span class='ocrx_word' id='word_1_482' title='bbox 298 4335 446 4384; x_wconf 84' lang='lat' dir='ltr'><strong>aduerbium</strong></span> <span class='ocrx_word' id='word_1_483' title='bbox 466 4336 533 4399; x_wconf 92' lang='lat' dir='ltr'><strong>quod</strong></span> <span class='ocrx_word' id='word_1_484' title='bbox 553 4335 672 4399; x_wconf 78' lang='lat' dir='ltr'><strong>iungatur</strong></span> <span class='ocrx_word' id='word_1_485' title='bbox 690 4335 807 4385; x_wconf 76' lang='lat' dir='ltr'><strong>nocerino</strong></span> <span class='ocrx_word' id='word_1_486' title='bbox 829 4336 850 4385; x_wconf 81' lang='lat'><em>0</em></span> <span class='ocrx_word' id='word_1_487' title='bbox 873 4344 917 4383; x_wconf 87' lang='lat' dir='ltr'><strong>aut</strong></span> <span class='ocrx_word' id='word_1_488' title='bbox 934 4332 982 4383; x_wconf 86' lang='lat' dir='ltr'><strong>hoc</strong></span> <span class='ocrx_word' id='word_1_489' title='bbox 999 4335 1068 4384; x_wconf 82' lang='lat' dir='ltr'><strong>dices</strong></span> <span class='ocrx_word' id='word_1_490' title='bbox 1091 4335 1291 4384; x_wconf 77' lang='lat' dir='ltr'><strong>interiectionem</strong></span> <span class='ocrx_word' id='word_1_491' title='bbox 1309 4341 1352 4382; x_wconf 88' lang='lat' dir='ltr'><strong>aut</strong></span> <span class='ocrx_word' id='word_1_492' title='bbox 1378 4340 1445 4380; x_wconf 80' lang='lat' dir='ltr'><strong>certe</strong></span> 
     </span>
     <span class='ocr_line' id='line_1_41' title="bbox 156 4401 1445 4470; baseline -0.004 -18"><span class='ocrx_word' id='word_1_493' title='bbox 156 4404 304 4454; x_wconf 84' lang='lat' dir='ltr'><strong>adoerbium</strong></span> <span class='ocrx_word' id='word_1_494' title='bbox 324 4413 364 4454; x_wconf 88' lang='grc' dir='ltr'><strong>εει</strong></span> <span class='ocrx_word' id='word_1_495' title='bbox 382 4407 501 4467; x_wconf 88' lang='lat' dir='ltr'><strong>qnoniam</strong></span> <span class='ocrx_word' id='word_1_496' title='bbox 522 4406 576 4469; x_wconf 88' lang='lat' dir='ltr'><strong>(aut</strong></span> <span class='ocrx_word' id='word_1_497' title='bbox 595 4405 793 4455; x_wconf 87' lang='lat' dir='ltr'><strong>interiectionem</strong></span> <span class='ocrx_word' id='word_1_498' title='bbox 808 4404 874 4454; x_wconf 88' lang='lat' dir='ltr'><strong>dicet</strong></span> <span class='ocrx_word' id='word_1_499' title='bbox 887 4402 1016 4470; x_wconf 79' lang='lat' dir='ltr'><strong>legitimus</strong></span> <span class='ocrx_word' id='word_1_500' title='bbox 1027 4403 1100 4452; x_wconf 84' lang='lat' dir='ltr'><strong>miles</strong></span> <span class='ocrx_word' id='word_1_501' title='bbox 1117 4419 1132 4454; x_wconf 93' lang='lat' dir='ltr'><strong>o</strong></span> <span class='ocrx_word' id='word_1_502' title='bbox 1150 4414 1194 4453; x_wconf 88' lang='lat' dir='ltr'><strong>aut</strong></span> <span class='ocrx_word' id='word_1_503' title='bbox 1213 4414 1280 4454; x_wconf 84' lang='lat' dir='ltr'><strong>certe</strong></span> <span class='ocrx_word' id='word_1_504' title='bbox 1297 4401 1445 4452; x_wconf 86' lang='lat' dir='ltr'><strong>adnerbium</strong></span> 
     </span>
     <span class='ocr_line' id='line_1_42' title="bbox 156 4471 1446 4541; baseline -0.005 -19"><span class='ocrx_word' id='word_1_505' title='bbox 156 4474 224 4538; x_wconf 89' lang='lat' dir='ltr'><strong>qnod</strong></span> <span class='ocrx_word' id='word_1_506' title='bbox 242 4475 304 4527; x_wconf 83' lang='lat' dir='ltr'><strong>odd.</strong></span> <span class='ocrx_word' id='word_1_507' title='bbox 321 4491 339 4524; x_wconf 85' lang='lat' dir='ltr'><strong>a</strong></span> <span class='ocrx_word' id='word_1_508' title='bbox 357 4475 438 4525; x_wconf 85' lang='lat' dir='ltr'><strong>deleto</strong></span> <span class='ocrx_word' id='word_1_509' title='bbox 455 4491 479 4528; x_wconf 87' lang='lat' dir='ltr'><strong>o.</strong></span> <span class='ocrx_word' id='word_1_510' title='bbox 498 4474 631 4538; x_wconf 88' lang='lat' dir='ltr'><strong>quoniam)</strong></span> <span class='ocrx_word' id='word_1_511' title='bbox 648 4474 769 4541; x_wconf 76' lang='lat' dir='ltr'><strong>iungetur</strong></span> <span class='ocrx_word' id='word_1_512' title='bbox 789 4474 908 4525; x_wconf 77' lang='lat' dir='ltr'><strong>donatiuo</strong></span> <span class='ocrx_word' id='word_1_513' title='bbox 921 4474 946 4522; x_wconf 87' lang='lat' dir='ltr'><em>A</em></span> <span class='ocrx_word' id='word_1_514' title='bbox 965 4482 1009 4522; x_wconf 86' lang='lat' dir='ltr'><strong>aut</strong></span> <span class='ocrx_word' id='word_1_515' title='bbox 1026 4471 1075 4522; x_wconf 88' lang='lat' dir='ltr'><strong>hoc</strong></span> <span class='ocrx_word' id='word_1_516' title='bbox 1089 4474 1161 4523; x_wconf 84' lang='lat' dir='ltr'><strong>dices</strong></span> <span class='ocrx_word' id='word_1_517' title='bbox 1185 4473 1384 4524; x_wconf 85' lang='lat' dir='ltr'><strong>interiectionem</strong></span> <span class='ocrx_word' id='word_1_518' title='bbox 1402 4481 1446 4517; x_wconf 80' lang='lat' dir='ltr'><strong>narr</strong></span> 
     </span>
     <span class='ocr_line' id='line_1_43' title="bbox 155 4539 1447 4610; baseline -0.003 -18"><span class='ocrx_word' id='word_1_519' title='bbox 155 4553 224 4592; x_wconf 87' lang='lat' dir='ltr'><strong>certe</strong></span> <span class='ocrx_word' id='word_1_520' title='bbox 241 4543 391 4594; x_wconf 88' lang='lat' dir='ltr'><strong>adnerbium</strong></span> <span class='ocrx_word' id='word_1_521' title='bbox 408 4553 446 4593; x_wconf 86' lang='lat' dir='ltr'><strong>est</strong></span> <span class='ocrx_word' id='word_1_522' title='bbox 464 4554 507 4594; x_wconf 85' lang='lat' dir='ltr'><strong>aot</strong></span> <span class='ocrx_word' id='word_1_523' title='bbox 525 4545 722 4594; x_wconf 82' lang='lat' dir='ltr'><strong>interiectionem</strong></span> <span class='ocrx_word' id='word_1_524' title='bbox 738 4546 805 4595; x_wconf 86' lang='lat' dir='ltr'><strong>dicet</strong></span> <span class='ocrx_word' id='word_1_525' title='bbox 819 4543 927 4610; x_wconf 79' lang='lat' dir='ltr'><strong>legimus</strong></span> <span class='ocrx_word' id='word_1_526' title='bbox 945 4543 1027 4593; x_wconf 82' lang='lat' dir='ltr'><strong>milies</strong></span> <span class='ocrx_word' id='word_1_527' title='bbox 1045 4556 1059 4592; x_wconf 92' lang='lat' dir='ltr'><strong>o</strong></span> <span class='ocrx_word' id='word_1_528' title='bbox 1079 4543 1219 4594; x_wconf 85' lang='lat' dir='ltr'><strong>interiectio</strong></span> <span class='ocrx_word' id='word_1_529' title='bbox 1238 4551 1276 4591; x_wconf 92' lang='grc' dir='ltr'><strong>εει</strong></span> <span class='ocrx_word' id='word_1_530' title='bbox 1292 4539 1447 4591; x_wconf 85' lang='lat' dir='ltr'><strong>interiectio·</strong></span> 
     </span>
     <span class='ocr_line' id='line_1_44' title="bbox 157 4609 1446 4680; baseline -0.005 -18"><span class='ocrx_word' id='word_1_531' title='bbox 157 4628 213 4662; x_wconf 87' lang='lat' dir='ltr'><strong>nem</strong></span> <span class='ocrx_word' id='word_1_532' title='bbox 233 4624 276 4664; x_wconf 87' lang='lat' dir='ltr'><strong>aut</strong></span> <span class='ocrx_word' id='word_1_533' title='bbox 297 4624 363 4664; x_wconf 88' lang='lat' dir='ltr'><strong>certe</strong></span> <span class='ocrx_word' id='word_1_534' title='bbox 384 4615 531 4665; x_wconf 90' lang='lat' dir='ltr'><strong>aduerbinm</strong></span> <span class='ocrx_word' id='word_1_535' title='bbox 551 4615 618 4678; x_wconf 87' lang='lat' dir='ltr'><strong>quod</strong></span> <span class='ocrx_word' id='word_1_536' title='bbox 641 4615 761 4680; x_wconf 79' lang='lat' dir='ltr'><strong>iungatur</strong></span> <span class='ocrx_word' id='word_1_537' title='bbox 779 4614 896 4663; x_wconf 88' lang='lat' dir='ltr'><strong>nocatiuo</strong></span> <span class='ocrx_word' id='word_1_538' title='bbox 913 4611 938 4661; x_wconf 88' lang='lat' dir='ltr'><em>B</em></span> <span class='ocrx_word' id='word_1_539' title='bbox 1019 4610 1054 4662; x_wconf 73' lang='lat'><strong>⁶28</strong></span> <span class='ocrx_word' id='word_1_540' title='bbox 1073 4622 1098 4663; x_wconf 86' lang='lat' dir='ltr'><strong>et</strong></span> <span class='ocrx_word' id='word_1_541' title='bbox 1115 4613 1171 4663; x_wconf 87' lang='lat' dir='ltr'><strong>dixi</strong></span> <span class='ocrx_word' id='word_1_542' title='bbox 1191 4612 1264 4663; x_wconf 81' lang='lat' dir='ltr'><strong>Bca</strong></span> <span class='ocrx_word' id='word_1_543' title='bbox 1282 4622 1306 4660; x_wconf 87' lang='lat' dir='ltr'><strong>et</strong></span> <span class='ocrx_word' id='word_1_544' title='bbox 1326 4610 1390 4661; x_wconf 82' lang='lat' dir='ltr'><strong>dixit</strong></span> <span class='ocrx_word' id='word_1_545' title='bbox 1406 4609 1446 4657; x_wconf 85' lang='lat' dir='ltr'><strong>A:</strong></span> 
     </span>
     <span class='ocr_line' id='line_1_45' title="bbox 151 4679 1444 4750; baseline -0.008 -15"><span class='ocrx_word' id='word_1_546' title='bbox 151 4683 267 4747; x_wconf 71' lang='lat' dir='ltr'><strong>[maere</strong></span> <span class='ocrx_word' id='word_1_547' title='bbox 286 4693 346 4750; x_wconf 90' lang='lat' dir='ltr'><strong>puta</strong></span> <span class='ocrx_word' id='word_1_548' title='bbox 364 4685 385 4733; x_wconf 89' lang='lat' dir='ltr'><strong>si</strong></span> <span class='ocrx_word' id='word_1_549' title='bbox 405 4686 519 4748; x_wconf 89' lang='lat' dir='ltr'><strong>sequeris</strong></span> <span class='ocrx_word' id='word_1_550' title='bbox 538 4685 610 4733; x_wconf 85' lang='lat' dir='ltr'><strong>iatam</strong></span> <span class='ocrx_word' id='word_1_551' title='bbox 630 4683 837 4746; x_wconf 83' lang='lat' dir='ltr'><strong>declinationem,</strong></span> <span class='ocrx_word' id='word_1_552' title='bbox 857 4696 907 4731; x_wconf 92' lang='lat' dir='ltr'><strong>non</strong></span> <span class='ocrx_word' id='word_1_553' title='bbox 926 4690 965 4732; x_wconf 88' lang='lat' dir='ltr'><strong>est</strong></span> <span class='ocrx_word' id='word_1_554' title='bbox 983 4683 1031 4733; x_wconf 87' lang='lat' dir='ltr'><strong>ista</strong></span> <span class='ocrx_word' id='word_1_555' title='bbox 1049 4684 1075 4732; x_wconf 90' lang='lat' dir='ltr'><strong>ln</strong></span> <span class='ocrx_word' id='word_1_556' title='bbox 1093 4691 1190 4732; x_wconf 87' lang='lat' dir='ltr'><strong>tantrun</strong></span> <span class='ocrx_word' id='word_1_557' title='bbox 1209 4680 1315 4738; x_wconf 86' lang='lat' dir='ltr'><strong>similis,</strong></span> <span class='ocrx_word' id='word_1_558' title='bbox 1334 4689 1362 4729; x_wconf 88' lang='lat' dir='ltr'><strong>ut</strong></span> <span class='ocrx_word' id='word_1_559' title='bbox 1381 4679 1444 4732; x_wconf 79' lang='lat' dir='ltr'><strong>dixi.</strong></span> 
     </span>
     <span class='ocr_line' id='line_1_46' title="bbox 156 4747 1448 4806; baseline -0.005 -4"><span class='ocrx_word' id='word_1_560' title='bbox 156 4768 214 4803; x_wconf 88' lang='lat' dir='ltr'><strong>nam</strong></span> <span class='ocrx_word' id='word_1_561' title='bbox 234 4755 276 4804; x_wconf 82' lang='lat' dir='ltr'><strong>illa</strong></span> <span class='ocrx_word' id='word_1_562' title='bbox 294 4754 429 4804; x_wconf 88' lang='lat' dir='ltr'><strong>declinatio</strong></span> <span class='ocrx_word' id='word_1_563' title='bbox 483 4753 518 4806; x_wconf 78' lang='lat'><strong>30</strong></span> <span class='ocrx_word' id='word_1_564' title='bbox 537 4770 599 4804; x_wconf 82' lang='grc' dir='ltr'><strong>ειειιε</strong></span> <span class='ocrx_word' id='word_1_565' title='bbox 619 4755 659 4803; x_wconf 89' lang='lat' dir='ltr'><strong>sul</strong></span> <span class='ocrx_word' id='word_1_566' title='bbox 675 4769 723 4804; x_wconf 87' lang='lat' dir='ltr'><strong>sno</strong></span> <span class='ocrx_word' id='word_1_567' title='bbox 737 4768 811 4803; x_wconf 82' lang='lat' dir='ltr'><strong>sunm</strong></span> <span class='ocrx_word' id='word_1_568' title='bbox 827 4767 843 4800; x_wconf 87' lang='lat' dir='ltr'><strong>a</strong></span> <span class='ocrx_word' id='word_1_569' title='bbox 860 4767 907 4801; x_wconf 86' lang='lat' dir='ltr'><strong>suo</strong></span> <span class='ocrx_word' id='word_1_570' title='bbox 925 4752 986 4802; x_wconf 86' lang='lat' dir='ltr'><strong>lacit</strong></span> <span class='ocrx_word' id='word_1_571' title='bbox 1003 4752 1032 4804; x_wconf 74' lang='lat' dir='ltr'><strong>o*</strong></span> <span class='ocrx_word' id='word_1_572' title='bbox 1052 4767 1114 4802; x_wconf 79' lang='lat' dir='ltr'><strong>suus</strong></span> <span class='ocrx_word' id='word_1_573' title='bbox 1132 4755 1172 4802; x_wconf 85' lang='lat' dir='ltr'><strong>sui</strong></span> <span class='ocrx_word' id='word_1_574' title='bbox 1191 4767 1204 4802; x_wconf 90' lang='grc' dir='ltr'><strong>ε</strong></span> <span class='ocrx_word' id='word_1_575' title='bbox 1211 4790 1284 4805; x_wconf 91' lang='grc'><strong>.....</strong></span> <span class='ocrx_word' id='word_1_576' title='bbox 1293 4764 1308 4798; x_wconf 89' lang='grc' dir='ltr'><strong>ε</strong></span> <span class='ocrx_word' id='word_1_577' title='bbox 1325 4767 1369 4802; x_wconf 86' lang='grc' dir='ltr'><strong>ε..</strong></span> <span class='ocrx_word' id='word_1_578' title='bbox 1387 4747 1448 4797; x_wconf 83' lang='lat' dir='ltr'><strong>lacit</strong></span> 
     </span>
     <span class='ocr_line' id='line_1_47' title="bbox 155 4817 1447 4875; baseline -0.005 -2"><span class='ocrx_word' id='word_1_579' title='bbox 155 4825 180 4872; x_wconf 88' lang='lat' dir='ltr'><em>A</em></span> <span class='ocrx_word' id='word_1_580' title='bbox 198 4839 261 4873; x_wconf 84' lang='lat' dir='ltr'><strong>surra</strong></span> <span class='ocrx_word' id='word_1_581' title='bbox 279 4826 320 4873; x_wconf 84' lang='lat' dir='ltr'><strong>sui</strong></span> <span class='ocrx_word' id='word_1_582' title='bbox 339 4826 388 4874; x_wconf 82' lang='lat' dir='ltr'><strong>sibi</strong></span> <span class='ocrx_word' id='word_1_583' title='bbox 409 4838 438 4873; x_wconf 85' lang='grc' dir='ltr'><strong>εε</strong></span> <span class='ocrx_word' id='word_1_584' title='bbox 457 4841 471 4873; x_wconf 88' lang='lat' dir='ltr'><strong>a</strong></span> <span class='ocrx_word' id='word_1_585' title='bbox 491 4840 538 4874; x_wconf 85' lang='lat' dir='ltr'><strong>suo</strong></span> <span class='ocrx_word' id='word_1_586' title='bbox 558 4825 618 4875; x_wconf 85' lang='lat' dir='ltr'><strong>iacit</strong></span> <span class='ocrx_word' id='word_1_587' title='bbox 635 4824 656 4873; x_wconf 82' lang='lat' dir='ltr'><em>G</em></span> <span class='ocrx_word' id='word_1_588' title='bbox 672 4839 735 4873; x_wconf 78' lang='lat' dir='ltr'><strong>sirus</strong></span> <span class='ocrx_word' id='word_1_589' title='bbox 752 4824 792 4874; x_wconf 87' lang='lat' dir='ltr'><strong>sni</strong></span> <span class='ocrx_word' id='word_1_590' title='bbox 812 4835 858 4872; x_wconf 86' lang='grc' dir='ltr'><strong>ειιο</strong></span> <span class='ocrx_word' id='word_1_591' title='bbox 877 4821 938 4872; x_wconf 87' lang='lat' dir='ltr'><strong>lacit</strong></span> <span class='ocrx_word' id='word_1_592' title='bbox 954 4824 978 4873; x_wconf 89' lang='lat' dir='ltr'><em>B</em></span> <span class='ocrx_word' id='word_1_593' title='bbox 1047 4822 1080 4873; x_wconf 84' lang='grc'><strong>31</strong></span> <span class='ocrx_word' id='word_1_594' title='bbox 1100 4836 1163 4872; x_wconf 86' lang='lat' dir='ltr'><strong>suns</strong></span> <span class='ocrx_word' id='word_1_595' title='bbox 1181 4822 1221 4870; x_wconf 84' lang='lat' dir='ltr'><strong>sni</strong></span> <span class='ocrx_word' id='word_1_596' title='bbox 1240 4820 1289 4869; x_wconf 87' lang='lat' dir='ltr'><strong>sibi</strong></span> <span class='ocrx_word' id='word_1_597' title='bbox 1303 4819 1325 4870; x_wconf 83' lang='lat' dir='ltr'><strong><em>G</em></strong></span> <span class='ocrx_word' id='word_1_598' title='bbox 1340 4821 1389 4870; x_wconf 83' lang='lat' dir='ltr'><strong>sibi</strong></span> <span class='ocrx_word' id='word_1_599' title='bbox 1407 4817 1447 4868; x_wconf 85' lang='lat' dir='ltr'><strong>ani</strong></span> 
     </span>
     <span class='ocr_line' id='line_1_48' title="bbox 154 4893 848 4961; baseline -0.003 -18"><span class='ocrx_word' id='word_1_600' title='bbox 154 4895 204 4943; x_wconf 83' lang='lat' dir='ltr'><strong>sibi</strong></span> <span class='ocrx_word' id='word_1_601' title='bbox 218 4897 243 4944; x_wconf 85' lang='lat' dir='ltr'><strong>in</strong></span> <span class='ocrx_word' id='word_1_602' title='bbox 261 4895 339 4943; x_wconf 75' lang='lat' dir='ltr'><strong>litura</strong></span> <span class='ocrx_word' id='word_1_603' title='bbox 357 4911 373 4943; x_wconf 87' lang='lat' dir='ltr'><strong>o</strong></span> <span class='ocrx_word' id='word_1_604' title='bbox 444 4911 506 4961; x_wconf 85' lang='lat' dir='ltr'><strong>ergo</strong></span> <span class='ocrx_word' id='word_1_605' title='bbox 524 4893 572 4944; x_wconf 89' lang='lat' dir='ltr'><strong>hoc</strong></span> <span class='ocrx_word' id='word_1_606' title='bbox 590 4895 616 4945; x_wconf 91' lang='lat' dir='ltr'><em>B</em></span> <span class='ocrx_word' id='word_1_607' title='bbox 623 4894 664 4944; x_wconf 85' lang='lat' dir='ltr'><strong>Ca</strong></span> <span class='ocrx_word' id='word_1_608' title='bbox 679 4893 728 4944; x_wconf 84' lang='lat' dir='ltr'><strong>hoc</strong></span> <span class='ocrx_word' id='word_1_609' title='bbox 746 4907 808 4960; x_wconf 78' lang='lat' dir='ltr'><strong>ergo</strong></span> <span class='ocrx_word' id='word_1_610' title='bbox 825 4893 848 4941; x_wconf 82' lang='lat' dir='ltr'><em>A</em></span> 
     </span>
    </p>
   </div>
   <div class='ocr_carea' id='block_1_5' title="bbox 206 4976 1247 5042">
    <p class='ocr_par' dir='ltr' id='par_1_5' title="bbox 206 4976 1247 5042">
     <span class='ocr_line' id='line_1_49' title="bbox 206 4976 1247 5042; baseline 0.012 -15"><span class='ocrx_word' id='word_1_611' title='bbox 206 4984 383 5028; x_wconf 66' lang='lat' dir='ltr'><strong>omnnium</strong></span> <span class='ocrx_word' id='word_1_612' title='bbox 397 4984 489 5026; x_wconf 74' lang='lat' dir='ltr'><strong>cornu</strong></span> <span class='ocrx_word' id='word_1_613' title='bbox 503 4985 531 5027; x_wconf 90' lang='lat' dir='ltr'><strong>v.</strong></span> <span class='ocrx_word' id='word_1_614' title='bbox 649 4979 653 4985; x_wconf 86' lang='lat'>&#39;</span> <span class='ocrx_word' id='word_1_615' title='bbox 838 5032 844 5042; x_wconf 83' lang='grc'><em>,</em></span> <span class='ocrx_word' id='word_1_616' title='bbox 1207 4976 1247 5040; x_wconf 91' lang='grc'><strong>14</strong></span> 
     </span>
    </p>
   </div>
   <div class='ocr_carea' id='block_1_6' title="bbox 0 0 1678 5498">
    <p class='ocr_par' dir='ltr' id='par_1_6' title="bbox 0 0 1678 5498">
     <span class='ocr_line' id='line_1_50' title="bbox 0 0 1678 5498; baseline 0 0"><span class='ocrx_word' id='word_1_617' title='bbox 0 0 1678 5498; x_wconf 95' lang='lat' dir='ltr'><strong> </strong></span> 
     </span>
    </p>
   </div>
  </div>
 </body>
</html>
