3346 5498
128 381 191 448 438
694 384 844 449 Paocan

153 504 175 546 p.
188 493 234 534 aar.
246 493 272 532 aa
286 491 309 534 ι.
1209 507 1232 550 p.
1246 486 1351 538 trae-ra
1363 493 1390 538 r.

129 590 184 633 nec
211 591 270 633 non
297 575 388 634 etiam
416 574 448 633 in
475 574 644 652 participiis
664 575 820 652 utriusque
843 576 995 655 temporis.
1039 593 1132 636 unum
1153 592 1190 635 ex
1211 575 1260 637 his
1281 576 1333 636 odi
1355 575 1418 636 dno

128 676 286 754 participia
308 676 380 736 facit
400 677 556 753 praeteriti
579 678 723 755 temporis
743 677 855 753 figurae
878 678 1069 755 compositae,
1094 693 1200 736 exosus
1221 684 1252 737 et
1273 695 1415 758 perosus.

128 783 197 837 sunt
224 777 280 838 alia
308 794 383 856 quae
410 778 442 836 in
470 778 550 837 omni
579 777 774 838 declinatione
808 777 954 839 secundae
982 785 1052 839 sunt
1078 780 1295 856 coniugationis
1323 787 1354 840 et
1383 781 1417 840 in

127 879 243 939 infinito
264 880 349 959 quasi
371 880 478 939 tertiae
501 887 656 959 correptae
678 880 887 960 proferuntur:
910 879 1009 958 fulgeo
1023 882 1173 942 inlinitum
1193 880 1307 958 fulgere
1329 881 1417 952 facit,

127 980 228 1040 ferveo
249 981 382 1050 fervere,
406 980 529 1042 obsideo
551 980 700 1041 obsidere.
744 980 853 1042 lectum
875 988 920 1042 est
941 988 972 1042 et
993 980 1197 1062 strido„quod
1220 989 1266 1043 est
1287 985 1469 1055 tertiamw

127 1081 178 1142 alii
200 1089 233 1141 ut
250 1083 400 1144 secundae
423 1083 598 1162 proferunt,
622 1100 656 1144 ac
672 1084 798 1143 maxime
813 1083 957 1144 Lucanus
971 1083 1060 1144 buius
1081 1082 1161 1146 modi
1183 1083 1416 1145 declinationem

126 1183 318 1266 usurparitl

210 1286 306 1346 Verba
334 1293 394 1347 tam
422 1289 537 1366 passiva
564 1305 652 1366 quam
680 1286 857 1366 deponentia
884 1305 939 1348 nec
962 1306 1020 1348 non
1043 1290 1133 1349 ctiam
1155 1288 1338 1358 eommunia,
1361 1305 1417 1349 cu-

126 1387 300 1467 iuscumque
323 1391 383 1449 sint
405 1390 638 1467 coniugationis,
661 1391 856 1468 praeteritum
878 1390 1043 1468 perfectum
1066 1391 1097 1451 iu
1120 1389 1174 1451 has
1194 1389 1322 1469 syllabas
1342 1391 1416 1450 mit·

126 1495 207 1559 tunt,
236 1491 268 1550 in
295 1496 357 1560 tus,
385 1492 417 1550 in
446 1499 525 1560 ctus,
551 1493 586 1576 'in
609 1510 672 1560 sus,
701 1494 733 1551 in
755 1508 824 1560 xus,
847 1490 986 1551 adiuncto
1008 1493 1039 1552 in
1062 1491 1200 1553 omnibus
1220 1510 1286 1552 sum
1308 1490 1414 1560 verbo,
1429 1504 1456 1546 to

126 1598 160 1651 ut
182 1610 264 1652 arnor
286 1600 403 1653 amatus
424 1611 505 1662 sum,
528 1592 637 1653 doceor
651 1591 757 1652 doctus
773 1611 851 1662 sum,
875 1595 972 1672 patior
993 1600 1098 1672 passus
1119 1612 1200 1662 sum,
1224 1595 1304 1654 nitor
1325 1595 1417 1655 nixus

126 1712 201 1754 sum.
245 1701 386 1754 notantur
407 1712 501 1773 pauca
522 1712 598 1773 quae
621 1696 652 1753 in
674 1695 837 1773 praeterito
864 1692 1018 1764 deficiunt,
1049 1698 1165 1775 passiva
1186 1694 1306 1775 quidem
1328 1694 1415 1766 baec,

126 1795 207 1855 feror
230 1797 323 1855 ferior
345 1795 447 1861 tollor:
470 1797 583 1856 faciunt
610 1797 690 1857 enirn
718 1797 912 1875 praeteritum
935 1796 1012 1857 latus
1034 1816 1115 1867 sarm,
1138 1799 1215 1857 ictus
1237 1814 1316 1870 sum,
1340 1796 1414 1857 sub·

126 1896 203 1957 latus
231 1916 311 1957 sum:
340 1917 447 1977 poscor
475 1896 616 1978 (namque
638 1897 694 1957 boc
716 1916 833 1978 quoque
856 1898 956 1959 deficit
983 1900 1014 1958 in
1041 1899 1219 1979 praeterito)
1248 1899 1416 1979 postulatus

125 2017 205 2069 sum,
234 2017 343 2077 arguor
371 2001 524 2061 convietus
551 2018 638 2070 sum;v
660 2000 799 2060 similiter
826 2008 941 2061 metuor
970 2009 1000 2061 et
1026 2003 1134 2061 timeor
1161 2001 1272 2061 nullum
1300 2000 1414 2061 babent
1428 2005 1456 2054 ¹⁵

126 2102 302 2179 perfectum.
334 2101 511 2180 deponentia
533 2121 604 2162 vero
626 2101 708 2172 baec,
730 2119 834 2161 vescor
855 2103 940 2162 fruor
961 2104 1083 2162 medeor
1104 2103 1202 2182 liquor
1223 2104 1413 2173 reminiscor,

126 2221 202 2281 quae
224 2205 256 2263 in
278 2206 443 2283 praeterito
471 2206 514 2264 sic
542 2205 749 2284 proferuntur,
778 2211 881 2283 pastus
903 2222 983 2274 sum,
1011 2207 1123 2284 potitus
1144 2223 1224 2274 sum,
1248 2205 1414 2266 medicatus

126 2322 205 2372 sum,
233 2304 412 2383 liquefactus
440 2324 520 2370 sum.
549 2305 722 2366 recordatus
748 2322 828 2376 sum;
857 2324 932 2388 quae
960 2303 997 2366 ab
1025 2307 1082 2366 alio
1105 2309 1253 2385 praesenti
1276 2309 1411 2376 veniunt,

126 2405 178 2466 sed
200 2406 237 2466 ad
260 2408 497 2486 supplementum
520 2406 727 2467 declinationis
749 2406 905 2467 defectivis
926 2407 1198 2468 adcommodantur.
1229 2415 1298 2469 sunt
1319 2427 1412 2488 quae·

125 2506 193 2567 dam
220 2507 400 2588 doponentia
427 2498 559 2570 inceltae
582 2510 814 2585 coniugationis,
832 2495 912 2570 'haee
934 2508 1009 2579 sola,
1032 2512 1114 2570 orior
1135 2510 1242 2589 potior.
1286 2528 1357 2571 nam
1379 2512 1413 2571 in
1426 2523 1468 2576 ¹⁰]

124 2606 134 2692 ΙΙ
156 2611 285 2670 secunda
308 2628 434 2690 persona
457 2614 574 2672 numeri
596 2609 756 2688 singularis
770 2612 877 2671 tertiae
893 2611 1054 2691 productae
1077 2620 1159 2682 suut,
1183 2611 1238 2671 boc
1261 2619 1307 2672 est
1320 2631 1412 2693 quar·

123 2719 171 2774 tae
199 2714 430 2791 confutationis,
460 2720 489 2773 et
515 2715 547 2773 iu
575 2715 725 2793 praesenti
749 2720 882 2792 tompore
905 2715 1013 2774 infiniti
1036 2714 1133 2775 modi:
1165 2715 1256 2774 oriris
1277 2716 1358 2774 enim
1382 2724 1414 2775 et

124 2816 231 2894 potiris
259 2823 289 2875 et
310 2817 382 2875 item
403 2815 475 2874 oriri
499 2821 528 2874 et
549 2817 640 2894 potiri
663 2815 804 2885 dicimus;
828 2814 943 2894 reliqua
966 2816 1002 2876 ad
1024 2814 1191 2895 exemplum
1213 2817 1320 2875 tertiae
1343 2833 1412 2876 cor·

77 2896 82 2906 ¹
124 2925 226 2996 raptae
253 2916 449 2977 declinantur.
494 2925 562 2977 suut
596 2917 652 2978 alia
680 2935 755 2996 quae
784 2935 800 2976 a
828 2916 946 2977 diverso
967 2919 1089 2977 veniunt
1111 2919 1279 2997 praesenti,
1303 2916 1356 2978 sed
1379 2920 1413 2978 in

123 3021 286 3099 praeterito
312 3019 548 3088 confunduntur,
577 3025 610 3080 ut
637 3020 734 3098 patior
761 3037 865 3098 passus
892 3037 972 3088 sum,
1000 3019 1125 3098 pandor'
1141 3037 1245 3099 passus
1272 3036 1354 3088 sum,
1379 3027 1454 3080 uta

123 3121 201 3201 apud
229 3120 393 3200 Vergilium
420 3119 609 3181 ‘crinibus
636 3119 776 3180 lliades
802 3124 956 3200 passis’;
985 3121 1056 3180 item
1078 3128 1179 3180 vertor
1201 3138 1304 3181 versus
1332 3139 1411 3191 sum,

123 3242 228 3284 verror
255 3242 358 3284 vorsus
386 3242 467 3308 sum,
495 3231 528 3283 ut
556 3222 633 3302 apud
661 3222 788 3282 eundem
816 3223 870 3282 ‘et
896 3240 1005 3282 versa
1032 3222 1155 3301 pulvis
1176 3221 1413 3284 inscribitur

123 3325 257 3386 hasta'.
303 3333 372 3386 sunt
394 3325 450 3386 alia
473 3324 698 3404 impersonalia,
727 3342 802 3403 quae
832 3323 997 3403 adsumptis
1028 3323 1254 3402 pronominibus
1285 3323 1409 3385 ablativi

123 3446 209 3488 casus
230 3426 417 3489 declinantur
440 3435 470 3488 et
491 3446 507 3488 a
530 3426 629 3487 verbis
644 3426 742 3486 neutri
757 3428 876 3503 generis
891 3426 1055 3504 figurantur
1070 3425 1115 3486 vel
1137 3426 1174 3486 ab
1197 3427 1309 3495 activis,
1331 3445 1411 3506 quae

123 3529 254 3590 dativum
276 3549 376 3590 casum
398 3531 430 3589 in
452 3531 530 3589 serie
553 3529 697 3589 orationis
719 3526 891 3596 admittunt,
921 3534 954 3588 ut
982 3528 1102 3589 sedetur
1124 3527 1291 3589 ambulatur
1314 3535 1412 3589 statur
1425 3547 1453 3589 ao

122 3640 271 3711 pugnatur
292 3633 352 3691 itur
374 3630 523 3691 studetur:
549 3627 562 3708 ll
585 3630 707 3691 veniunt
729 3631 823 3698 enim,
852 3636 886 3689 ut
912 3629 1023 3690 dictum
1047 3639 1104 3698 est,
1128 3649 1144 3690 a
1167 3631 1295 3698 neutris,
1318 3630 1411 3691 sedeo

123 3732 241 3793 ambulo
271 3740 315 3792 sto
343 3751 442 3812 pugno
469 3750 504 3792 eo
532 3731 647 3792 studeo.
691 3731 739 3791 bis
766 3733 855 3791 otiam
877 3731 1058 3793 Graecorum
1086 3734 1268 3802 iactantiam,
1292 3733 1411 3812 siquam

123 3834 159 3894 de
182 3837 266 3912 copia
289 3835 434 3894 sermonis
456 3842 611 3903 exercent,
639 3834 817 3901 refutamus,
846 3833 924 3914 quod
946 3834 1020 3895 baec
1041 3836 1162 3913 proprie
1185 3839 1335 3913 nequeunt
1357 3852 1410 3894 ex-

192 4073 224 4122 12
242 4080 361 4122 notantur
379 4086 461 4139 pauca
481 4071 556 4125 clar.
572 4069 632 4130 249,
649 4070 675 4123 8.
696 4072 776 4121 oram.
788 4067 848 4130 380,
863 4071 897 4120 22
951 4068 986 4120 24
1003 4079 1063 4119 sunt
1080 4071 1130 4120 alia
1149 4071 1230 4124 mom.
1243 4069 1305 4134 377,
1322 4071 1354 4121 21

121 4141 156 4194 28
171 4150 232 4192 sunt
248 4142 299 4193 alia
316 4141 495 4208 impersonalia
511 4143 590 4191 Dium
602 4139 663 4201 300,
683 4138 715 4190 13

191 4384 286 4435 flacit
303 4398 349 4437 om.
370 4385 395 4433 P
461 4381 478 4432 0
496 4382 607 4431 maximo
624 4380 649 4429 P
717 4381 733 4430 7
752 4380 894 4447 usurpauit.
915 4395 946 4430 na
963 4395 1042 4430 nanno
1062 4392 1172 4431 rasurae.
1193 4378 1275 4430 Uerba
1287 4378 1341 4429 PF

122 4457 139 4508 8
154 4456 275 4520 cuiusque
286 4454 311 4503 P
363 4452 396 4505 10
413 4452 438 4501 in
453 4460 494 4501 tus
509 4453 535 4500 in
554 4461 609 4501 ctus
627 4465 645 4507 ς
660 4451 685 4500 in
702 4460 743 4501 tus
760 4451 826 4501 ictus
844 4451 869 4499 P
882 4451 908 4500 in
926 4459 965 4499 tus
983 4451 1009 4500 in
1022 4450 1106 4515 gusF
1157 4448 1188 4499 ll
1207 4450 1300 4499 doceor
1316 4446 1410 4500 doctus

122 4541 178 4575 sum
191 4541 237 4577 ora.
253 4525 278 4574 P
350 4519 454 4590 passus]
474 4531 562 4588 paetus
579 4521 605 4571 F
689 4522 765 4571 nixus
784 4521 828 4582 Ps
839 4520 963 4570 nisanaF
978 4521 1086 4575 risose
1172 4518 1204 4570 13
1224 4519 1320 4569 faciunt
1339 4520 1409 4569 enim

121 4594 210 4644 oraF
277 4593 310 4645 17
328 4594 468 4645 medicatus
485 4608 542 4642 sum
562 4606 608 4641 om.
626 4591 690 4654 PF,
708 4591 807 4647 adds
895 4587 1029 4654 22oriria]
1051 4589 1102 4637 oris
1118 4589 1144 4637 P
1228 4590 1262 4640 25
1280 4596 1308 4638 nt
1324 4590 1411 4655 patior

123 4680 216 4730 passus
229 4681 285 4715 snm
304 4665 402 4731 pandor
420 4676 511 4727 passus
528 4677 583 4711 aum
603 4673 620 4717 ς
638 4669 666 4709 ut
684 4663 766 4729 patior
782 4674 874 4726 pascus
889 4674 945 4708 sum
964 4662 990 4710 P
1001 4667 1029 4708 ut
1045 4658 1143 4725 paudor
1158 4673 1319 4725 pascuarum
1333 4659 1359 4708 F

123 4734 157 4786 20
174 4732 294 4802 crinibus]
321 4736 399 4799 Verp.
419 4732 485 4787 Aen.
504 4735 513 4782 l
532 4729 585 4782 480
622 4720 738 4796 ‘lliadeaJ
757 4729 840 4780 eliade
858 4729 883 4778 F
950 4724 1124 4792 traversa]
1150 4729 1411 4794 Verp.aen.1478

191 4803 345 4870 inscribitur]
362 4806 389 4854 in
403 4802 445 4854 his
463 4801 552 4853 scribit
568 4802 594 4851 P
644 4799 677 4851 32
696 4801 736 4850 hle
753 4800 820 4851 enlm
837 4800 881 4856 re
900 4800 926 4848 in
941 4797 981 4848 bis
999 4799 1066 4848 enim
1079 4797 1098 4860 f
1146 4797 1296 4848 Graecorum
1310 4799 1410 4850 iactau-

122 4875 182 4928 tiam
200 4890 246 4926 om.
266 4874 291 4922 P
357 4874 391 4926 33
408 4873 473 4924 baec
485 4872 602 4940 propriae
620 4872 645 4921 P
656 4869 718 4921 baec
736 4869 841 4938 propria
854 4869 879 4918 F
894 4883 940 4918 nec
957 4870 1060 4935 propria
1076 4879 1093 4923 ς
