3346 5498
291 491 354 556 368
832 487 1034 551 CONSENTll

317 616 339 655 p.
352 603 409 643 2053·
423 603 448 641 52
462 600 484 641 l'.

294 703 363 746 sane
386 683 540 742 advertere
563 680 721 749 debemus,
750 678 843 758 quod,
873 696 940 739 cum
969 679 1103 739 neutrale
1125 678 1249 739 verbum
1272 678 1378 756 agendi
1401 678 1464 737 lere
1487 679 1581 754 signi·

293 787 460 847 licationem
482 783 604 852 lrabeat,
628 785 780 861 deponens
800 780 950 860 patiendi,
979 788 1079 842 tamen
1100 788 1203 841 eontra
1225 781 1281 841 hoo
1305 782 1496 841 inveniuntur
1518 780 1581 859 ple·

293 906 385 967 raque
407 886 507 947 verba.
552 903 620 944 nam
642 884 747 963 vapulo
769 883 859 943 ardeo
880 901 983 952 veneo,
1007 902 1074 943 earm
1096 882 1239 944 neutralis
1261 882 1344 943 verbi
1368 882 1455 943 modo
1478 884 1581 942 termi-

293 998 411 1058 nentur,
435 1008 492 1048 non
516 989 650 1055 activam,
673 986 725 1046 sed
748 987 896 1064 passivam
918 987 976 1045 vim
998 985 1124 1045 liabent:
1148 987 1307 1046 nonenim
1331 987 1406 1063 agit,
1430 984 1482 1044 sed
1505 986 1581 1062 pati·

294 1100 342 1153 tur
364 1094 415 1170 qui
437 1089 554 1170 vapulat
577 1094 628 1149 aut
649 1090 699 1167 qui
723 1087 808 1147 ardet
835 1095 885 1148 aut
911 1090 962 1167 qui
991 1089 1080 1148 renit.
1126 1089 1197 1148 item
1224 1088 1331 1166 frangor
1352 1088 1457 1166 loquor
1478 1087 1611 1156 lieeor‚s

294 1213 361 1255 oum
384 1193 559 1271 deponentis
587 1189 671 1250 rerlri
694 1190 781 1250 modo
804 1191 1016 1259 terminentur,
1046 1208 1104 1249 non
1131 1191 1278 1269 passivam
1301 1193 1358 1251 rim
1381 1189 1506 1258 liabent,
1529 1189 1584 1249 sed

294 1298 434 1357 activam:
464 1296 526 1371 agit
554 1295 634 1352 enim
662 1294 726 1371 ipse
755 1292 866 1371 aliquid
894 1294 945 1370 qui
973 1293 1110 1368 iungitur
1138 1301 1188 1352 aut
1216 1296 1266 1372 qui
1294 1292 1425 1372 loquitur
1452 1300 1502 1353 aut
1531 1293 1584 1370 qui

293 1398 416 1465 licetur,
440 1414 498 1456 non
522 1397 644 1473 patitur
690 1412 725 1455 ex
754 1412 812 1473 quo
839 1394 974 1473 plerique
1003 1396 1093 1454 etiam
1115 1394 1191 1455 hano
1213 1395 1410 1474 deponentem
1433 1395 1583 1471 signifiea-

295 1502 406 1560 tionem
431 1497 595 1557 neutralem
619 1496 781 1576 appellant.
812 1495 909 1555 tribus
931 1495 967 1555 de
997 1499 1105 1556 eausis.
1150 1516 1219 1558 nam
1241 1499 1319 1557 sieut
1341 1497 1390 1557 illa
1412 1514 1487 1576 quae
1509 1513 1584 1555 neu·

201 1680 204 1685 ι
297 1601 379 1662 tralis
402 1600 512 1660 dicitur
535 1600 680 1677 passirmn
703 1597 931 1658 declinationem
954 1616 1014 1658 non
1037 1597 1140 1667 habet,
1164 1601 1205 1659 ita
1227 1617 1263 1658 ne
1279 1599 1352 1659 haee
1368 1598 1488 1678 quidem
1510 1600 1584 1658 aeti·
1599 1619 1626 1655 ro

297 1723 375 1772 vam;
399 1711 428 1762 et
451 1704 527 1761 siout.
551 1701 598 1760 illa
623 1700 772 1760 interdurn
795 1703 963 1779 passionem
986 1701 1147 1776 signifieat,
1175 1709 1208 1760 ut
1229 1708 1276 1760 est
1297 1700 1417 1780 rapula,
1447 1703 1487 1761 ita
1511 1699 1585 1760 haee

298 1806 427 1865 vicissim
457 1811 570 1871 aetrrrn,
601 1811 629 1862 nt
660 1811 705 1863 ost
733 1802 836 1881 loquor
859 1803 984 1870 nrotior3
1013 1809 1043 1860 et
1070 1803 1148 1862 sieut
1170 1802 1219 1862 illa
1242 1802 1308 1862 ide-o
1331 1805 1425 1863 activa
1448 1822 1505 1862 non
1528 1809 1585 1868 est,

296 1909 366 1986 quia
389 1907 535 1984 passivam
559 1923 617 1964 non
640 1906 763 1983 resipit,
787 1906 827 1963 ita
851 1903 924 1963 liaeo
947 1922 1063 1984 qnoque
1086 1903 1153 1963 ideo
1176 1906 1290 1983 passiva
1314 1905 1372 1965 diei
1395 1923 1453 1965 non
1476 1910 1584 1983 potest,

297 2011 365 2088 quia
388 2027 446 2067 non
471 2007 548 2065 redit
571 2007 606 2066 ad
629 2010 765 2066 activam.
811 2008 882 2065 item
906 2014 976 2066 sunt
998 2006 1130 2066 anomala
1153 2006 1313 2085 quaedam,
1337 2025 1412 2086 ‹qrrae
1435 2025 1501 2066 oum
1524 2007 1585 2066 lor·

298 2130 374 2172 mam
403 2107 567 2170 neutralem
596 2107 740 2178 habeant,
770 2127 827 2168 non
856 2126 910 2187 per
938 2109 1036 2167 omnia
1059 2107 1223 2169 rrerrtralem
1246 2117 1345 2168 tamen
1368 2111 1498 2188 speciem
1521 2127 1584 2168 ser·
1600 2129 1628 2167 rs

298 2219 383 2279 rant,
419 2220 450 2271 ut
482 2218 527 2269 rst
561 2210 641 2270 soleo
669 2210 772 2271 audeo.
817 2230 884 2271 nam
912 2209 992 2269 soleo
1020 2209 1165 2279 solebam,
1196 2211 1289 2270 audeo
1318 2209 1462 2270 audebam
1491 2212 1587 2270 activa

299 2316 413 2373 ratione
437 2312 639 2381 deelinantem
668 2320 698 2373 at
724 2331 794 2372 roro
817 2312 920 2372 solitus
944 2330 1039 2381 oram,
1068 2331 1157 2372 ausus
1184 2331 1265 2372 eram
1288 2315 1403 2392 passiva
1426 2313 1587 2373 declinatio

298 2422 352 2475 est.
398 2417 439 2474 ita
468 2433 554 2491 ergo,
584 2417 652 2493 quia
681 2422 805 2493 utraque
833 2416 948 2474 ratione
977 2411 1186 2495 doolilnantnr,
1216 2414 1381 2494 inaequalia
1410 2423 1478 2475 sunt
1507 2422 1537 2474 et
1571 2435 1587 2476 a

298 2517 475 2597 quibusdam
498 2519 581 2594 quasi
605 2536 680 2576 noro
703 2519 820 2576 nomim¹
844 2524 874 2574 et
896 2534 1020 2579 numero
1043 2516 1157 2576 mlieeto
1184 2519 1407 2595 neutropassira
1435 2517 1586 2578 dicuntur.

300 2621 336 2680 rle
359 2619 468 2700 ‹prilrus
491 2618 590 2678 uerbis
613 2619 729 2696 plenius
753 2621 784 2677 ln
806 2620 1014 2694 roniugationo
1037 2618 1180 2678 (liranus.
1602 2645 1631 2684 20

382 2720 605 2800 lnspiriendum
634 2729 680 2780 est
708 2720 895 2798 diligentius,
930 2739 999 2780 num
1027 2723 1121 2799 possit
1149 2720 1268 2799 aliquod
1295 2720 1401 2780 horum
1429 2720 1589 2783 verborum

255 2862 258 2868 .
299 2824 429 2901 ambigui
455 2841 520 2898 osse
544 2825 679 2900 generis,
708 2822 753 2881 rel
782 2842 852 2882 num
880 2823 1029 2907 interdrmr
1056 2826 1087 2882 in
1111 2823 1169 2883 alio
1192 2829 1278 2902 atque
1302 2824 1359 2883 alio
1381 2823 1534 2883 intellectu
1559 2833 1589 2885 ot

299 2928 426 2986 aetirum
450 2933 479 2984 et
502 2926 650 3003 passivum
673 2943 738 2984 esse
761 2927 865 3003 possit.
910 2932 942 2984 ut
970 2941 1038 2984 saoce
1062 2925 1125 2984 lavo
1148 2931 1178 2982 et
1199 2924 1280 2984 lavor
1308 2925 1434 2985 dirimas
1463 2924 1518 2984 sub
1542 2928 1588 2986 in·

299 3038 379 3088 certa
403 3028 633 3104 significatione,
657 3029 681 3085 si
706 3026 742 3085 de
765 3025 851 3086 nolris
873 3026 1015 3087 dieamus.
1046 3033 1076 3085 at
1096 3045 1166 3085 vero
1187 3027 1306 3087 ‘omnes
1323 3027 1449 3087 insonte
1465 3026 1591 3087 larabo'

300 3130 387 3191 alitor
409 3128 536 3188 dieitur:
559 3147 618 3187 non
642 3130 721 3188 enim
743 3134 840 3207 potest
863 3128 922 3188 diei
946 3133 1067 3189 ‘omnes
1090 3131 1120 3189 in
1144 3130 1224 3188 tonte
1248 3129 1396 3189 laralror’.
1427 3132 1498 3190 item
1522 3136 1588 3190 ton·
1604 3156 1631 3193 aa

300 3232 355 3292 deo
379 3231 422 3290 rol
446 3230 570 3290 tondeor
593 3232 685 3306 siquis
713 3231 749 3290 de
779 3250 809 3290 so
842 3231 935 3299 dieat,
965 3229 1020 3289 snb
1049 3230 1187 3308 ambiguo
1215 3231 1329 3291 scilieet
1351 3250 1476 3310 genere,
1505 3240 1590 3293 recte

300 3334 419 3393 (licitur.
451 3331 539 3422 aliter
562 3335 617 3391 ‘ne
639 3333 763 3393 tondere
787 3332 907 3412 quidem
929 3340 1033 3392 rurant
1056 3332 1195 3392 vellera’:
1226 3336 1384 3394 nonenim
1408 3342 1505 3413 potest
1528 3335 1590 3395 dici

300 3440 355 3496 ‘ne
378 3433 494 3495 tonderi
518 3433 638 3513 quidem
662 3443 767 3495 curant
788 3435 924 3495 rellera’.
970 3437 1042 3494 item
1070 3435 1183 3514 ‘pascit
1210 3437 1352 3496 iurenra'
1381 3443 1409 3496 et
1437 3439 1591 3515 ‘pasoitur

301 3541 441 3599 iurenra'
466 3545 545 3595 rerte
569 3537 679 3597 dieitur
707 3536 840 3596 absoluto
863 3536 919 3596 sulr
942 3539 1056 3597 inrerto
1079 3554 1204 3613 genrre;
1227 3539 1303 3597 atsi
1328 3537 1417 3597 latine
1440 3539 1499 3598 diei
1522 3546 1590 3617 pot·

370 3791 523 3856 ‘Zpatientis
544 3789 576 3838 M
633 3791 772 3854 plerunque
792 3790 824 3838 M
891 3791 907 3840 5
923 3792 965 3855 qui
985 3792 1088 3857 rraprrlat
1106 3802 1148 3841 ant
1166 3791 1238 3841 ardet
1256 3800 1298 3839 aut
1317 3801 1392 3841 uenet
1406 3792 1484 3853 (corr.
1505 3791 1549 3855 -it)
1566 3795 1593 3843 B

302 3863 361 3925 qnia
380 3860 483 3924 rrapulat
501 3860 572 3909 ardet
589 3868 631 3907 aut
650 3862 719 3909 uenit
735 3861 757 3908 L
777 3861 819 3923 qni
838 3859 941 3923 uapulat
956 3861 995 3909 uel
1017 3861 1059 3922 qni
1077 3862 1149 3911 ardet
1167 3861 1207 3911 uel
1223 3862 1264 3923 qui
1281 3871 1356 3910 uenet
1373 3861 1405 3910 M
1472 3861 1593 3912 dtermi-

304 3942 392 3980 nautor
412 3931 445 3979 M
461 3931 607 3978 terminatur
624 3931 680 3978 BL
733 3944 783 3977 nam
803 3929 900 3994 passini
920 3931 971 3979 uina
991 3930 1083 3979 liabent
1103 3932 1148 3980 sed
1163 3932 1238 3980 actiui
1256 3932 1286 3980 M
1305 3946 1354 3981 non
1373 3933 1440 3980 enim
1458 3934 1592 3996 passiuam

300 4003 352 4051 uim
377 4000 470 4048 lrabeat
485 4006 564 4057 (corr.
585 3997 633 4059 ·er)
653 3999 856 4048 sedactiuomB
874 4001 1005 4049 nonenim
1024 4003 1148 4064 pasiuim
1165 3999 1240 4049 lrahet
1258 4002 1303 4050 sed
1322 4003 1397 4050 aerini
1415 4003 1438 4050 L
1491 4004 1508 4054 9
1528 4018 1591 4052 rreu-

301 4081 366 4119 trum
384 4069 576 4133 appellauerunt
596 4067 628 4115 M
704 4082 768 4130 qaae
787 4069 900 4118 neutrius
920 4070 953 4118 M
1039 4070 1071 4120 13
1090 4073 1149 4134 «qnia
1169 4072 1299 4135 passiuum
1320 4072 1351 4121 M
1369 4073 1427 4135 quia
1444 4073 1590 4134 passionem

302 4140 357 4189 BL
428 4139 463 4186 lta
483 4153 583 4200 qnoque
602 4137 664 4185 haec
683 4137 739 4185 ideo
758 4138 851 4187 BML
921 4154 970 4187 non
990 4142 1071 4204 possit
1088 4142 1120 4189 M
1189 4141 1220 4189 14
1243 4140 1276 4189 ad
1295 4143 1405 4190 uotiuum
1425 4141 1457 4189 M
1525 4157 1593 4204 quae

302 4223 359 4258 conr
377 4208 484 4256 sormam
507 4216 650 4258 nerrtrornm
670 4206 762 4256 liabent
780 4222 828 4256 non
848 4224 893 4272 per
912 4210 995 4259 omnio
1014 4220 1127 4277 tempora
1146 4210 1227 4259 neutri
1247 4220 1329 4259 tamen
1357 4212 1465 4275 speciem
1488 4222 1594 4261 seruant

303 4279 336 4329 M
406 4278 438 4327 lli
458 4291 515 4324 nam
531 4277 601 4327 soleo
621 4277 731 4325 solebam
753 4279 834 4327 aetina
852 4280 947 4329 ratione
965 4280 1072 4329 elinatur
1091 4280 1121 4329 M
1192 4280 1224 4330 17
1244 4279 1461 4330 declinatur-BL
1532 4296 1594 4344 pas-

302 4349 351 4400 siui
368 4347 470 4396 elinat'ro
488 4345 521 4393 M
591 4346 622 4398 18
638 4347 697 4408 quio
715 4362 762 4411 pro
781 4355 886 4410 utraque
900 4350 925 4397 B
941 4349 1007 4411 (quod
1027 4361 1132 4415 utraque
1146 4349 1178 4398 M
1249 4350 1280 4399 19
1299 4359 1387 4399 neutra
1407 4350 1510 4415 passius
1526 4350 1558 4399 M
1568 4351 1594 4400 L

370 4418 402 4468 21
427 4416 611 4481 inspiciendum
631 4416 777 4481 diligentias
796 4417 834 4466 uel
860 4432 920 4466 num
939 4420 964 4468 B
1033 4431 1116 4486 potest
1141 4420 1243 4483 aliquod
1262 4419 1318 4469 BL
1338 4421 1440 4483 aliquod
1458 4429 1542 4483 potest
1561 4422 1594 4471 M

370 4488 405 4536 22
428 4487 464 4536 rel
482 4483 552 4551 num]
574 4496 600 4536 nt
616 4488 641 4536 B
649 4487 680 4535 M
689 4489 709 4536 L
780 4489 806 4536 in
824 4489 874 4536 alio
889 4498 963 4551 atque
979 4490 1027 4540 alio
1047 4490 1175 4539 intellectu
1194 4488 1333 4540 Sicdardus
1351 4492 1375 4538 in
1395 4490 1444 4539 alio
1463 4490 1594 4540 intellectu

303 4558 368 4608 BM
384 4558 409 4606 iu
425 4557 511 4620 aliquo
530 4557 658 4607 intellectu
678 4557 701 4605 L
772 4559 806 4607 Ἃ
824 4567 848 4606 at
868 4574 927 4608 uero
946 4560 970 4608 in
991 4559 1059 4608 sonte
1080 4561 1194 4609 lauamur
1213 4559 1237 4608 B
1307 4562 1341 4609 25
1359 4557 1460 4625 dieitur]
1481 4560 1595 4610 dicimus

303 4629 336 4678 M
404 4627 537 4677 nonenim
557 4635 638 4691 potest
655 4626 705 4675 diri
723 4626 863 4677 Siclmrdos
886 4644 935 4678 non
959 4630 1024 4678 euim
1044 4630 1167 4693 potuisset
1188 4628 1238 4685 diei
1263 4630 1318 4678 BL
1343 4644 1391 4678 non
1417 4632 1499 4696 possit
1523 4632 1593 4680 enim

303 4698 360 4760 quis
377 4698 426 4746 dici
444 4695 526 4760 (corr.
545 4696 640 4758 disere)
660 4695 691 4743 M
760 4699 893 4749 lauaboB
963 4698 996 4748 26
1010 4700 1031 4748 si
1045 4700 1077 4749 de
1092 4716 1120 4749 se
1137 4699 1199 4747 BM
1205 4701 1228 4748 L
1298 4701 1331 4749 ‘27
1347 4701 1419 4748 aliter
1437 4716 1464 4747 ro
1485 4701 1596 4752 tondere

304 4767 368 4817 BM
373 4768 411 4817 L:
430 4767 503 4818 aliter
521 4767 626 4817 tondere
643 4776 730 4816 eoram
749 4768 851 4830 uellera,
872 4784 921 4818 non
940 4778 1028 4833 posset
1047 4769 1096 4818 dici
1115 4769 1212 4818 temleri
1230 4769 1324 4818 uellera
1342 4779 1432 4818 curant
1451 4770 1596 4821 Siclordua

372 4849 443 4887 curat
460 4838 486 4887 B
573 4846 660 4902 postet
678 4838 727 4885 diei
745 4839 872 4888 retonderi
890 4839 1011 4902 (retuderi
1027 4839 1062 4897 L)
1081 4839 1182 4901 quidem
1203 4839 1297 4888 uellera
1313 4849 1401 4888 currant
1424 4838 1540 4901 (currant
1554 4839 1596 4915 L)

304 4905 359 4958 BL
377 4909 458 4971 posslt
472 4907 555 4957 dicere
575 4907 673 4958 tonderi
694 4908 788 4956 uellera
803 4908 904 4969 quidem
920 4916 1008 4956 curant
1023 4909 1055 4957 M
1106 4909 1140 4960 ¹29
1156 4918 1181 4958 ot
1197 4910 1218 4958 si
1239 4908 1308 4957 latini
1323 4909 1372 4958 diei
1391 4917 1474 4973 potest
1487 4911 1510 4958 L
1525 4910 1597 4960 uelat

303 4978 385 5042 (corr.
402 4979 437 5030 al.
451 4993 516 5030 man.
536 4975 618 5040 uelut)
637 4977 660 5026 si
678 4974 753 5025 latine
768 4985 851 5042 potest
869 4978 920 5028 diei
937 4976 962 5025 B
