3346 5498
265 391 327 456 160
835 392 988 456 norrun

288 515 310 556 p.
324 504 414 543 114-16
428 502 450 541 1,.

264 592 293 642 ot
315 583 363 643 hie
385 581 458 642 silex
482 589 511 642 et
533 582 606 643 lraec
628 581 712 641 silex.
750 580 821 658 quid
844 582 899 642 luit
919 600 1041 642 necesse
1063 589 1096 641 ut
1117 588 1166 641 aut
1188 579 1236 640 hic
1258 579 1372 640 diceret
1393 588 1442 640 aut
1463 577 1556 640 haec?

264 702 355 761 quare
385 692 543 763 utrumque
571 683 684 761 posuit,
713 682 760 742 hic
788 681 862 743 silex
892 683 1015 744 ethaeo
1038 681 1130 743 sileri
1158 683 1296 761 quoniam
1318 683 1374 742 isla
1395 685 1515 742 nourina
1538 702 1555 742 a

264 795 367 847 natura
395 802 490 862 genus
519 803 577 845 non
607 783 731 854 habent,
763 792 792 844 ct
820 804 853 845 ea
882 803 957 864 quae
985 804 1001 846 a
1029 795 1134 847 natura
1162 801 1222 843 non
1255 782 1365 844 liabent
1395 800 1491 861 genus
1518 781 1555 843 ab

263 889 438 948 auctoritate
466 888 626 966 accipiunt.
672 886 744 948 haec
771 905 857 947 cansa
885 895 929 946 est
958 894 991 947 ut
1011 888 1195 947 inveniamus
1217 885 1432 952 diversitatem,
1456 892 1485 944 et
1506 884 1556 944 hic

263 988 335 1049 silex
358 996 388 1049 et
409 987 483 1049 haec
501 988 587 1048 ¹siler.
625 1006 641 1047 e
663 989 812 1048 contrario
835 1006 927 1068 quare
949 1007 1009 1049 non
1029 987 1103 1049 haec
1126 1006 1219 1068 equus
1241 987 1378 1056 dicimuS,
1402 984 1448 1046 vel
1464 1000 1583 1062 quares

264 1110 323 1152 non
351 1091 475 1152 dicimus
503 1087 552 1149 lito
579 1088 676 1150 mula?
705 1091 890 1169 apertissime
917 1093 1027 1151 scimus
1053 1109 1108 1170 per
1134 1088 1297 1150 naturalem
1325 1089 1472 1149 rationem
1495 1106 1556 1148 non

193 1262 196 1271 g
262 1211 352 1273 posse
374 1193 430 1252 hoc
452 1209 546 1270 genus
568 1192 640 1252 cleri.
686 1208 757 1269 ergo
788 1189 792 1270 l
820 1193 897 1253 sciro
925 1192 1068 1253 debemus
1090 1192 1228 1272 qnoniam
1251 1208 1407 1270 possumus
1429 1209 1485 1250 uos
1507 1189 1556 1249 de·

262 1293 385 1356 feudare
408 1296 440 1353 in
462 1292 520 1353 illis
541 1292 715 1370 generibus,
741 1310 816 1370 cquae
839 1311 949 1370 genera
965 1312 1021 1354 nec
1041 1301 1222 1371 generantur
1244 1311 1299 1353 nec
1320 1309 1465 1370 generare
1487 1310 1557 1371 pos·

263 1407 339 1458 sunt.
384 1395 458 1456 illud
490 1396 568 1454 scire
601 1393 706 1464 debes,
742 1395 820 1472 quod
854 1394 945 1456 multa
974 1403 1043 1456 sunt
1069 1414 1179 1474 genera
1208 1415 1224 1455 a
1252 1403 1370 1464 natura,
1399 1391 1489 1455 multa
1518 1392 1555 1455 ab

264 1499 446 1559 auctoritate.
490 1496 539 1557 illa
569 1515 643 1577 quae
670 1515 686 1557 a
715 1503 821 1557 natura
849 1506 918 1558 sunt
947 1500 1095 1558 communi
1123 1516 1212 1558 sensu
1241 1497 1450 1564 discernimus;
1481 1513 1556 1574 quae
1570 1509 1601 1555 10.

263 1610 332 1662 sunt
354 1598 390 1660 ab
413 1601 586 1661 auctoritate
609 1601 782 1660 auctoritate
804 1597 1008 1659 discernimus.
1052 1601 1083 1659 in
1105 1598 1163 1659 illis
1184 1591 1345 1678 generibus
1367 1615 1442 1676 qnae
1464 1616 1481 1657 a
1503 1616 1555 1658 na·

263 1710 329 1763 tura
352 1711 422 1762 sunt
444 1721 499 1763 nec
515 1701 661 1779 Vergilius
683 1719 739 1761 uec
754 1701 857 1762 Cicero
880 1719 936 1761 nec
958 1700 1049 1779 aliqui
1071 1711 1208 1763 numeres
1230 1719 1304 1781 opus
1325 1709 1395 1761 sunt
1417 1700 1479 1769 tihi,
1503 1698 1556 1760 sed

264 1804 438 1865 naturaliter
466 1806 611 1865 rationem
643 1803 805 1880 sequimur.
851 1803 961 1863 scimus
988 1804 1127 1883 quoniam
1156 1801 1251 1863 debeo
1274 1803 1374 1863 dicere
1396 1801 1469 1862 haec
1491 1820 1556 1862 mn·
1611 1814 1621 1833 “

264 1906 334 1975 lior,
365 1907 413 1966 lric
441 1908 493 1966 vir.
540 1916 572 1966 ut
599 1913 699 1967 antem
726 1904 821 1964 dicam
850 1904 899 1964 hic
925 1907 1095 1984 pampinus,
1126 1923 1185 1965 non
1213 1903 1376 1965 naturalem
1411 1905 1555 1964 rationem

264 2027 387 2088 sequor,
416 2008 467 2069 sed
496 2027 532 2068 ex
560 2008 733 2068 auctoritate
761 2005 817 2066 lroc
839 2004 919 2075 dico,
950 2009 1089 2083 quoniam
1112 2009 1172 2067 scio
1195 2009 1234 2067 ita
1258 2007 1366 2067 lectum
1390 2024 1455 2066 esse
1477 2005 1556 2085 apud
1571 2016 1597 2058 ¹⁵

264 2110 437 2188 Vergilium.
482 2112 521 2170 ita
551 2109 617 2169 dico
646 2107 803 2188 aliquando
830 2105 1009 2176 masculino,
1041 2107 1197 2187 aliqnando
1228 2110 1381 2170 feminino.
1425 2110 1450 2168 si
1482 2107 1556 2169 haec

265 2215 377 2281 omnia,
401 2214 462 2273 sire
484 2212 641 2292 pampinus
662 2212 722 2271 sive
745 2208 818 2271 silex
840 2211 901 2270 sive
923 2209 993 2278 alia,
1017 2211 1193 2289 Interrogati
1216 2211 1374 2280 fuerimus,
1399 2227 1474 2287 quae
1496 2228 1557 2270 non

265 2332 282 2376 a
313 2313 440 2374 naturali
473 2315 589 2375 ratione
622 2314 756 2382 veniunt,
791 2331 851 2373 non
880 2319 947 2372 ante
976 2312 1119 2372 dehemus
1148 2311 1344 2391 respondere,
1378 2313 1435 2372 nisi
1467 2313 1556 2372 eliam

265 2414 398 2494 exempla
421 2415 507 2476 nobis
530 2415 725 2475 occurrerint.
755 2423 825 2493 pnta
846 2414 922 2493 siqui
945 2422 973 2474 tc
996 2416 1161 2492 interroget
1183 2413 1268 2474 ‘silex
1291 2416 1375 2474 cuius
1398 2421 1443 2475 cst
1464 2430 1555 2491 gene·

264 2520 354 2588 risi',
383 2519 408 2577 si
435 2519 601 2578 occurrerit
626 2515 680 2577 tibi
713 2515 859 2576 ‘stabat
887 2523 994 2576 acuta
1023 2515 1147 2584 silex’,
1172 2515 1252 2576 dices
1280 2516 1429 2585 feminium
1458 2517 1484 2576 si
1505 2525 1597 2575 oo·²⁰

264 2622 393 2681 currerit
415 2618 466 2679 tihi

619 2711 759 2784 quanto
781 2722 1001 2783 percussum
1025 2702 1187 2781 pondero
1210 2704 1362 2780 signent

417 2816 454 2867 et
475 2805 631 2867 laedant
652 2804 810 2874 silicem,

265 2910 345 2970 dices
368 2910 486 2987 generis
509 2906 674 2968 masculini.
705 2925 776 2984 ergo
799 2925 858 2966 non
881 2915 949 2966 ante
972 2905 1134 2988 debemnsl
1159 2907 1258 2967 dicere
1281 2909 1339 2967 nisi
1361 2907 1504 2987 exemplis
1526 2929 1557 2968 c.

264 3030 373 3092 genera
403 3029 473 3090 orgo
500 3007 687 3089 priucipalia,
717 3026 791 3086 quae
814 3015 934 3069 suntet
957 3010 1091 3087 propria,
1121 3008 1178 3068 duo
1201 3017 1283 3078 sunt,
1308 3008 1503 3070 mascnlinum
1526 3017 1597 3075 eles

264 3116 450 3175 femininum.
480 3111 550 3191 qnid
574 3113 600 3170 si
621 3129 677 3170 nec
701 3109 895 3172 masculinnm
919 3111 956 3169 sit
978 3128 1033 3169 nec
1055 3110 1247 3171 lemininumi
1272 3113 1329 3173 iam
1346 3120 1484 3174 nentrum
1501 3120 1557 3173 est.

264 3216 334 3294 quid
362 3216 386 3277 si
416 3224 445 3275 et
473 3213 666 3276 masculinum
695 3221 725 3273 et
752 3212 946 3273 femininum?
982 3213 1041 3273 iam
1075 3230 1232 3272 commune
1266 3220 1319 3273 est.
1363 3213 1433 3293 quid
1467 3215 1492 3273 'si
1527 3222 1558 3274 et

263 3317 459 3379 masculinnm
487 3325 517 3377 et
544 3317 719 3377 femininum
748 3296 777 3374 ct
806 3322 944 3374 neutrum
972 3314 1026 3373 sit?
1063 3332 1150 3374 omne
1178 3313 1297 3373 dicitur.
1342 3322 1375 3376 ut
1402 3323 1472 3394 puta
1507 3315 1557 3376 hic

263 3421 404 3499 magister
431 3417 624 3479 masculinnm
649 3423 709 3485 est,
739 3416 811 3477 haec
834 3417 917 3477 lllusa
945 3416 1120 3476 femininum
1144 3423 1201 3485 est,
1225 3416 1282 3475 hoc
1305 3434 1458 3478 scamnum
1480 3437 1555 3479 nen·

264 3532 343 3582 trum
366 3529 424 3589 est,
449 3519 496 3579 hic
520 3519 644 3580 ethaeo
667 3519 807 3579 sacerdos
830 3537 985 3578 commune
1009 3525 1063 3578 est.
1108 3535 1266 3579 commune
1289 3526 1333 3578 est
1354 3536 1457 3597 genus,
1482 3538 1555 3599 quo·
1571 3541 1597 3583 oo

264 3624 340 3681 tiens
362 3623 538 3682 femininum
562 3639 656 3698 genus
679 3629 708 3680 et
730 3619 926 3680 mascnlinum
941 3638 1034 3697 genus
1049 3618 1176 3680 similem
1199 3621 1411 3681 nominativum
1433 3619 1555 3691 liabent,

264 3722 293 3783 id
322 3732 367 3782 est
393 3722 529 3783 simililer
556 3724 729 3782 efferuntur.
775 3740 863 3782 omne
893 3729 950 3790 cst,
985 3723 1122 3797 quotiens
1151 3730 1180 3782 et
1207 3723 1381 3782 femininum
1410 3739 1504 3800 genus
1528 3733 1559 3785 ct

264 3822 459 3885 masculinum
488 3831 518 3883 et
545 3831 684 3884 neutrum
712 3822 849 3884 similiter
878 3824 1041 3884 elleruntnr
1067 3826 1098 3884 in
1127 3825 1304 3884 nominativo
1333 3824 1490 3903 singulari,
1524 3838 1558 3887 ut

264 3925 343 3986 lelix.
380 3943 449 3986 ecce
473 3923 608 3986 similiter
631 3927 691 3984 enit
712 3927 743 3985 in
766 3926 945 3985 nominativo
968 3944 1039 3986 casn
1061 3925 1202 4003 singulari
1224 3927 1254 3986 in
1278 3925 1416 3986 omnibns
1437 3931 1555 4005 generi·

265 4026 329 4088 bne.
375 4046 466 4106 quare
493 4027 588 4087 adieci
616 4028 646 4086 in
677 4027 856 4085 nominativo
884 4026 1046 4104 singulari?
1080 4035 1200 4106 propter
1231 4027 1390 4106 pluralem,
1420 4031 1487 4109 quia
1514 4030 1596 4091 ibim

264 4128 473 4190 discretionem
495 4127 597 4198 hahet,
627 4130 658 4189 in
681 4126 787 4207 plurali
810 4127 842 4186 lri
864 4136 893 4187 et
915 4128 969 4190 lrac
993 4128 1094 4189 lelices
1117 4130 1241 4190 ethaeo
1264 4130 1377 4200 lelicia;
1407 4132 1438 4191 in
1461 4135 1553 4193 nomi·

265 4269 297 4276 μ-
322 4267 568 4273 .-.—--——-—-—.,-.

333 4318 349 4367 7
368 4318 423 4366 clari
444 4317 628 4366 Lindemannus
646 4317 706 4365 dore
720 4315 804 4365 ABG
873 4313 905 4366 10
924 4331 989 4378 quoe
1005 4325 1064 4366 sunt
1081 4318 1113 4366 ab
1131 4317 1278 4367 auctoritate
1295 4319 1444 4368 unctoritate
1459 4320 1555 4370 discer—

265 4389 348 4438 nimus
367 4387 463 4451 Atili]
487 4402 551 4449 quae
576 4397 634 4435 sunt
653 4386 685 4435 eb
704 4396 806 4434 auctore
823 4387 971 4434 auctoritate
989 4388 1158 4438 discernimus
1176 4387 1213 4437 od
1237 4404 1302 4451 qnae
1321 4397 1380 4438 sunt
1396 4392 1427 4438 alr
1445 4392 1556 4440 anctori-

264 4469 315 4509 tate
333 4459 503 4508 discernimus
520 4456 545 4505 B
616 4458 647 4507 lo
667 4458 784 4519 quoniam
806 4457 859 4504 scio
878 4457 912 4504 ita
931 4456 1021 4504 lectum
1041 4473 1097 4506 esso
1117 4459 1138 4506 C
1161 4458 1279 4520 quoniam
1302 4461 1356 4509 i.ta
1379 4461 1433 4508 scio
1461 4460 1556 4511 lectum

264 4544 321 4578 esse
339 4527 497 4591 Aquoniam
515 4528 550 4575 ita
563 4528 615 4575 scio
634 4528 725 4575 lectum
746 4525 794 4575 hoc
812 4524 894 4588 (corr.
910 4525 958 4575 lroc
977 4526 1082 4590 lectum)
1101 4543 1158 4578 esse
1171 4528 1204 4577 B.
1222 4522 1360 4594 pampinus
1379 4538 1446 4581 certo
1461 4546 1557 4595 genere

264 4600 353 4649 dictum
372 4599 441 4662 opud
461 4599 596 4660 Vergilium
619 4613 668 4648 non
690 4598 793 4662 legitur,
813 4598 861 4646 scd
877 4597 934 4645 aliie
952 4600 1072 4659 exernplic
1094 4599 1238 4662 confimari
1260 4602 1326 4650 solet
1345 4616 1362 4648 o
1377 4602 1555 4664 properatiore,

263 4669 298 4731 cs.
320 4669 417 4720 ulmo.
440 4685 467 4733 p.
487 4666 550 4730 105,
574 4668 614 4717 itt.
635 4683 715 4731 quare
732 4667 830 4716 videtur
847 4666 1002 4715 scribendum
1019 4682 1088 4726 erre,
1111 4668 1230 4731 quoniam
1253 4671 1307 4718 scio
1324 4671 1360 4717 itu
1378 4670 1469 4720 lectum
1488 4686 1554 4722 esse.

264 4739 333 4804 apud
353 4739 491 4805 Vergilium
511 4738 559 4787 ista
572 4739 690 4786 dicuntur
707 4736 843 4799 aliquando
858 4745 903 4787 etc.
960 4738 992 4787 16
1012 4735 1044 4802 si]
1065 4753 1114 4786 uon
1131 4739 1155 4786 A
1219 4739 1253 4786 20
1272 4736 1364 4803 stabat]
1388 4741 1466 4806 Verp.
1486 4741 1554 4792 Aeo.

265 4807 391 4859 11111233
441 4808 474 4859 22
492 4805 595 4873 quanto]
616 4807 703 4856 Ioron.
724 4807 748 4861 3.
764 4809 815 4856 272
885 4808 919 4858 32
938 4809 1053 4869 quotiens
1072 4819 1095 4856 et
1113 4811 1149 4869 (et
1163 4825 1210 4857 om.
1228 4808 1262 4868 B,
1281 4809 1341 4858 odd.
1361 4809 1388 4874 d)
1402 4809 1555 4861 femininum

264 4892 346 4943 genus
361 4888 385 4926 et
403 4879 572 4928 masculinnm
591 4878 666 4929 aua
685 4877 801 4938 quotiens
820 4884 844 4926 et
862 4876 1012 4926 lemininum
1030 4887 1054 4925 ot
1072 4878 1238 4928 rnasrnliuum
1254 4894 1334 4944 genus
1351 4879 1375 4928 A
