3346 5498
290 352 354 416 482
855 353 1041 417 EVTYClllS

316 473 338 515 p.
352 464 396 504 ur.
410 464 435 504 or
448 461 472 502 r„
1382 475 1405 517 p.
1419 463 1481 513 sisa
1495 463 1523 507 er
1535 461 1560 506 r.

442 563 481 603 os
504 551 672 604 tenerum
695 545 804 623 pueri
827 541 1052 620 balbumque
1075 549 1187 622 poeta
1208 544 1369 621 figurat:

290 647 422 726 exeeptis
449 664 504 706 uro
532 647 596 706 uris
624 654 654 705 ct
679 663 792 725 quaero
820 647 914 706 activo
944 646 1080 723 quaeris,
1112 663 1149 704 er
1171 663 1231 724 quo
1252 646 1431 725 composita,
1453 645 1528 708 licet
1551 665 1586 708 ae

290 749 495 828 diphthongon
522 748 553 807 in
580 749 590 808 i
619 747 737 825 longam
764 753 958 815 convertunt,
987 747 1229 823 coniugationem
1256 754 1355 808 tamen
1384 756 1523 819 serrant,
1554 756 1588 810 ut

290 852 411 930 inquiro
433 851 576 929 inquiris,
600 849 737 910 Lucanus
757 848 835 910 hhro
858 848 936 909 Vllll
958 835 1125 927 ‘inquiie
1147 849 1186 909 iu
1209 850 1287 909 lata
1315 848 1471 911 nefandi
1493 849 1586 913 Cae·

205 949 209 955 ’
244 1000 247 1006 .
290 954 414 1023 saris’,
447 954 592 1032 conquiro
625 953 788 1031 conquiris.
832 957 1011 1012 consonante
1045 950 1135 1011 etiam
1167 968 1354 1030 quacumque
1387 951 1612 1013 antecedentes

290 1056 404 1135 primae
419 1063 503 1124 sunt,
528 1064 560 1114 ut
574 1053 695 1115 cclehro
717 1052 865 1122 celebras,
888 1051 1014 1113 tenebre
1036 1069 1178 1112 consecro
1200 1051 1325 1113 ohseero
1346 1053 1462 1132 quadro
1484 1056 1587 1132 migro

291 1157 366 1218 latro
388 1158 482 1217 lustro
504 1174 594 1217 narro
617 1174 696 1216 erro.
727 1162 869 1215 notantur
890 1155 999 1215 tertiae
1014 1155 1233 1232 coniugationis
1255 1172 1343 1215 curro
1365 1157 1472 1226 curris,
1497 1175 1588 1217 verro

292 1259 403 1328 verris,
426 1258 540 1320 Statius
562 1257 732 1318 'lhehaidos
752 1256 831 1318 libro
853 1256 907 1316 llll

619 1367 676 1420 sat
698 1357 847 1419 dubium
869 1364 980 1417 coetu
1002 1357 1150 1419 solante
1173 1358 1345 1419 timorem

443 1461 579 1524 tallere
602 1469 639 1521 et
659 1459 825 1521 incultos
847 1461 924 1520 aris
945 1458 1153 1521 adversere
1175 1462 1313 1521 crines.
1599 1483 1624 1523 ro

291 1569 323 1626 in
356 1583 406 1625 ror
439 1565 605 1624 desinentia
639 1562 816 1641 deponentia
850 1560 896 1620 rel
928 1564 1098 1623 communia
1125 1564 1240 1641 primae
1269 1568 1353 1630 sunt,
1383 1568 1416 1622 ut
1443 1581 1589 1626 exsecror

291 1670 457 1744 morigeror
483 1668 605 1726 ieneror
633 1665 727 1724 miror
754 1682 855 1724 moror
885 1660 993 1724 odoror
1017 1659 1029 1744 ll
1054 1665 1138 1724 luror
1164 1663 1280 1732 lucror,
1314 1671 1439 1743 excepto
1461 1684 1587 1745 queror,

291 1777 323 1829 ut
345 1777 413 1829 ante
436 1769 548 1828 dietum
571 1773 631 1835 est,
655 1767 771 1825 tertiae.

376 1870 409 1930 ln
432 1889 465 1930 so
488 1869 627 1929 similiter
650 1869 763 1947 primae
786 1874 856 1927 sunt
878 1868 1110 1945 coniugationis,
1134 1867 1202 1946 quia
1226 1866 1389 1929 derivativa
1411 1877 1491 1929 sunt.
1514 1889 1587 1931 nam

292 1972 337 2033 vel
365 1991 381 2031 a
409 1971 578 2032 nominihus
605 1970 745 2049 pleraque
779 1968 968 2038 derivantur,
1003 1968 1048 2028 rel
1075 1976 1157 2028 certe
1185 1970 1402 2048 frequentativa
1429 1979 1517 2041 sunt,
1553 1981 1625 2034 utu

290 2075 367 2134 lasso
394 2073 485 2134 lassas
511 2091 604 2152 penso
633 2074 729 2151 spisso
757 2071 863 2140 denso,
886 2070 965 2149 quod
988 2078 1019 2129 ct
1046 2072 1156 2131 denseo
1179 2071 1327 2130 secundae
1350 2073 1586 2150 coniugationis,

290 2184 324 2235 ut
351 2176 381 2235 in
409 2195 445 2235 eo
473 2177 681 2242 terminatum,
710 2172 781 2232 licet
808 2191 876 2232 raro
904 2172 1028 2241 lectum,
1056 2174 1222 2242 invenitur,
1246 2180 1279 2232 ut
1302 2173 1408 2237 extulit
1431 2177 1462 2235 in
1486 2179 1587 2255 primo

290 2276 369 2336 lihro
391 2280 552 2353 georgicon
576 2275 731 2352 Virgilius,

442 2378 570 2438 denset
592 2383 700 2436 erant
721 2393 812 2454 cquae
835 2394 919 2436 rara
941 2377 1059 2445 modo,
1089 2385 1126 2435 ot
1148 2395 1239 2455 quae
1263 2377 1378 2437 densa
1400 2378 1563 2451 relaxat,

290 2481 369 2541 idem
393 2483 423 2539 in
447 2479 500 2540 llll
523 2478 600 2539 lihro
624 2478 770 2538 Aeneidos
793 2475 796 2557 l
1001 2524 1003 2528 -
1597 2502 1623 2542 so

442 2581 523 2642 vcla
546 2579 667 2648 dahit,
691 2598 754 2638 vos
777 2581 942 2639 unanimi
965 2580 1119 2639 densete
1143 2587 1330 2652 catervam

289 2685 374 2745 euius
401 2684 580 2743 infinitivum
609 2681 755 2742 Salustius
783 2681 976 2742 historiarum
1004 2680 1081 2740 lihro
1109 2682 1135 2741 ll
1164 2684 1275 2752 relcrt,
1305 2682 1389 2743 ‘ille
1421 2684 1585 2746 lestinat

289 2786 474 2847 subsidiis
496 2786 697 2864 principes
719 2801 856 2861 augere
880 2791 914 2843 et
942 2783 1102 2844 densere
1132 2785 1330 2845 irontem':
1359 2803 1487 2845 convaso
1511 2805 1583 2848 con·

289 2907 390 2957 rasas,
413 2888 573 2947 Terentius
595 2888 626 2946 in
648 2885 827 2946 Phormione
850 2884 1013 2964 ‘aliquid
1037 2890 1289 2946 convassem’:
1314 2904 1421 2946 accuso
1444 2907 1582 2960 accusas,

276 2966 386 3050 ‘nmmo
414 3007 501 3049 curso
529 3008 623 3049 cesso.
667 2990 857 3068 excipiuntur
886 3005 1006 3047 accerso
1034 3006 1152 3048 arcesso
1180 2988 1292 3048 lacesso
1319 2990 1434 3049 lacesso
1457 3009 1621 3070 capessoss

289 3093 420 3161 incesso,
445 3093 530 3151 cuius
552 3090 741 3169 inpersonalo
765 3091 942 3149 infinitivum
965 3089 1108 3167 Virgilius
1130 3089 1306 3150 duodecimo
1329 3089 1407 3150 lihro
1429 3092 1516 3163 dixit,

435 3194 577 3253 incessi
601 3211 738 3261 muros,
761 3193 860 3269 ignis
883 3192 924 3251 ad
947 3198 1046 3252 tecta
1070 3191 1213 3262 rolaro;

289 3296 401 3356 Statius
422 3314 538 3373 quoque
562 3297 593 3355 in
615 3293 692 3354 libro
715 3294 727 3353 l
750 3292 919 3353 Thebaidos
934 3293 1039 3352 extulit
1054 3294 1119 3352 eius
1134 3295 1262 3354 activum
1285 3295 1331 3354 vel
1353 3295 1489 3356 neuhale
1513 3316 1582 3359 rer·

288 3397 358 3458 hum
375 3397 553 3458 infinitivum
570 3397 678 3457 ‘hanc
701 3397 813 3456 etiam
836 3397 969 3475 poenis
992 3396 1188 3455 incessere
1213 3405 1363 3472 gentem
1386 3396 1583 3460 decretum

288 3503 368 3568 est’,
391 3499 472 3560 idem
493 3496 569 3558 libro
591 3498 631 3557 lll
1594 3522 1620 3564 ss

378 3716 498 3786 lpoeta]
527 3732 617 3783 poema
635 3719 660 3767 B
679 3725 837 3781 poetarumt
924 3717 1262 3770 elusanustib.vl111’t
1286 3716 1390 3768 lucanus
1413 3718 1457 3769 lib.
1475 3719 1522 3769 Vll
1540 3721 1582 3772 B:

289 3789 409 3843 Phursel.
426 3789 492 3838 Vllll
511 3789 563 3838 558
651 3788 747 3849 inquire
767 3788 793 3835 iu
820 3786 871 3836 futu
891 3787 994 3836 celandi
1017 3787 1143 3850 tinquire
1162 3788 1187 3836 iu
1207 3784 1274 3836 laete
1293 3788 1394 3837 nelaudi
1417 3789 1581 3852 [inquirere

288 3859 313 3921 iq
334 3858 384 3907 latu
403 3857 509 3908 nelandi
525 3858 550 3905 P
567 3859 664 3918 inquire
685 3855 795 3905 nefanda
814 3856 957 3918 (superser.
970 3860 1004 3908 al.
1020 3873 1050 3906 m.
1070 3858 1094 3905 in
1114 3855 1178 3919 lata)
1197 3855 1299 3906 rrclandi
1318 3858 1343 3906 B
1412 3857 1580 3909 Sthehsidos

288 3927 329 3975 lib.
348 3928 394 3977 Vll
416 3929 455 3976 Bt
469 3926 602 3975 thebaidos
621 3927 683 3975 lihro
703 3927 811 3991 septimo
827 3927 852 3974 P
867 3926 1000 3975 thebaidos
1018 3928 1081 3976 liber
1102 3926 1156 3977 Ulll
1175 3925 1235 3974 dicit
1251 3928 1277 3984 f:
1293 3928 1334 3976 llll
1352 3928 1402 3977 202
1473 3929 1580 3980 9eoetu

288 3996 370 4047 solent
393 4009 418 4047 et
437 3998 461 4044 in
487 4012 581 4045 morem
600 3998 624 4045 P
646 4006 729 4044 coetos
748 3994 830 4043 solent
854 4008 877 4044 et
895 3996 1037 4059 (super-scr.
1056 4007 1143 4046 coetus
1168 3996 1268 4045 soluaut
1289 3998 1372 4060 eibos)
1390 3999 1414 4046 in
1436 4013 1533 4048 morem
1555 4000 1580 4048 B

287 4074 374 4115 coetus
390 4066 489 4116 soleant
506 4067 627 4114 inruerent
648 4073 657 4114 t
678 4073 748 4112 cetus
766 4063 847 4113 solent
866 4075 890 4113 et
909 4067 1030 4114 tumorem
1047 4068 1065 4128 s
1116 4066 1147 4115 10
1161 4074 1185 4113 et
1201 4065 1225 4113 in
1244 4067 1349 4120 occultis
1364 4069 1416 4117 aris
1432 4078 1456 4117 et
1476 4084 1580 4119 uerrere

287 4143 297 4184 t
351 4136 384 4186 to
398 4146 424 4184 ut
442 4135 513 4199 lapso
532 4136 605 4184 asB
657 4135 689 4185 17
708 4135 731 4182 in
754 4135 836 4197 primo
855 4133 919 4184 libro
938 4134 1040 4202 georg]
1063 4153 1085 4186 o.
1103 4135 1218 4195 llilzes.
1237 4136 1320 4185 Prisc.
1340 4139 1356 4189 l.
1377 4137 1433 4186 Vlll
1446 4154 1473 4202 p.
1489 4140 1580 4198 istd

769 4209 801 4253 t·
829 4206 869 4252 [Πό
1100 4215 1124 4254 el
1186 4236 1201 4269 a

357 4274 389 4324 19
404 4273 493 4322 denset
510 4283 520 4321 t
536 4273 625 4322 densat
643 4276 678 4323 P:
695 4274 773 4324 dense
791 4220 871 4326 Seram
894 4272 918 4334 ιῙ.
941 4288 996 4321 rura
1016 4273 1090 4322 modo
1108 4275 1124 4337 q
1143 4274 1302 4324 deserelarat
1320 4276 1345 4324 B
1431 4274 1465 4325 20
1483 4276 1509 4325 in
1529 4276 1577 4326 Xll

287 4344 352 4395 libro
371 4339 447 4408 hen]
469 4359 491 4395 o.
508 4343 558 4393 264
628 4345 658 4394 21
681 4343 887 4395 veladabitam.
907 4342 965 4404 Pes
1030 4345 1142 4392 unarrimi
1160 4346 1205 4407 Ps
1218 4347 1349 4394 unanimes
1364 4345 1403 4393 Bt
1473 4345 1578 4398 densete

285 4415 317 4478 ts
330 4415 436 4464 deusate
453 4429 521 4462 corr.
542 4415 645 4463 densete
665 4417 690 4465 B
706 4413 811 4464 densato
827 4414 852 4462 P
935 4414 968 4462 22
988 4413 1052 4462 lihro
1071 4414 1147 4463 relert
1165 4416 1275 4463 secundo
1294 4416 1319 4463 P
1345 4416 1387 4463 lib.
1408 4414 1442 4462 lll
1462 4414 1579 4474 rciertq

356 4483 518 4538 festinatum.
538 4484 616 4546 ΡιῙς
686 4484 720 4534 2²3
739 4485 891 4549 princepss
961 4483 1108 4533 densarel’
1160 4483 1266 4534 frontem
1287 4498 1303 4540 ς
1322 4484 1417 4534 fontem
1435 4483 1527 4546 BPtf

286 4569 412 4605 concusso
430 4554 608 4603 eonuassnsP
695 4555 728 4604 24
746 4554 770 4602 in
792 4550 954 4619 Phormione]
977 4554 1024 4610 ll,
1045 4551 1076 4602 13
1146 4569 1283 4604 conuasem
1303 4556 1328 4605 B
1416 4554 1449 4603 25
1468 4569 1576 4620 capesso

286 4640 362 4690 pesso
388 4638 460 4674 cesso
480 4625 579 4673 incesso
599 4622 623 4670 P
690 4625 724 4675 26
744 4624 912 4688 impersonale
930 4636 1058 4686 superscr.
1078 4623 1103 4669 in
1121 4621 1146 4670 B
1216 4624 1366 4674 duodecimo
1384 4620 1460 4689 libro]
1481 4643 1505 4677 a.
1524 4625 1577 4677 596

354 4695 387 4743 27
406 4696 498 4744 incessi
511 4701 648 4760 paruerunt
667 4708 739 4742 muro
757 4695 838 4745 deleto
855 4711 878 4746 o.
898 4699 1036 4757 paruerunt
1056 4691 1080 4739 B
1133 4692 1201 4757 ignis
1215 4694 1262 4757 Bs
1275 4696 1348 4759 ignes
1366 4695 1513 4758 tignesque
1528 4697 1576 4752 Ρς

355 4765 432 4813 etin
453 4765 515 4814 libro
535 4765 543 4813 l
563 4759 653 4826 rheu]
675 4765 764 4812 oete
836 4763 973 4812 neutralem
993 4758 1143 4809 indulturum
1165 4763 1189 4811 B
1259 4762 1293 4814 30
1314 4764 1380 4814 idem
1400 4764 1425 4812 in
1446 4763 1510 4814 libro
1530 4765 1576 4815 llll

287 4840 297 4882 t
319 4833 385 4883 idem
405 4834 468 4883 libro
483 4845 621 4898 quarto-5:
642 4830 719 4881 theb.
741 4832 843 4884 111301
