3346 5498
756 400 844 463 nus
1414 401 1455 465 69

1260 524 1280 563 μ.
1296 512 1352 551 rom
1367 513 1392 551 ee
1407 510 1429 550 r.

171 592 195 643 ct
216 583 261 645 bic
282 584 374 646 falsus
397 587 465 646 iacit
483 591 489 662 1
509 597 538 647 et
560 587 629 647 buic
653 587 736 646 tarso.
766 586 817 646 sed
839 587 979 669 articulus
1003 607 1110 650 nomeu
1134 590 1219 659 sarit,
1243 592 1307 649 siue
1330 589 1454 651 articulo

168 686 342 749 adverbium.
380 723 410 732 —
451 690 551 752 tuter
582 688 799 749 adverbium
829 697 864 749 et
892 692 1214 759 coniunctionem,
1240 692 1389 770 [proiecto
1411 694 1555 764 sicceris

166 787 407 867 intellegendum,
431 810 489 871 quo
506 792 593 852 modo
609 790 692 852 falso.
723 790 940 851 observandum
962 811 1048 862 saue,
1073 801 1105 851 ut
1126 792 1296 853 nominibus
1318 793 1453 855 locorum

165 911 235 971 quae
256 890 396 952 adverbia
420 894 531 953 iaciunt
551 896 731 973 praepositio
748 911 906 978 numquam
923 895 1075 972 iungatur,
1100 903 1132 955 ut
1147 895 1257 956 Romae
1279 897 1330 963 sui,
1355 896 1453 956 Cirtae

147 993 272 1063 ⁵audivi,
297 995 397 1054 Vticae
421 1004 552 1055 moratus
574 1015 650 1056 sum.
695 995 799 1057 domus
821 1015 892 1055 vero
911 988 943 1055 'et
965 1015 1016 1056 rus
1039 1005 1108 1057 tunc
1131 998 1279 1076 accipiunt
1301 999 1452 1077 praeposi·

164 1096 286 1164 tionem,
303 1095 423 1174 quando
439 1103 468 1155 et
482 1116 659 1175 pronomen,
683 1107 713 1158 ut
736 1096 789 1157 ‘ad
814 1096 933 1157 domum
958 1117 1053 1159 meam
1067 1097 1081 1179 tt
1096 1097 1196 1159 vado'.
1231 1100 1256 1158 si
1280 1109 1360 1159 caret
1382 1119 1451 1179 pro-

162 1198 293 1266 nomine,
324 1205 406 1258 caret
433 1206 463 1257 et
487 1201 722 1278 praepositione,
752 1207 784 1258 ut
805 1196 942 1258 ‘domum
966 1199 1073 1280 vado’]
1102 1208 1139 1260 ut
1167 1199 1326 1279 quaudo:
1350 1203 1452 1260 inter

162 1298 392 1359 adverbium:
416 1299 470 1359 ‘ut
491 1309 543 1370 te,
567 1301 1006 1370 tortissimeTeucrum',
1023 1302 1194 1363 adverbium
1217 1310 1262 1362 est
1283 1311 1329 1371 ut,
1353 1301 1382 1361 id
1406 1309 1451 1362 est

161 1400 406 1479 quemadmodum
424 1402 588 1481 quomodo.
614 1437 648 1447 —
675 1405 716 1463 vt
742 1411 916 1482 propter;
946 1403 1046 1463 inter
1067 1400 1298 1464 adverbium:
1328 1411 1451 1483 propter

135 1515 152 1554 u
163 1501 330 1564 adverbium
361 1512 419 1573 est,
450 1513 482 1564 ut
510 1508 647 1583 ‘propter
677 1506 832 1571 te.veui';
863 1506 1057 1583 praepositio,
1089 1513 1121 1566 ut
1143 1508 1315 1585 ‘propter
1336 1522 1451 1584 aquae

85 1594 92 1614 ⁶
151 1574 305 1674 ffvirm’,
335 1605 393 1665 boc
416 1614 461 1666 est
483 1608 561 1666 iuxta
590 1604 728 1685 [propter
751 1615 796 1666 est
817 1604 1011 1688 praepositio]
1036 1635 1055 1670 ιι
1087 1616 1131 1669 est
1154 1612 1238 1668 ‘autc
1261 1605 1377 1666 audivi’
1400 1605 1450 1666 ad-

163 1705 301 1767 verbium.
330 1741 364 1751 —
391 1707 717 1776 Interiectionem,
743 1717 781 1768 ut
802 1706 886 1767 heu:
910 1706 965 1768 beu
989 1711 1145 1787 responsio
1170 1716 1175 1783 1
1195 1707 1366 1768 adverbium
1389 1716 1480 1775 est;e

162 1807 275 1887 quando
299 1810 523 1885 ingemiscentis
547 1816 604 1877 est,
634 1810 800 1869 interiectio
829 1818 881 1870 est.
908 1844 944 1854 -
969 1810 1117 1871 florum:
1142 1812 1191 1890 qui
1214 1808 1292 1870 uude
1315 1810 1340 1869 si
1362 1810 1451 1889 quia

162 1911 222 1988 ipris
245 1911 369 1970 veniens
391 1910 464 1970 tacis
487 1913 546 1990 qui.
584 1945 618 1954 —
655 1912 746 1972 Sunt
773 1910 955 1972 adverbia
978 1911 1065 1980 toci,
1089 1931 1180 1992 quae
1203 1909 1480 1991 inprudentese

134 2018 289 2090 ¹⁵putant
306 2012 476 2081 uomina,
501 2021 539 2073 ut
560 2012 695 2073 Romae
718 2030 809 2081 sum;
833 2012 875 2073 de
899 2011 994 2072 toco:
1018 2013 1055 2074 de
1076 2013 1124 2075 bis
1139 2012 1287 2075 adverbiis
1309 2010 1453 2073 localibus

162 2114 327 2174 inminere
351 2121 436 2192 parte
456 2112 573 2193 pionius
595 2112 784 2175 subnotatum
808 2121 862 2175 est.
892 2116 1013 2175 nomina
1035 2117 1196 2176 civitatium
1219 2132 1378 2193 numquam
1401 2112 1451 2172 ad·

163 2216 278 2275 mittunt
306 2217 569 2293 praepositionem.
614 2235 682 2277 nam
705 2235 739 2276 ea
767 2217 865 2276 omnia
888 2217 1051 2277 secundum
1074 2217 1271 2277 accusativum
1294 2216 1451 2294 septimum

164 2323 190 2376 et
214 2316 347 2376 dativum
377 2315 521 2377 debemus
548 2317 685 2395 proferre
707 2325 758 2378 avit
779 2315 814 2376 ad
837 2315 934 2378 locum
957 2325 1007 2378 aut
1030 2318 1066 2377 de
1089 2317 1155 2378 toco
1178 2325 1229 2377 aut
1249 2319 1280 2377 iu
1310 2316 1391 2385 loco,
1421 2324 1454 2377 ut

163 2426 226 2497 puta
249 2419 475 2479 ‘Beneventum
499 2417 590 2478 vado’
613 2437 674 2479 non
697 2427 755 2479 tam
778 2437 887 2480 nomeu
904 2429 948 2480 est
970 2420 1096 2481 civitatis
1111 2438 1198 2500 «luam
1221 2418 1394 2480 adverbium
1416 2417 1452 2477 ad

133 2519 270 2580 arlucum:
296 2528 423 2599 excepto
445 2517 494 2579 illa
518 2521 636 2580 nomina
659 2538 734 2600 (prae
756 2538 790 2580 us
813 2528 914 2582 etum
937 2529 1054 2591 exeunt,
1078 2530 1112 2583 ut
1126 2521 1213 2583 Delus
1228 2522 1327 2582 Nasus
1342 2518 1453 2579 Taren·

163 2630 229 2682 tum.
251 2656 286 2666 —
306 2621 369 2682 His
391 2605 629 2701 praepositio
652 2641 722 2684 nou
745 2624 999 2701 anteponitur,
1017 2642 1109 2703 quae
1130 2623 1336 2703 provinciis
1358 2620 1497 2681 iecisti

162 2721 430 2802 regionibusve
456 2723 553 2784 adici
587 2722 684 2784 sotet
720 2723 789 2802 (tris,
818 2724 985 2786 civitatibus
1014 2725 1140 2794 scilicet,
1169 2722 1343 2802 regionibus
1376 2724 1455 2782 enim

161 2844 278 2904 semper
301 2826 489 2903 apponimus.
521 2826 691 2904 provinciae
714 2827 792 2886 enim
817 2845 875 2886 non
898 2834 1022 2905 possunt
1044 2826 1183 2887 adverbia
1206 2827 1382 2903 significare.
1418 2824 1455 2883 de

160 2928 255 2988 urica
280 2927 382 2986 venio:
406 2928 504 2988 Africa
527 2945 634 2988 nomeu
659 2934 718 2997 est,
744 2929 748 3000 Ι
774 2946 834 2987 ιιοιι
861 2926 1047 2996 adverbium,
1078 2927 1253 3006 significatio
1275 2944 1322 2986 me
1346 2926 1454 2994 venire,

127 3028 210 3089 §sed
238 3027 277 3088 de
307 3029 369 3107 ipsa
399 3032 458 3105 re),
488 3029 570 3105 quia
600 3028 642 3088 de
669 3030 953 3106 significatione
983 3030 1144 3090 nominis
1166 3047 1235 3088 nou
1259 3025 1476 3094 recedunt„

160 3139 196 3190 ut
223 3128 268 3189 de
291 3131 414 3190 Africa
444 3131 565 3197 venio,
595 3128 636 3190 ad
660 3130 824 3192 Siciliam
853 3149 980 3210 pergo:
1005 3130 1072 3190 ideo
1094 3149 1153 3190 non
1177 3137 1330 3189 transeunt
1351 3129 1380 3187 in
1404 3128 1454 3186 ad-

158 3232 274 3300 verbia,
305 3233 375 3308 quia
404 3232 574 3309 provinciae
603 3231 640 3291 de
667 3233 879 3309 significatione
902 3234 1030 3292 nominis
1057 3251 1116 3291 nou
1146 3229 1299 3292 recedunt.
1338 3263 1372 3271 -
1415 3230 1484 3290 Vts

158 3353 268 3412 poue:
294 3341 342 3401 ut,
366 3331 395 3392 id
421 3340 468 3392 est
490 3332 754 3411 quemadmodum,
779 3335 1000 3394 circumflexum
1027 3332 1117 3392 babet
1138 3340 1309 3399 accentum,
1332 3339 1364 3389 ut
1386 3347 1456 3388 con·

156 3437 274 3496 ivmctio
297 3442 425 3494 acutum.
458 3435 500 3493 sic
524 3443 554 3493 et
576 3452 663 3512 pone,
688 3436 712 3493 si
735 3442 816 3494 retro
839 3436 997 3512 significat,
1021 3434 1258 3498 circumflexum
1281 3432 1306 3490 si
1324 3429 1455 3498 verbum,

119 3545 287 3597 macutum.
335 3554 374 3595 ne
396 3535 620 3595 circumflexum
643 3535 813 3597 adverbium
836 3540 895 3601 est;
920 3554 956 3595 ne
979 3543 1063 3595 acuto
1087 3533 1203 3612 quando
1226 3533 1360 3601 dicimus,
1386 3550 1455 3590 con·

157 3640 272 3700 iunctio
289 3645 343 3698 est
381 3656 473 3697 sensu
491 3654 561 3696 vero
578 3635 771 3697 discernimus
787 3646 854 3697 ante
870 3644 899 3695 et
914 3645 1021 3696 cetera.
1042 3669 1077 3679 -
1099 3635 1335 3714 Praepositio
1352 3650 1458 3712 sepa·
1472 3650 1503 3697 13

156 3742 269 3800 ratim
293 3737 500 3798 adverbiis:
525 3737 674 3798 adverbiis
688 3740 922 3817 praepositiones
936 3744 1038 3816 putant
1055 3735 1143 3815 atiqui
1166 3737 1287 3795 omnino
1309 3734 1376 3794 addi
1399 3752 1458 3794 non

156 3851 314 3923 oportere,
339 3858 407 3900 curn
430 3838 581 3900 interdum
598 3847 720 3919 propter
735 3858 823 3900 sonos
838 3841 918 3917 iungi
936 3857 1056 3900 necesse
1072 3839 1123 3907 sit,
1148 3847 1179 3897 ut
1193 3838 1269 3917 apud
1286 3838 1458 3898 Terentium

160 3996 386 4004 --...---.--
391 3995 468 4001 .—

231 4062 294 4115 Cod.
316 4061 397 4112 Bem.
419 4061 466 4109 ΧΙΙ
486 4056 609 4112 ’.Ν-δ’.
680 4057 807 4126 terreae]
829 4061 910 4109 circae
982 4061 1038 4108 iet
1058 4061 1268 4124 praepositionem
1332 4057 1458 4106 interad-

154 4134 278 4184 uerbium
298 4131 561 4195 quemadmodumut
580 4139 603 4178 te
669 4132 699 4180 lt
719 4126 927 4196 quaeanaeque
992 4130 1022 4178 15
1038 4129 1157 4178 adrurbis
1221 4130 1252 4179 tu
1273 4126 1310 4192 ut]
1332 4135 1457 4175 orrteorr.

155 4215 183 4253 ut
261 4201 295 4252 19
313 4202 446 4250 ciuitatum
465 4208 587 4262 quantum
606 4199 755 4249 aduerbiurn
826 4200 859 4248 20
878 4210 972 4248 exeunt
990 4206 1014 4247 iu
1033 4201 1106 4247 dctus
1126 4215 1206 4248 uerus
1276 4199 1310 4245 ⁰22
1329 4196 1458 4260 refigioni-

154 4275 255 4322 bussue
274 4271 342 4320 adici
398 4267 655 4323 liceteorr.sciticet
707 4269 740 4319 23
759 4270 993 4333 semperpouimus
1045 4267 1080 4318 26
1098 4269 1131 4318 ad
1149 4268 1229 4318 sicilia
1282 4269 1315 4317 ¹27
1330 4266 1362 4313 de
1379 4264 1460 4328 sigui-

153 4344 304 4394 devotionem
378 4340 413 4389 28
431 4339 523 4389 habeat
582 4337 616 4387 32
634 4339 731 4402 aliquid
791 4339 824 4389 33
842 4340 896 4403 iugi
916 4338 1024 4387 necessit
1043 4347 1069 4385 ut
1086 4348 1147 4404 aput
1164 4354 1232 4387 corr.
1252 4339 1367 4387 admon,
1390 4333 1460 4396 iungi

155 4428 265 4464 neeesse
285 4413 320 4460 sit
338 4422 365 4459 ut
382 4411 453 4476 apud
1110 4435 1118 4443 ·

229 4603 293 4653 8ut
312 4599 348 4667 te]
376 4602 456 4662 Verp,
476 4599 543 4649 Aen.
565 4596 623 4644 tht
646 4595 694 4646 154
749 4594 781 4646 10
801 4604 902 4660 propter
920 4594 991 4643 sedet
1009 4601 1066 4640 ante
1083 4591 1152 4638 veuit
1169 4590 1238 4649 infra
1254 4603 1280 4650 p.
1302 4587 1346 4645 78,
1365 4587 1396 4636 el

153 4682 265 4741 propter
284 4667 379 4736 aqrvne]
406 4670 486 4733 Verp.
505 4668 584 4718 boeot.
603 4665 634 4720 8.
650 4666 683 4716 87
776 4667 807 4715 123
830 4665 872 4725 orvi
893 4665 959 4712 rnnle
978 4672 1026 4714 etc.
1044 4663 1080 4710 ud
1092 4661 1286 4708 otrveruutioueru
1303 4658 1335 4704 de
1355 4656 1397 4718 qui
1416 4655 1461 4701 nd-

152 4744 245 4795 verbio
264 4757 282 4789 u
297 4742 446 4803 pronomine
464 4736 643 4799 discernendo,
662 4737 694 4784 de
712 4751 760 4799 pao
779 4750 858 4798 supro
874 4748 901 4794 p.
917 4733 959 4786 oa,
979 4731 1119 4792 dlxdietnor
1138 4736 1185 4786 ert,
1202 4728 1330 4788 pertinere
1347 4726 1462 4774 evidentur

232 4811 266 4862 16
284 4811 427 4859 inminere
446 4819 500 4856 arte
517 4804 649 4856 Putrcdiua
720 4806 754 4855 20
770 4804 883 4867 exceptis
903 4802 953 4849 ittis
975 4800 1120 4857 nominibus
1140 4795 1270 4846 l'utaelu'ue
1341 4793 1375 4843 33
1392 4795 1460 4859 apud

153 4877 322 4945 Terentium]
346 4879 431 4930 Andr.
453 4879 460 4925 Ι
483 4878 507 4940 l,
525 4879 559 4926 42
