3346 5498
672 389 742 450 Ans
771 389 784 448 l
809 393 840 459 1,
864 392 882 447 2
1341 387 1403 450 411

116 496 130 520 '
144 509 164 548 p.
181 499 237 537 1689.
251 496 312 538 901‘.
605 506 611 521 ⁸
1225 508 1246 548 p.
1260 494 1305 534 ³21.
1317 496 1343 535 23
1355 495 1379 535 L.

117 579 206 646 alios,
236 576 306 637 dum
335 574 472 636 brevitati
500 574 634 644 student,
664 574 820 656 admodum
849 574 984 636 diffusam
1008 581 1155 635 coartasse
1178 577 1347 645 materiam,
1372 583 1404 636 ut

117 680 213 740 sterili
242 678 407 757 conpendio
435 677 509 737 nillil
539 676 575 737 ad
603 679 749 754 integram
771 678 926 737 scientiam
949 677 1112 738 lectoribus
1134 678 1303 748 conferant;
1331 678 1402 737 adu·

117 781 264 841 lescentes
286 799 356 840 rero
384 782 477 840 nostri
506 777 616 839 saeculi
640 797 697 839 non
721 779 870 838 desiderio
892 779 1060 840 litterarum
1083 798 1138 840 nec
1161 798 1259 841 amore
1283 782 1403 841 virtutis

116 884 151 943 ad
175 884 273 944 studia
296 902 326 943 se
350 882 514 961 applicare,
543 882 596 942 sed
625 889 674 940 aut
702 883 879 941 necessitate
902 882 1061 960 conpulsos
1083 891 1133 942 aut
1156 882 1246 942 odore
1269 883 1401 962 volupta-

90 991 178 1044 stum
201 1003 256 1063 per
277 992 403 1045 aetatem
426 985 548 1045 adflatos
571 984 705 1043 execrari
728 985 899 1060 magistros,
917 1002 1042 1063 quorum
1065 986 1244 1064 utquisque
1267 993 1312 1045 est
1334 985 1402 1045 dili·

115 1090 246 1163 gentior,
271 1105 306 1146 eo
329 1088 433 1147 maiori
457 1086 524 1146 odio
546 1087 706 1164 premitur,
731 1092 760 1144 et
781 1087 967 1164 gymnasium
989 1088 1168 1166 sapientiae,
1191 1105 1250 1165 quo
1272 1087 1308 1146 ad
1331 1085 1401 1146 bea·

114 1196 173 1249 tam
202 1191 290 1249 vitam
319 1191 424 1249 semita
459 1188 694 1256 demonstratur,
724 1186 803 1247 vetut
836 1190 1042 1249 taeterrimum
1069 1207 1220 1249 carcerem
1248 1189 1400 1258 detestari,

114 1291 187 1349 alios
210 1298 321 1360 autem,
351 1293 485 1369 qtramvis
514 1292 592 1350 scire
620 1292 754 1369 cupiant,
784 1308 870 1350 omne
899 1299 997 1351 tamen
1025 1292 1170 1352 fructuosi
1193 1289 1304 1351 laboris
1326 1308 1401 1351 onus

114 1392 279 1453 detrectare
309 1411 362 1453 nec
390 1393 518 1454 assiduis
545 1392 702 1452 inhaerere
730 1391 910 1453 lectionibus
938 1409 993 1452 nec
1023 1395 1139 1453 curiosa
1162 1394 1399 1471 perscrutatione

75 1502 246 1555 ioreterum
275 1514 380 1555 eruere
409 1496 650 1562 commentarios,
680 1495 731 1573 qui
760 1492 828 1554 dum
857 1512 975 1573 semper
1004 1493 1105 1554 rolunt
1127 1494 1206 1553 docti
1228 1513 1310 1563 esse,
1334 1495 1400 1554 fieri

114 1615 272 1676 numquam
294 1605 434 1676 possunt:
458 1598 570 1657 idcirco
592 1597 687 1656 fateor
709 1614 756 1655 me
772 1597 924 1673 negotium
947 1597 1115 1674 suscepisse
1137 1594 1276 1674 pluribus
1297 1598 1399 1675 profu·

112 1706 227 1768 turum,
255 1701 313 1759 nisi
342 1702 392 1778 qui
419 1699 563 1759 novellam
593 1700 666 1759 artis
695 1699 909 1776 expositionem
937 1703 1065 1757 tractare
1094 1696 1260 1767 fastidiant,
1284 1700 1399 1778 praeci·

111 1818 228 1878 puequc
251 1800 406 1880 discipulis
428 1803 553 1869 nostris,
576 1799 685 1880 quibus
701 1799 842 1860 adversus
857 1799 1013 1859 oblivionis
1035 1801 1179 1860 iacturam
1202 1807 1232 1859 et
1252 1818 1398 1879 percunc-

112 1904 237 1962 tantium
270 1911 450 1963 tentamenta
483 1901 650 1962 consultum
684 1906 749 1962 'esse
784 1901 956 1963 desidero..
977 1902 1008 1960 in
1041 1899 1097 1960 boc
1126 1919 1252 1981 namque
1279 1911 1398 1964 nostrae

73 2017 98 2057 15
111 2006 306 2082 professionis
329 2024 442 2066 summa
464 2011 613 2073 misatur,
637 2011 669 2062 ut
692 2005 723 2063 in
745 2003 870 2063 aliorum
893 2004 1017 2063 scientia
1040 2005 1092 2061 tui'
1106 2004 1272 2081 periculum
1295 2006 1397 2075 facias,

111 2125 165 2167 nec
189 2109 214 2166 si
237 2111 300 2186 ipse
323 2110 414 2178 scias,
438 2107 489 2168 scd
512 2109 538 2166 si
561 2105 633 2166 alios
656 2104 806 2174 docueris
830 2104 964 2165 eruditus
987 2121 1052 2163 csse
1076 2103 1214 2165 videaris.
1244 2109 1397 2167 nominum

110 2211 203 2285 igitur
225 2210 342 2287 regulas
365 2220 393 2271 ct
416 2209 574 2270 verborum
598 2211 628 2268 in
651 2226 743 2268 unum
766 2209 917 2286 congessi,
940 2207 1081 2287 quoniam
1103 2205 1177 2268 baec
1198 2209 1262 2269 fere
1284 2211 1398 2288 princi-

110 2318 211 2389 patum
238 2314 269 2371 in
297 2312 432 2392 partibus
461 2312 604 2371 orationis
634 2309 769 2370 obtinent
796 2309 979 2389 multumque
1009 2308 1192 2371 difficultatis
1220 2309 1345 2382 habent,
1369 2318 1399 2372 et

109 2431 200 2492 snper
222 2416 330 2474 ceteris
353 2413 469 2474 abunde
493 2413 605 2473 dictum
627 2432 643 2473 a
666 2413 790 2473 summis
812 2410 985 2473 auctoribus
1007 2415 1141 2474 aestimo.
1172 2416 1283 2493 quoin
1306 2431 1397 2494 opere

72 2515 189 2575 cenibil
213 2517 288 2575 milri
311 2535 437 2585 sumam,
461 2534 516 2576 nec
539 2535 554 2575 a
577 2533 624 2576 me
647 2517 715 2575 nori
737 2514 896 2594 quicquam
918 2522 1071 2593 repertum
1094 2514 1264 2576 adfirmabo.
1305 2514 1395 2576 multa

110 2636 235 2696 namque
259 2637 295 2678 ex
316 2618 476 2678 multorum
506 2615 592 2679 libris
615 2618 755 2697 decerpta
777 2619 921 2677 concinna
950 2616 1095 2678 brevitate
1118 2617 1263 2686 conclusi,
1287 2623 1319 2677 ut
1341 2634 1397 2677 nec

109 2721 209 2780 ieiuna
231 2739 337 2799 parum
359 2722 486 2780 instruat
502 2723 708 2800 conpensatio,
733 2738 788 2779 nec
803 2717 927 2779 verbosa
950 2719 1106 2798 prolixitas
1119 2718 1272 2779 fastidium
1295 2718 1394 2796 legen-

108 2821 188 2881 tibus
210 2830 334 2882 moveat.
368 2821 465 2901 siquid
488 2831 587 2883 autem
610 2843 625 2884 a
649 2822 736 2883 nobis
757 2823 788 2881 in
810 2829 948 2899 suscepto
970 2823 1089 2898 negotio
1112 2820 1264 2881 commode
1286 2827 1395 2881 tracta·

107 2931 169 2983 tum
203 2930 262 2992 est,
296 2924 373 2984 malo
406 2924 436 2984 id
469 2924 590 2984 lectoris
619 2924 729 2985 iudicio
757 2923 887 2993 laudari,
921 2940 1009 3001 quarn
1042 2930 1144 2983 nostra
1172 2922 1393 3003 praedicatione

68 3027 224 3091 2⁵‚iactari
261 3033 294 3085 tu
316 3033 416 3085 tamen
439 3026 584 3085 industria
608 3021 621 3105 fl
647 3035 695 3086 tua
717 3025 763 3085 vel
786 3024 970 3104 petulantiae
993 3032 1112 3084 nostrae
1135 3026 1249 3085 crimen
1272 3042 1393 3085 excusa-

107 3126 168 3196 bis,
193 3127 237 3187 rel
260 3127 355 3187 laudis
378 3128 475 3207 siquid
498 3126 696 3196 merebimur,
719 3125 886 3205 ampliabis.
908 3148 910 3153 ’
931 3125 1004 3186 vale.
1029 3121 1034 3204 Ι

191 3214 355 3307 Adgressus
378 3231 529 3289 nominum
552 3228 670 3305 regulas
692 3226 824 3287 breviter
846 3227 1004 3306 explanare
1031 3235 1062 3288 et
1089 3227 1292 3307 scrupulosam
1315 3229 1393 3290 diffi-

106 3333 252 3412 oilemque
280 3333 434 3392 materiam
463 3329 703 3391 adulescentibus
724 3331 857 3408 perviam
879 3331 993 3400 facere,
1016 3332 1157 3408 quoniam
1180 3333 1276 3392 omnis
1298 3329 1392 3391 ambi·

106 3436 203 3509 guitas
224 3437 255 3493 iu
278 3453 387 3510 genere
411 3434 540 3493 nominis
562 3440 591 3492 et
613 3432 810 3491 declinatione
833 3433 981 3502 consistit,
1004 3433 1135 3510 primum
1156 3433 1247 3493 latina
1269 3452 1286 3493 a
1307 3449 1392 3509 grae·

66 3562 92 3602 ³0
106 3537 150 3594 cis
172 3534 318 3604 discrevi,
342 3554 378 3595 ne
402 3535 576 3594 confusione
599 3535 751 3596 varietatis
773 3533 911 3594 turbetur
932 3535 1091 3604 memoria;
1115 3534 1222 3595 deinde
1244 3533 1391 3612 monosyl-

105 3636 171 3697 laba
195 3647 334 3714 congesta
357 3638 528 3716 praeposui,
558 3655 632 3716 quae
661 3635 770 3696 diversi
798 3637 918 3717 quidem
940 3644 1009 3698 sunt
1030 3639 1164 3714 generis,
1188 3638 1270 3696 tertii
1292 3644 1391 3696 autem

105 3738 219 3798 ordinis
241 3738 394 3799 formulam
417 3738 514 3798 tribus
536 3740 667 3818 exceptis
690 3745 846 3809 secuntur,
874 3746 904 3800 et
925 3744 995 3798 sunt
1020 3740 1085 3799 fere
1113 3738 1196 3800 haec.
1233 3737 1390 3800 masculini

104 3844 224 3919 generis
245 3859 278 3901 as
299 3840 371 3901 dens
394 3857 466 3917 grex
488 3840 542 3901 llos
564 3841 630 3900 fons
651 3840 724 3901 Lars
745 3859 830 3902 mons
851 3859 915 3901 mos
936 3857 1003 3900 mus
1024 3858 1087 3901 mas
1109 3859 1196 3920 praes
1217 3840 1295 3901 Mars
1317 3858 1392 3920 pons

103 3939 148 4002 lar
164 3962 216 4022 pes
232 3961 281 4002 ros
297 3961 348 4002 rex
365 3943 407 4003 sal
424 3942 465 4002 sol
482 3945 528 4002 vir
543 3962 593 4002 vas
609 3942 706 4003 vadis:
730 3960 766 4003 ex
780 3941 829 4004 bis
843 3960 934 4002 unum
950 3948 996 4002 est
1009 3942 1157 4004 secundae
1173 3942 1389 4014 declinationis,

170 4148 204 4199 3'2
223 4157 247 4198 et
265 4157 323 4197 sunt
342 4149 395 4197 fere
414 4147 476 4197 baec
495 4147 571 4202 Olor.
588 4148 631 4211 42,
650 4146 677 4200 6.
696 4162 754 4198 exe.
772 4147 847 4198 Odor.
861 4146 920 4212 546,
942 4147 973 4197 17

170 4321 338 4370 tlectoribus
358 4321 442 4373 ornP
512 4317 685 4385 ‹leonpulsus
701 4319 726 4368 P
790 4318 948 4370 deuriosam
961 4321 1185 4383 perscrutationem
1203 4319 1228 4369 P
1280 4318 1313 4371 10
1327 4318 1388 4368 dum

101 4405 202 4457 semper
219 4406 278 4440 esse
297 4406 433 4454 numquam
452 4388 520 4454 (lieri
536 4389 597 4442 add.
612 4389 640 4450 f)
658 4388 748 4438 uolunt
766 4389 833 4439 docti
852 4404 908 4439 esse
927 4403 976 4438 non
996 4399 1104 4455 possunt
1120 4391 1145 4440 F
1214 4389 1244 4441 ll
1259 4389 1388 4454 negotium

102 4459 343 4525 bocsusoepisses
415 4462 446 4511 14
466 4457 632 4509 desiderioP
702 4458 734 4509 17
753 4458 817 4508 baec
838 4457 891 4508 fere
911 4459 964 4508 PF
981 4458 1030 4510 bae
1053 4461 1160 4524 lecese
1230 4460 1264 4508 ²2
1280 4470 1385 4522 compen

103 4529 171 4593 lnee
189 4532 215 4580 F
225 4532 440 4596 compendiositas
454 4530 533 4592 neef
598 4527 633 4580 26
650 4529 785 4579 merebitur
799 4530 846 4584 Pe
916 4528 1062 4597 ampliabis]
1088 4528 1230 4597 applicabis
1246 4543 1264 4593 p
1332 4525 1388 4574 vale

100 4602 210 4655 onr‚Fs·
298 4603 484 4668 trangressus
506 4615 561 4649 sum
581 4614 642 4666 ergo
661 4599 790 4649 nominum
809 4598 835 4647 F
917 4597 951 4648 32
970 4606 994 4648 et
1015 4609 1151 4650 suntuere
1171 4596 1388 4648 haecf'etsunt

101 4669 154 4719 fere
173 4669 235 4719 llaec
248 4686 307 4735 spes
328 4688 368 4720 res
383 4674 421 4721 uir
432 4674 456 4720 Ρ
507 4668 540 4722 33
559 4667 632 4736 Lars]
654 4669 751 4724 last
768 4667 952 4720 terraemetus
1000 4667 1034 4720 ³4
1054 4663 1389 4735 ianuamianuaim

100 4741 134 4790 ab
146 4740 192 4790 doc
208 4743 262 4790 loeo
280 4743 385 4792 alienum
403 4757 458 4792 eece
474 4739 637 4803 perturbatus
648 4741 787 4790 litterarior
800 4741 877 4802 ordo,
892 4753 962 4804 quem
977 4747 1067 4790 eontra
1080 4740 1154 4805 fldem
1170 4737 1280 4789 codicem
1292 4742 1389 4784 mucre

99 4812 175 4868 nolui,
193 4812 296 4864 indicat.
320 4816 383 4862 iusto
402 4820 482 4862 autem
499 4811 588 4862 ordine
599 4811 715 4862 restituto
733 4811 769 4860 tto
783 4809 861 4861 auiti
873 4816 996 4873 poterant
1006 4812 1144 4860 mentina
1154 4809 1261 4869 nomae,
1278 4819 1308 4855 aa
1325 4805 1389 4855 dens

100 4880 147 4929 llos
166 4879 224 4930 fons
241 4896 304 4945 grex
318 4883 368 4947 glis
388 4883 424 4932 tar
437 4882 503 4932 blora
518 4896 590 4931 mons
608 4895 663 4930 mos
682 4895 739 4930 mus
757 4895 812 4930 mas
831 4894 906 4946 praes
924 4893 989 4944 pons
1007 4895 1054 4946 pes
1072 4888 1120 4932 ete.
1174 4885 1212 4926 est
1229 4890 1256 4942 ς,
1271 4891 1317 4927 on.
1335 4874 1390 4924 PF

1118 4958 1186 5023 27*
