3346 5498
241 368 305 432 324
712 365 849 429 leltttl
871 366 1065 429 nanturra

242 559 381 626 tiatione,
412 563 548 635 quattuor
576 556 692 635 speeies
720 552 824 624 babet,
853 573 907 634 per
935 571 1009 631 quas
1037 552 1239 616 barbarismus
1267 556 1408 624 efficitur,
1436 554 1536 616 idest

241 660 406 721 adiectione
439 657 623 718 detractione
654 658 857 718 immutatione
897 664 927 717 et
960 658 1216 717 transmutatione:
1255 656 1381 717 adiectio
1417 655 1534 717 litterae

241 760 371 842 syllabae
407 761 550 839 temporis
582 761 645 820 toni
678 760 883 838 aspirationis,
918 758 1062 820 detractio
1089 757 1205 821 litterae
1231 757 1361 837 syllabae
1393 761 1535 838 temporis

241 864 304 923 toni
332 864 531 942 aspirationis.
577 862 702 922 adiectio
731 860 862 937 litterae,
891 862 968 922 siout
996 847 1212 938 ‘relliquias
1245 861 1436 930 Danaum',
1467 880 1534 922 eum

240 964 382 1043 reliquias
409 982 465 1044 per
492 980 583 1023 unum
611 961 620 1022 l
648 962 749 1024 dicere
776 962 953 1031 debeamus,
985 970 1015 1023 et
1041 960 1209 1023 audiveram
1237 981 1293 1042 pro
1315 960 1481 1032 audieram,
1505 971 1562 1022 ets
1618 1041 1622 1051 1

240 1065 345 1144 legites
367 1084 423 1145 pro
446 1065 545 1144 legite.
583 1083 636 1144 per
659 1065 853 1126 adiectionem
877 1064 1020 1146 syllabae,
1045 1073 1078 1125 ut
1099 1067 1183 1124 ‘nos
1205 1063 1345 1125 abiisse
1367 1065 1456 1125 rati’
1478 1084 1536 1143 pro

242 1166 347 1228 abisse.
393 1186 448 1247 per
470 1167 664 1227 adiectionem
687 1169 845 1246 temporis,
868 1176 901 1227 ut
929 1165 1091 1227 ‘ltaliam
1119 1166 1195 1226 lato
1222 1164 1433 1245 profugus’,
1467 1184 1535 1226 eum

241 1267 321 1330 ltalia
345 1277 482 1349 correpta
505 1270 599 1348 prima
622 1268 719 1329 littera
742 1268 842 1329 dicere
864 1268 1034 1329 debeamus.
1080 1269 1151 1329 item
1174 1286 1228 1348 per
1251 1265 1465 1328 detractionem
1487 1266 1535 1327 lit·

240 1378 337 1440 terae,
362 1371 439 1430 sicut
460 1370 600 1431 iulatibus
621 1389 677 1450 pro
699 1369 872 1441 infantibus,
896 1378 925 1431 et
947 1371 1093 1431 nutrirem
1116 1388 1170 1450 pro
1192 1370 1371 1437 nutrieram;
1395 1368 1535 1448 syllabae,

242 1481 274 1531 ut
296 1471 472 1533 salutantum
496 1491 550 1551 pro
573 1471 751 1533 salsamento
773 1472 818 1532 vel
841 1480 1034 1553 paumentunr
1054 1490 1109 1552 pro
1132 1472 1317 1550 pavimento;
1340 1489 1395 1550 per
1417 1470 1534 1532 detrae-
1552 1487 1575 1526 ιο

241 1574 354 1633 tionem
378 1576 534 1652 temporis,
558 1580 591 1633 ot
613 1574 739 1634 ‘unius
762 1571 806 1632 ob
830 1576 978 1635 noxam’
1000 1593 1054 1653 pro
1070 1575 1170 1635 unius:
1195 1574 1226 1633 oi
1248 1573 1327 1633 enim
1350 1570 1460 1652 syllaba
1484 1592 1537 1634 ua·

241 1674 375 1736 turaliter
403 1674 490 1753 longa
521 1683 565 1734 est
592 1682 622 1734 et
648 1672 714 1735 loeo
742 1674 840 1736 brevis
869 1683 915 1736 est
941 1677 1045 1755 posita.
1089 1676 1160 1735 item
1183 1676 1386 1735 immutatione
1409 1675 1535 1746 litterae,

241 1777 316 1836 siout
339 1776 390 1836 olli
412 1795 467 1855 pro
491 1774 546 1843 illi;
570 1774 714 1856 syllabae,
739 1784 771 1836 ut
792 1779 951 1856 pormieies
966 1797 1022 1858 pro
1037 1778 1200 1856 pernicies;
1224 1795 1278 1857 per
1301 1779 1535 1838 immutationem

226 1881 399 1956 temporis,
431 1885 464 1938 ut
491 1878 657 1938 ‘lervere
679 1878 895 1950 Leucaten',
925 1898 993 1940 eum
1016 1880 1147 1946 lerrore,
1177 1881 1201 1939 si
1225 1878 1373 1939 secundae
1396 1881 1536 1957 coniuga-

153 2009 155 2012 <
242 1981 331 2041 tlonis
355 1989 408 2049 est,
433 1979 577 2059 producte
600 1979 658 2039 diei
681 1979 802 2041 debeat:
827 1999 861 2041 ve
884 1983 961 2042 enim
985 1979 1096 2061 syllaba
1120 1979 1207 2058 longa
1230 1989 1275 2041 est
1297 1988 1326 2041 et
1348 1979 1413 2039 loeo
1437 1980 1536 2041 brevis
1551 2002 1576 2040 15

242 2088 286 2140 est
308 2083 412 2159 posita.
450 2082 598 2141 Leucaten
622 2101 691 2141 vero
714 2090 844 2144 montem
868 2083 939 2143 dicit
961 2082 1096 2162 Apuliae,
1120 2081 1174 2141 ubl
1193 2080 1303 2142 bellarm
1326 2084 1416 2160 gessit
1437 2082 1537 2162 Arign-

242 2190 304 2242 stus
327 2201 394 2243 eum
417 2185 544 2244 dirtonio
568 2191 598 2243 et
619 2183 783 2262 Cleopatra.
829 2186 900 2247 item
922 2204 976 2264 per
999 2185 1275 2246 transmutationem
1299 2183 1430 2254 litterae,
1460 2187 1538 2246 sieut

242 2284 381 2345 Euandre
409 2304 465 2364 pro
494 2284 633 2345 Euander
655 2283 700 2344 vel
727 2285 883 2366 intrepella
906 2305 962 2366 pro
985 2284 1156 2365 interpella;
1181 2305 1234 2364 per
1258 2288 1537 2349 transmutationem

243 2384 388 2465 syllabae,
412 2387 490 2446 siout
513 2385 666 2465 displicina
682 2406 737 2465 pro
753 2386 906 2467 disciplina
917 2407 928 2472 ;¹
949 2390 1106 2466 temporis,
1128 2395 1161 2448 ut
1183 2389 1274 2467 siquis
1296 2387 1367 2448 deos
1389 2388 1535 2467 producta

241 2489 342 2567 priore
362 2487 472 2567 syllaba
496 2497 525 2549 et
546 2495 683 2567 correpta
706 2491 873 2568 posteriore
898 2492 1078 2569 pronuntiet.
1549 2511 1576 2548 eo

801 2590 818 2626 t
883 2591 901 2628 3
959 2592 977 2629 *

268 2733 290 2774 Ρ·
303 2723 329 2761 ³⁹
345 2721 368 2760 Π·
783 2727 833 2787 nn
855 2727 990 2788 'inuris

326 2842 493 2924 Metalepsis
515 2853 559 2904 est
581 2844 669 2905 dietio
691 2844 835 2922 gradatim
859 2864 986 2925 porgens
1008 2845 1043 2906 ad
1065 2844 1094 2905 id
1111 2844 1189 2922 quod
1213 2845 1356 2915 ostendit,
1379 2854 1411 2906 ut
1432 2849 1533 2926 ‘spe-

242 2943 366 3005 luneis
388 2945 534 3007 abdidit
556 2949 665 3008 atris’
690 2955 719 3007 et
953 2993 961 3019 ,

393 3055 475 3126 post
497 3046 640 3127 aliquot
662 3066 735 3109 rrrea
760 3068 873 3126 regua
897 3048 1022 3109 videns
1046 3047 1210 3110 mirabor
1232 3051 1381 3110 aristas¹

241 3167 295 3227 per
318 3151 423 3208 aristas
446 3167 539 3209 anrros
563 3169 598 3209 ox
621 3150 766 3210 lruetibus
782 3144 947 3230 computat:
970 3170 1038 3212 nam
1054 3171 1108 3230 per
1124 3152 1229 3212 aristas
1245 3170 1350 3230 grana,
1374 3172 1428 3232 per
1443 3171 1535 3231 grana
1549 3171 1575 3209 es

242 3251 311 3310 anui
334 3252 490 3328 signilieati
514 3259 597 3321 snut,
621 3272 676 3331 pro
693 3252 821 3331 eoquod
844 3252 967 3330 siugulis
989 3255 1075 3314 annis
1097 3274 1113 3314 a
1136 3263 1215 3314 terra
1239 3253 1427 3332 colliguntur.
1456 3254 1535 3315 diota
1584 3321 1587 3325 ,

242 3358 339 3412 auteur
369 3353 538 3433 metalepsis
567 3352 604 3413 ab
634 3373 668 3413 eo
698 3354 775 3433 quod
804 3355 955 3433 praeeedit
981 3354 1010 3414 id
1041 3354 1118 3434 quod
1151 3357 1299 3434 sequitur,
1334 3364 1367 3416 ut
1394 3355 1536 3417 ‘scelus

243 3454 470 3532 expendisse
492 3458 730 3515 merentem':
755 3454 851 3516 seelus
874 3458 952 3517 euim
976 3459 1074 3535 posuit
1096 3476 1151 3536 pro
1173 3476 1277 3536 poeria.
1323 3441 1536 3519 iteml'ersius

393 3558 506 3634 inque
531 3576 656 3617 ritanus
679 3557 836 3618 chartae
859 3546 1072 3637 nodosaque
1095 3561 1196 3619 uenit
1217 3559 1371 3619 arundo:

242 3675 310 3716 nam
338 3676 391 3736 per
423 3677 542 3719 uranum
571 3658 674 3728 rerba,
704 3678 758 3737 per
787 3660 964 3720 arundinem
995 3660 1110 3721 litterae
1139 3663 1318 3739 significatae
1341 3669 1419 3722 sunt.
1464 3664 1575 3725 itemao

243 3758 335 3816 Varro
360 3763 507 3835 ‘ponam
532 3759 716 3821 lrisuleam
741 3769 775 3821 et
798 3753 1111 3823 erebrinodosam
1134 3755 1379 3823 arun'dinem’.

251 3896 547 3906 ..-----.—.——

311 3962 481 4029 ‹lrolliqnine]
508 3967 586 4030 Very.
607 3965 670 4018 Aen.
698 3967 706 4013 l
729 3966 763 4015 30
832 3962 926 4030 linos]
953 3968 1031 4029 Verp.
1051 3966 1115 4019 Aeu,
1138 3966 1209 4015 1125
1280 3967 1295 4013 7
1322 3965 1427 4033 ltaliam]
1454 3968 1533 4033 Verp.

243 4030 331 4083 Aeaei
353 4038 368 4080 2
442 4034 470 4083 ll
492 4035 577 4099 unlus]
603 4037 681 4100 Very.
702 4036 765 4083 Aru.
787 4036 793 4082 l
814 4036 847 4083 40
937 4037 967 4085 ld
992 4035 1100 4101 fervere]
1123 4037 1199 4100 Verp.
1222 4035 1285 4088 Aen.
1305 4037 1360 4084 Vlll
1380 4037 1430 4086 677
1502 4040 1536 4088 ’22

242 4101 382 4168 speluncis]
407 4104 484 4166 Verp.
506 4105 570 4156 Aen,
596 4108 603 4153 l
626 4106 660 4156 tto
729 4107 761 4153 2-1
782 4103 851 4170 post]
874 4107 955 4170 Verp.
977 4106 1057 4156 bucol.
1079 4109 1101 4168 1,
1120 4106 1153 4156 70
1223 4109 1257 4154 'ab
1277 4107 1394 4171 singulos
1414 4122 1495 4156 annos
1512 4108 1536 4157 a

313 4174 345 4220 27
369 4170 462 4237 scelus]
489 4175 567 4237 Verp.
584 4175 646 4223 Aen.
667 4176 686 4222 ll
706 4176 757 4224 aab
811 4175 845 4223 28
861 4176 918 4224 item
938 4177 1040 4225 l'orslns
1061 4177 1136 4238 inque
1154 4176 1237 4224 editor
1253 4177 1379 4224 Romanus·
1396 4178 1455 4225 item
1476 4194 1537 4242 pros

244 4254 323 4302 usque
342 4242 439 4291 rodere:
456 4244 530 4295 Pers.
550 4252 599 4293 eret.
619 4244 644 4303 3,
664 4244 691 4294 ll
781 4244 812 4294 31
837 4247 964 4294 Varronis
982 4243 1059 4294 aerbo
1072 4249 1168 4295 sotoris
1187 4244 1274 4296 tribuit
1289 4247 1441 4297 Alexander
1461 4247 1537 4297 Riese

242 4326 303 4360 mter.
318 4313 395 4364 Illaeu.
412 4313 503 4361 noviss.
518 4329 539 4361 u.
557 4313 616 4362 XXl
634 4314 673 4376 (o.
692 4315 771 4373 tuoto)
788 4331 814 4376 p.
831 4316 888 4380 lla,
907 4315 1042 4366 odolimnbo
1060 4333 1135 4366 uerso
1151 4318 1186 4365 ilo
1201 4317 1324 4375 restituto,
1344 4318 1436 4381 ponam
1455 4317 1536 4366 bisul-

243 4396 299 4430 cam
319 4389 342 4430 et
362 4379 416 4446 ipse
434 4383 640 4432 cre-luindddsam
658 4384 811 4433 brundiuem

737 4609 1038 4616 w..-
