3346 5498
697 361 933 425 COMMENTVM
1407 364 1467 430 135

1292 488 1313 527 p.
1327 475 1402 516 85-87
1417 474 1439 514 l„

168 568 239 611 nem
263 569 317 610 nec
340 550 485 618 cilicium,
509 550 566 610 nisi
588 551 649 609 sint
668 550 744 610 istae
767 557 866 628 partes
888 551 1032 611 orationis
1054 552 1236 631 principales
1259 555 1387 624 iunctae,
1411 574 1465 616 no·

168 671 238 713 men
262 659 291 711 ct
316 651 448 713 verbum.
1372 714 1375 727 .
1407 715 1410 722 .

253 755 328 814 Octo
350 765 450 832 partes
473 754 616 814 orationis
638 751 749 815 liabent
771 753 892 824 Graeci,
916 761 984 814 octo
1007 756 1095 814 ctiam
1117 754 1229 826 Latini,
1254 756 1306 817 scd
1330 756 1387 818 boc
1409 757 1537 834 dil-428,
1552 773 1583 820 14

167 856 270 917 lerunt
290 854 347 916 illi:
372 855 478 916 Graeci
501 854 611 916 babent
633 854 806 924 articulum,
837 874 926 936 quem
949 865 1110 935 conputant
1131 859 1209 918 iuter
1231 866 1333 937 partes
1356 839 1536 932 oratio-⁵³42
1552 841 1581 889 ¹⁷

136 959 231 1026 ⁵nis3
254 975 310 1018 nos
333 964 401 1018 eum
425 975 484 1017 uon
506 965 702 1036 conputamus
724 959 803 1019 inter
825 966 926 1038 partes
949 959 1103 1019 orationis.
1141 967 1208 1019 octo
1231 958 1344 1021 babent
1363 970 1465 1041 partes

164 1061 326 1128 orationis,
350 1078 460 1121 nomen
483 1078 648 1138 pronomen
671 1060 794 1121 verbum
817 1059 990 1121 adverbium
1012 1062 1200 1139 participium
1224 1065 1463 1125 coniunctionem

164 1162 419 1241 praepositionem
447 1161 613 1222 articulum.
660 1161 712 1222 sed
741 1161 901 1224 articulum
925 1180 980 1222 nos
1003 1181 1061 1222 non
1085 1172 1294 1242 conputamus,
1319 1164 1371 1224 sed
1394 1184 1462 1244 par·

166 1271 228 1323 tem
248 1265 436 1343 pronominis
458 1262 622 1331 credimus,
653 1270 776 1343 utputa
799 1264 848 1324 hic
871 1265 996 1341 etquis.
1042 1264 1114 1324 dicit
1136 1265 1192 1325 boc
1214 1266 1245 1325 in
1275 1268 1462 1345 pronomine,

165 1364 234 1425 ‘hic
256 1369 373 1427 autem’
397 1364 468 1427 dicit
491 1369 570 1426 ‘non
594 1372 638 1426 est
660 1385 840 1445 pronomen,
864 1365 916 1426 sed
940 1373 984 1425 est
1005 1365 1158 1435 articulus,
1182 1366 1230 1427 bic
1246 1373 1361 1429 Aeneas
1375 1369 1463 1430 buius

118 1480 149 1519 ¹0
163 1469 311 1529 Aeneae'.
357 1486 412 1529 nos
439 1467 579 1536 dicimus,
608 1486 667 1528 non
697 1477 741 1528 cst
768 1466 921 1536 articulus,
951 1466 1003 1528 sed
1031 1486 1196 1547 pronomen
1224 1471 1302 1548 quod
1330 1471 1463 1548 iungitur

162 1568 282 1631 articuli
305 1569 412 1630 olsrcio.
444 1588 513 1631 nam
536 1570 592 1630 hoe
615 1571 739 1636 interest
760 1570 839 1630 inter
861 1587 1028 1648 pronomen
1045 1578 1074 1631 et
1096 1569 1266 1641 articulum,
1291 1573 1369 1651 quod
1392 1592 1462 1652 pro·

163 1689 275 1732 nomeu
303 1672 399 1732 solum
426 1672 554 1750 ponitur.
599 1680 668 1756 puta
697 1671 745 1731 lric
771 1672 859 1732 buius
887 1671 974 1740 huic,
1005 1671 1094 1733 modo
1120 1691 1288 1752 pronomen
1317 1683 1378 1742 est;
1412 1675 1461 1736 bic

160 1773 279 1834 Aeneas
306 1771 393 1834 buius
421 1778 551 1858 Aeneae,
581 1772 669 1834 modo
694 1791 752 1834 non
776 1781 820 1834 est
841 1792 1024 1853 pronomen,
1049 1773 1100 1835 sed
1125 1783 1169 1834 est
1191 1775 1344 1837 articulus.
1389 1793 1461 1856 ergo

68 1943 76 1949 ,
161 1893 239 1936 ecce
258 1874 350 1935 babes
378 1892 466 1936 unam
494 1883 610 1955 partem
638 1877 794 1945 orationis,
817 1894 906 1956 quam
929 1877 1035 1938 Graeci
1058 1883 1234 1956 conputant,
1258 1896 1313 1938 nos
1338 1875 1461 1958 [articu-

116 1975 240 2057 utum]
265 1995 323 2036 non
346 1975 557 2056 conputamus,
581 1977 633 2037 sed
657 1978 688 2036 in
710 1976 939 2056 pronominibus
960 1979 1108 2057 ponimus.
1147 1979 1217 2039 item
1240 1997 1294 2039 nos
1316 1978 1462 2042 habemus

161 2097 254 2139 unam
281 2087 395 2158 partem
423 2080 581 2148 orationis,
611 2097 699 2159 quam
728 2080 834 2139 Gracci
863 2098 923 2140 non
952 2086 1127 2159 conputant,
1159 2087 1191 2140 ut
1213 2086 1257 2140 cst
1278 2082 1458 2143 interiectio.

160 2181 240 2241 heus
266 2182 290 2240 si
318 2178 399 2240 dicas
422 2181 542 2249 Latino,
572 2180 643 2240 dicit
670 2181 723 2241 tibi
753 2178 947 2264 ‘interliectio
975 2185 1054 2249 est';
1083 2182 1196 2243 Graeco
1220 2185 1245 2242 si
1267 2183 1364 2251 dicas,
1387 2184 1462 2245 dicit

160 2282 217 2343 tibi
246 2281 435 2343 ‘adverbium
464 2287 536 2343 est’.
582 2302 650 2343 nam
679 2283 758 2363 quod
788 2302 842 2344 nos
869 2285 1107 2350 interiectionem
1135 2283 1293 2355 habemus,
1327 2285 1371 2345 illi
1399 2304 1458 2347 non

160 2384 275 2446 babent
296 2386 548 2454 interiectionem,
572 2384 624 2444 sed
648 2386 678 2444 in
702 2384 842 2445 adverbio
865 2393 1037 2464 conputant.
1075 2405 1146 2465 ergo
1171 2385 1264 2457 vides,
1289 2406 1347 2467 quo
1370 2388 1459 2450 modo

116 2487 281 2547 zotocums
304 2494 347 2546 cst
369 2489 423 2546 iste
446 2486 497 2564 qui
519 2488 639 2566 scripsit
661 2495 763 2548 artem.
803 2504 863 2546 non
885 2486 959 2547 dixit
980 2494 1030 2546 aut
1051 2486 1171 2549 latinos
1195 2506 1254 2548 nou
1277 2487 1388 2549 habere
1411 2509 1458 2550 ar·

160 2587 270 2649 ticulos
297 2597 346 2648 aut
369 2589 499 2649 Graecos
526 2606 586 2648 non
609 2587 720 2649 habere
743 2589 997 2658 interiectionem,
1028 2608 1102 2659 non,
1126 2589 1178 2651 scd
1202 2609 1261 2651 uon
1285 2598 1457 2670 conputare.

160 2693 204 2750 ita
227 2691 305 2749 enim
328 2689 401 2750 dixit
423 2689 539 2751 ‘Latini
562 2689 702 2751 articulos
718 2707 777 2750 non
793 2690 1020 2760 adnumerant',
1045 2710 1104 2751 non
1128 2691 1203 2752 dixit
1225 2697 1302 2753 ‘non
1318 2691 1457 2754 habent'.

160 2810 231 2852 nam
255 2799 284 2852 et
305 2790 348 2850 illi
370 2793 535 2870 iunguntur
558 2792 655 2852 officio
677 2792 894 2854 interiectionis
915 2794 946 2852 in
969 2792 1108 2853 adverbio
1137 2802 1167 2855 ct
1189 2812 1243 2855 nos
1266 2796 1364 2855 cilicio
1387 2797 1457 2857 arti·

159 2893 220 2954 culi
244 2895 275 2953 in
298 2895 484 2972 pronomine.

117 3009 146 3048 25
247 2994 330 3056 llulti
358 2995 461 3055 dicunt
489 2994 561 3056 duas
594 3004 694 3076 partes
723 3015 788 3057 esse
816 2998 973 3065 orationis,
1008 3016 1116 3059 nomen
1147 3005 1176 3058 et
1204 2998 1342 3068 verbum,
1372 2998 1571 3077 maiomam

159 3099 309 3177 quinque,
331 3105 363 3156 ut
385 3097 487 3158 dicunt
502 3098 608 3166 Stoici,
632 3097 715 3159 multi
732 3106 813 3168 octo,
838 3107 871 3159 ut
885 3098 989 3159 dicunt
1011 3101 1209 3177 grammatici,
1234 3100 1317 3160 multi
1341 3119 1456 3173 novem,

159 3198 246 3260 multi
269 3199 387 3269 decem,
411 3198 494 3276 multi
519 3199 665 3260 undecim.
704 3200 755 3261 scd
779 3203 855 3260 scire
884 3199 997 3260 debetis
1025 3201 1104 3277 quod
1127 3203 1166 3260 ita
1189 3201 1358 3262 dividuntur
1380 3204 1455 3262 istae

158 3311 267 3382 partos.
301 3321 358 3381 quo
381 3302 470 3362 modo
493 3301 681 3362 dividuntur?
704 3303 757 3363 ita:
783 3311 843 3362 tres
865 3310 935 3362 sunt
956 3310 1057 3381 partes
1080 3305 1221 3362 orationis
1243 3323 1319 3383 quae
1341 3303 1457 3364 casibus

158 3404 308 3471 serviunt,
338 3422 394 3463 uua
417 3421 493 3484 quac
517 3402 702 3481 temporibus
724 3406 828 3474 servit,
858 3412 997 3484 quattuor
1019 3423 1095 3483 quac
1117 3408 1238 3465 omnino
1261 3423 1316 3465 nec
1340 3412 1453 3485 tempo·

116 3503 244 3564 roribus
267 3523 322 3564 ncc
345 3506 461 3566 casibus
483 3508 623 3566 serviunt.
668 3513 729 3567 tres
751 3505 869 3567 casibus
891 3508 1024 3567 serviunt
1046 3508 1133 3577 istae,
1157 3525 1266 3568 nomen
1288 3526 1455 3587 pronomen

159 3609 364 3688 participium:
404 3627 471 3668 uam
495 3615 524 3667 et
547 3625 655 3668 nomen
678 3607 767 3669 babet
789 3627 903 3677 casum,
928 3607 976 3668 hic
998 3611 1113 3669 deneas
1135 3608 1224 3668 huius
1246 3611 1362 3670 Aeneae
1384 3610 1455 3671 huic

159 3713 291 3779 Aeneae,
315 3717 345 3768 ct
367 3727 546 3789 pronomen,
572 3710 619 3769 lric
635 3710 721 3770 buius
737 3711 820 3780 lruic,
845 3718 873 3771 et
895 3712 1084 3789 participium
1105 3729 1208 3771 amans
1230 3713 1369 3773 amantis:
1394 3720 1455 3773 tres

159 3814 236 3872 istae
263 3810 381 3871 casibus
408 3812 550 3872 serviunt.
590 3810 774 3890 temporibus
802 3831 860 3872 una
888 3814 992 3882 servit,
1022 3812 1159 3881 verbum,
1189 3811 1254 3891 lego
1278 3814 1351 3892 legis
1372 3813 1452 3892 legit.

158 3913 293 3992 reliquae
321 3932 425 3973 omnes
453 3932 513 3973 non
541 3915 673 3973 serviunt
695 3932 750 3974 uec
773 3913 889 3975 casibus
918 3933 973 3975 nec
995 3913 1195 3993 temporibus,
1226 3923 1257 3975 ut
1278 3924 1348 3977 sunt
1370 3919 1452 3986 istae,

114 4029 143 4068 ³⁵
159 4013 334 4076 adverbium
358 4016 527 4075 coniunctio
550 4016 728 4095 praepositio
751 4017 928 4077 interiectio.
957 4016 1077 4097 idJcirco
1094 4036 1153 4078 non
1170 4036 1224 4078 nos
1239 4016 1328 4078 debet
1349 4016 1453 4078 lallerc

157 4117 209 4178 illa
232 4116 374 4186 elocutio,
405 4114 492 4196 [iam]
517 4126 546 4177 et
568 4118 625 4176 iam
648 4118 766 4196 saepius
795 4118 851 4178 boc
878 4120 1082 4180 tractavimus:
1113 4119 1288 4198 plerumque
1311 4119 1454 4196 contingit

158 4231 192 4283 ut
216 4218 385 4280 nominibus
407 4226 523 4278 utamur
545 4238 600 4298 pro
623 4218 770 4280 adverbiis
793 4222 951 4281 etiterum
974 4220 1119 4282 adverbiis
1141 4230 1258 4282 utamur
1280 4240 1334 4300 pro
1358 4222 1452 4281 nomi·

157 4321 256 4382 nibus.
301 4319 471 4381 nominibus
494 4322 604 4380 utimur
626 4339 683 4399 pro
706 4320 869 4390 adverbiis,
892 4323 916 4381 si
939 4322 1020 4382 dicas
1041 4324 1201 4385 ‘torvum
1226 4322 1374 4383 clamat’
1397 4340 1452 4401 pro

157 4460 192 4467 ν
198 4460 286 4465 ’-η-ψ
292 4458 462 4465 --Ἁ

227 4526 245 4576 ti
265 4525 305 4574 iric
322 4534 405 4573 utitem
424 4526 485 4574 dicit
504 4540 553 4573 uon
569 4524 595 4573 B
602 4525 644 4575 Co
665 4526 706 4575 lric
724 4536 807 4575 autem
829 4540 878 4574 uon
898 4526 937 4576 A:
954 4528 989 4588 es.
1007 4528 1078 4580 Sero.
1096 4529 1121 4575 in
1136 4528 1202 4578 Don.
1218 4543 1246 4590 p.
1267 4525 1328 4586 436,
1348 4522 1382 4573 23

157 4596 194 4647 lo
214 4596 329 4660 iungitur
343 4595 444 4644 articuli
464 4594 587 4643 oilicioA
608 4594 728 4661 iungatur
745 4597 830 4646 cilicio
849 4594 945 4644 articuli
964 4597 1040 4646 BGc
1107 4598 1138 4647 14
1158 4613 1204 4648 nos
1221 4596 1386 4659 —ponimus
1403 4609 1448 4646 om.

156 4667 192 4726 13,
208 4667 269 4714 add.
289 4665 304 4713 b
392 4668 426 4716 25
445 4667 518 4715 multi
536 4667 647 4727 quinque
666 4667 737 4715 Bac
756 4666 825 4715 multi
846 4667 932 4714 dicunt
950 4667 1059 4729 quinque
1079 4668 1130 4717 AG
1209 4667 1243 4717 26
1259 4665 1330 4713 multi
1349 4673 1405 4713 octo
1425 4675 1449 4712 ut

154 4737 247 4784 dieunt
264 4735 424 4800 grammatici
443 4752 488 4789 orn,
507 4737 539 4795 Α,
554 4735 615 4789 odel,
635 4753 651 4784 a
722 4738 755 4786 27
773 4736 870 4784 debetis
889 4735 973 4786 ABG
988 4737 1109 4787 debemus
1127 4755 1143 4788 α
1212 4737 1245 4785 33
1261 4736 1375 4797 [ονιωεε
1394 4734 1450 4799 lego

154 4805 211 4870 legi
229 4804 313 4870 legam
384 4805 418 4855 35
438 4807 580 4855 coniunctio
605 4806 759 4871 praepositio
780 4806 803 4854 Α
827 4806 981 4871 praepositio
1006 4808 1149 4857 coniunctio
1167 4806 1240 4855 nea
1311 4820 1358 4855 nos
1375 4805 1451 4854 debet

156 4873 236 4924 ABc
254 4875 327 4924 nobis
346 4875 420 4925 debet
442 4875 481 4926 Cb
552 4876 585 4926 38
602 4872 713 4941 torvum]
738 4877 817 4941 Verp.
834 4875 898 4926 Aen.
918 4877 962 4925 Vll
981 4875 1033 4927 399
