3346 5498
618 425 622 431 .
675 333 910 395 countssntvu
1381 331 1440 396 105

1268 455 1290 495 p.
1303 442 1414 482 21—231..

151 542 170 583 u
198 521 296 582 littera
324 539 381 583 nec
409 519 519 582 vocalis
547 539 612 581 εεεε
640 539 696 581 εεε
722 539 902 590 consonans,
927 520 978 581 scd
1002 539 1072 600 pars
1094 540 1158 583 esse
1181 522 1296 583 litterae
1317 540 1439 601 praece-

150 624 256 686 dentis.
653 633 655 638 “

233 726 287 787 Fst
309 728 397 787 etiam
420 726 583 806 digammos
605 729 660 787 ista
682 746 702 787 u
724 727 830 788 littera.
862 727 932 805 quid
948 734 993 788 est
1008 727 1188 806 digammos?
1210 727 1317 788 Graeci
1331 716 1510 833 εεεεειζξξν
1526 721 1558 833 {3

150 830 245 889 varias
269 827 398 907 linguas,
421 830 491 890 item
515 837 560 890 est
582 847 640 889 uua
663 829 760 908 lingua
784 849 860 909 quae
881 828 989 891 dicitur
1011 830 1139 891 Aeolica.
1177 830 1254 909 apud
1279 821 1558 915 istosAeo-521J12

126 928 222 990 slieos
246 939 292 991 est
313 948 371 992 uua
395 930 490 992 littera
520 948 595 1008 quae
622 930 786 1011 appellatur
813 931 990 1010 digammos,
1014 933 1097 1012 quasi
1120 931 1179 993 duo
1201 949 1315 1010 gamma
1338 950 1442 1010 super·

150 1034 256 1112 posita.
301 1030 376 1092 haec
398 1033 494 1093 littera
517 1031 681 1110 digammos
704 1033 760 1094 hoc
783 1041 930 1113 praestat,
959 1041 991 1093 ut
1012 1035 1151 1113 pinguem
1174 1052 1278 1095 sonum
1302 1034 1390 1093 iaciat
1411 1035 1441 1093 in

150 1133 327 1211 quibusdam
350 1134 548 1196 sermonibus.
578 1153 674 1214 paene
697 1144 727 1194 et
748 1135 825 1214 apud
838 1134 957 1195 Latinos
971 1135 1049 1194 idern
1065 1154 1156 1195 sonus
1171 1144 1223 1196 est
1255 1153 1442 1196 ecceomnes

150 1237 189 1296 ita
211 1235 328 1305 dieunt,
352 1235 458 1307 Elena;
482 1236 524 1297 illi
547 1236 791 1306 dicuutlleleua,
815 1236 926 1297 addunt
948 1239 1086 1317 pinguem
1110 1240 1197 1298 istum
1221 1256 1336 1298 sonum.
1371 1254 1442 1314 ergo

151 1347 195 1399 est
222 1338 369 1418 quaedam
396 1337 493 1400 littera
521 1338 597 1419 apud
627 1338 769 1406 Graecos,
799 1356 875 1415 quae
902 1337 1065 1416 digammos
1088 1339 1203 1400 dieitur.
1249 1339 1321 1399 haec
1344 1338 1441 1399 addita

120 1441 293 1519 opinguem
315 1458 420 1500 sonum
443 1441 513 1502 lacit
535 1443 565 1500 in
589 1450 714 1510 tantum,
737 1448 771 1500 ut
791 1439 883 1500 multa
906 1439 994 1500 latina
1018 1460 1073 1520 per
1087 1442 1254 1519 digammon
1277 1443 1335 1503 sint
1357 1460 1442 1519 grae·

153 1560 225 1602 εειιι.
258 1550 329 1622 puta
352 1541 490 1603 dicebant
505 1543 631 1609 Enetus;
656 1541 730 1603 adde
752 1541 936 1621 digammon,
961 1550 990 1601 et
1012 1543 1135 1603 iacimus
1151 1545 1292 1612 Venetus,
1316 1552 1350 1604 ut
1368 1545 1443 1603 scias

153 1646 293 1723 quoniam
315 1645 442 1705 societas
464 1647 502 1705 sit
524 1644 632 1705 latinae
661 1644 777 1721 linguae
809 1654 838 1704 ει
859 1643 1009 1715 ΑεεΙίεεε,
1039 1654 1072 1707 ιιι
1094 1644 1259 1723 digammos
1280 1645 1377 1706 addita
1401 1644 1441 1705 la·

153 1749 230 1806 tinus
243 1725 334 1807 iaciat
348 1764 511 1807 sermones.
545 1766 616 1825 ergo
632 1765 649 1802 r
664 1745 761 1807 littera
777 1746 908 1808 Romana
923 1746 1054 1825 iungitur
1072 1747 1169 1808 officio
1191 1747 1270 1808 illius
1292 1747 1441 1826 digammi,

153 1847 181 1907 id
204 1856 249 1909 εει
271 1846 339 1908 talis
361 1855 406 1907 est
427 1847 503 1927 apnd
528 1866 582 1909 nos
603 1868 620 1906 v
642 1846 753 1917 littera,
777 1848 873 1928 qualis
895 1857 940 1910 est
954 1849 1030 1930 apud
1048 1849 1177 1910 Graecos
1199 1850 1362 1927 digammos
1383 1848 1441 1910 illa.

124 1963 218 2010 uuam
242 1968 303 2029 quo
330 1950 419 2010 modo
451 1949 509 2011 illis
537 1951 702 2029 digammos
730 1952 870 2030 pinguem
894 1969 1000 2011 sonum
1022 1951 1105 2024 lacit,
1130 1953 1174 2012 sic
1196 1953 1283 2011 etiarn
1305 1969 1323 2008 v
1345 1951 1442 2012 littera

154 2053 251 2113 iuncta
268 2051 391 2113 verbum
408 2052 518 2130 pingue
534 2054 613 2113 lacit.
643 2056 666 2112 si
691 2052 752 2113 sola
776 2055 828 2121 sit,
853 2055 949 2113 tenuis
972 2071 1062 2113 sonus
1084 2062 1141 2121 est;
1164 2055 1189 2113 si
1204 2055 1344 2131 iungatur
1358 2052 1443 2115 alteri

155 2152 258 2221 cocali,
283 2154 449 2232 digammos
471 2155 503 2214 tit
524 2156 638 2224 statim,
662 2164 694 2214 ut
716 2163 760 2215 est
781 2153 864 2215 illud.
889 2154 1001 2216 validus
1024 2173 1083 2215 non
1099 2154 1156 2215 tale
1173 2164 1231 2224 est,
1250 2151 1254 2237 1
1273 2157 1346 2216 acsi
1362 2154 1443 2216 dicas

154 2255 298 2316 Velenus?
319 2253 398 2315 idem
413 2273 505 2315 sonus
520 2265 573 2316 est.
606 2272 677 2334 ergo
699 2276 716 2314 v
737 2255 835 2316 littera
857 2256 935 2335 apud
958 2275 1013 2316 nos
1034 2256 1165 2333 iungitur
1181 2258 1277 2318 ollicio
1292 2256 1441 2335 digammi,

154 2358 176 2417 si
196 2359 296 2418 iuncta
319 2357 409 2417 luerit
432 2356 518 2417 alteri
541 2356 642 2418 vocali.
674 2366 719 2418 εει
741 2357 788 2417 bic
811 2357 920 2435 aliquid
943 2360 973 2417 iu
996 2377 1054 2437 quo
1077 2359 1245 2437 vituperare
1268 2361 1363 2438 possis
1385 2358 1442 2418 Dn-

124 2467 269 2528 enatum,
294 2477 353 2518 nou
376 2461 406 2519 in
430 2461 549 2538 peritia,
574 2458 678 2521 sedin
701 2458 846 2539 exemplo.
879 2462 920 2520 ait
940 2461 997 2529 sic,
1022 2463 1144 2521 ‘servus
1166 2462 1297 2538 uulgus’.
1342 2479 1441 2520 verum

156 2570 210 2630 εει,
232 2562 375 2642 pinguius
395 2570 481 2622 sonat
502 2580 618 2632 servus,
642 2581 701 2622 non
718 2580 817 2631 serus,
842 2560 960 2639 vulgus,
985 2580 1044 2622 uon
1067 2561 1163 2640 ulgus:
1187 2581 1256 2622 vere
1279 2562 1443 2642 digammos
1539 2604 1545 2616 .

156 2674 205 2723 est
250 2662 305 2725 sed
332 2662 497 2743 exemplum
527 2682 586 2724 non
614 2672 658 2725 εει
685 2671 799 2744 aptum,
829 2667 966 2744 quoniam
994 2665 1090 2725 omnis
1119 2664 1283 2740 digammos
1312 2664 1441 2725 detracta

156 2764 228 2824 redit
250 2764 287 2824 ad
311 2765 476 2827 naturalem
499 2784 614 2826 sonum.
661 2774 730 2846 puta
754 2753 872 2845 quando
895 2765 961 2826 dico
983 2765 1109 2836 validus,
1133 2765 1204 2827 tolle
1225 2765 1294 2827 iude
1316 2785 1347 2834 v,
1372 2767 1444 2826 lacit

157 2863 260 2933 didus:
285 2867 402 2943 quando
426 2866 492 2927 dico
515 2868 656 2936 Venetus,
686 2866 756 2927 tolle
779 2867 847 2927 inde
869 2886 899 2936 v,
923 2876 1056 2928 remanet
1077 2867 1202 2936 Enetus,
1233 2867 1373 2927 naturalis
1395 2887 1442 2928 so·

129 2981 222 3035 unns:
245 2968 366 3048 quando
389 2968 454 3029 dico
476 2970 534 3038 vir,
558 2967 628 3030 tolle
650 2968 720 3049 inde
743 2989 776 3038 v,
799 2977 935 3030 remanet
950 2969 1091 3030 naturalis
1106 2989 1195 3031 sonus
1215 2971 1251 3029 ir.
1281 2969 1441 3039 rideamus,

158 3078 250 3131 uuum
280 3070 396 3149 possint
421 3072 474 3130 ista
503 3069 636 3150 exempla
664 3073 703 3130 ita
732 3079 877 3132 constare.
922 3071 1039 3148 vulgus,
1061 3071 1132 3132 tolle
1154 3091 1184 3130 u:
1208 3069 1351 3149 numquid
1375 3070 1443 3130 lacit

158 3172 255 3249 ulgus?
288 3170 410 3241 vulnus,
434 3172 576 3251 numquid
600 3175 669 3232 lacit
691 3172 795 3234 ulnus?
826 3172 983 3254 [naturalis
1004 3172 1117 3254 souus].
1163 3192 1234 3252 engo
1257 3192 1320 3233 rem
1344 3191 1442 3233 reram

160 3272 239 3344 dixit,
263 3272 429 3353 exemplum
453 3282 551 3335 tamen
575 3293 633 3334 ιιεε
656 3275 789 3355 protulit.
835 3274 978 3336 debuerat
1000 3277 1077 3334 enim
1101 3274 1159 3335 tale
1182 3273 1349 3354 exemplum
1372 3293 1441 3354 pro·

160 3376 247 3445 terre,
271 3376 322 3436 ubi
344 3379 473 3455 possiti
496 3385 525 3437 ει
547 3376 614 3436 addi
637 3384 666 3437 et
688 3378 803 3438 detrahi
827 3376 870 3458 [et
892 3384 992 3457 posset
1013 3378 1043 3435 in
1067 3384 1192 3453 utraque
1214 3376 1324 3456 parte].

135 3486 153 3527 ιι
236 3479 379 3558 Superest
406 3477 477 3538 illud
506 3497 608 3539 uuum.
651 3480 661 3538 i
689 3478 785 3539 littera
814 3480 959 3557 geminari
985 3486 1083 3558 potest
1110 3485 1195 3546 tunc,
1225 3478 1342 3555 quaudo
1364 3471 1559 3589 ἱειεεέξῗξἈ

162 3577 224 3640 duas
245 3579 361 3641 vocales
384 3589 428 3639 est
450 3583 606 3641 constituta
628 3582 664 3647 in,
682 3600 741 3642 una
763 3588 846 3662 parte
874 3583 1025 3641 orationis.
1070 3589 1138 3659 puta
1162 3581 1250 3649 Maia,
1274 3579 1330 3640 hac
1352 3579 1442 3640 habet
1506 3575 1513 3600 ‘
1557 3623 1558 3626 ι

163 3698 175 3738 ι
194 3692 221 3742 ει
242 3681 298 3743 hac
327 3680 417 3741 habet
438 3701 469 3752 a,
495 3684 572 3743 inter
600 3683 673 3743 duas
699 3683 814 3744 vocales
836 3684 982 3743 invenitur
1004 3684 1029 3753 i;
1057 3685 1118 3751 aio,
1143 3682 1197 3744 hac
1220 3681 1362 3752 habeta,
1385 3681 1441 3741 hac

163 3779 241 3843 habet
268 3803 301 3852 o;
331 3793 361 3842 et
383 3783 438 3844 alia
469 3780 551 3866 [puta
574 3785 663 3846 huius
684 3785 789 3867 llaiae]
813 3785 929 3846 similia.
974 3786 1240 3864 quotienscumque
1267 3785 1346 3844 inter
1368 3782 1442 3843 duas

162 3886 267 3946 vocales
288 3888 436 3946 iuvenitur
458 3887 482 3956 i,
512 3903 567 3964 pro
590 3887 703 3948 duabus
726 3885 966 3973 consofnantibus
987 3886 1122 3947 habetur.
1168 3893 1197 3946 et
1218 3885 1275 3945 hoc
1297 3887 1442 3963 contingit

138 3986 169 4044 εἰ
197 3985 310 4048 litterae
343 3995 455 4048 tantum
490 3988 590 4058 modo,
624 4007 644 4048 ιι
672 4005 833 4065 numquam
861 3991 1012 4067 contingit
1059 4006 1130 4066 ergo
1158 3987 1214 4047 lroc
1241 3987 1368 4066 speciale
1396 3994 1442 4046 cst

162 4085 240 4150 huius
262 4088 395 4160 litterae,
419 4099 452 4149 ut
475 4092 553 4151 inter
575 4091 648 4152 duas
663 4089 777 4149 vocales
799 4094 955 4153 constituta
978 4093 1016 4152 sit
1037 4109 1091 4171 pno
1115 4066 1229 4150 duabus'
1251 4091 1438 4149 consonanti·

163 4185 217 4252 bus.
262 4201 291 4250 et
312 4192 383 4251 lacit
405 4190 521 4269 longam
544 4194 728 4271 superiorem
751 4190 876 4261 idcirco,
900 4201 933 4252 nt
956 4199 1002 4252 est
1022 4192 1125 4262 Troia,

163 4326 456 4336 mum..-

223 4413 255 4464 10
274 4429 320 4479 per
343 4413 488 4479 digammon
513 4416 564 4463 sint
587 4428 689 4479 grecam
709 4413 792 4464 Aet
821 4429 866 4479 per
889 4413 1035 4478 digammon
1054 4413 1104 4461 sint
1123 4428 1198 4477 green
1215 4412 1261 4460 Bo
1333 4412 1365 4461 lt
1383 4411 1440 4459 talis

161 4493 193 4530 εει
207 4483 276 4548 apud
292 4496 338 4532 uos
351 4499 368 4532 u
381 4483 463 4533 littera
477 4484 561 4547 qualis
580 4493 617 4532 εει
636 4484 705 4549 apud
724 4499 813 4552 greeps
830 4485 872 4532 illa
887 4485 1031 4547 digammos
1045 4482 1117 4532 BCa
1135 4483 1192 4531 talis
1211 4491 1249 4531 est
1267 4493 1290 4530 et
1309 4479 1375 4546 apud
1395 4494 1440 4529 nos

161 4552 266 4602 uliuera
280 4555 365 4616 qualis
383 4564 421 4602 est
435 4555 504 4618 opud
518 4567 609 4618 grecos
622 4564 661 4604 εει
679 4554 823 4619 digammon
842 4552 885 4601 illa
898 4552 923 4600 A
942 4553 1000 4602 tulis
1019 4566 1080 4615 aput
1098 4567 1145 4601 uos
1164 4569 1180 4601 n
1199 4553 1281 4601 littera
1300 4550 1383 4612 quetis
1401 4558 1440 4596 est

159 4633 214 4688 aput
230 4638 322 4688 grecos
339 4622 364 4671 id
380 4633 418 4674 εει
434 4625 579 4691 digammus
594 4623 637 4672 illa
651 4624 676 4672 L
747 4623 899 4674 iuuenum
916 4624 973 4672 At
994 4622 1092 4672 lelenus
1109 4621 1189 4675 BGa.
1207 4623 1318 4671 Venetus
1335 4620 1441 4668 coniecit

160 4692 352 4743 mmmm:
369 4694 465 4742 Veleun
479 4693 584 4744 Seruius
602 4697 627 4743 iu
644 4693 709 4745 Dou.
726 4711 754 4758 p.
769 4696 829 4755 422,
848 4693 865 4740 2
881 4701 907 4742 et
924 4692 999 4757 Serq.
1019 4693 1124 4757 eoeplan.
1141 4708 1168 4754 p.
1187 4693 1247 4751 otu,
1268 4690 1301 4740 18
1351 4689 1385 4737 ⁴20
1404 4688 1439 4735 ait

159 4761 192 4809 sic
207 4763 228 4811 Β
244 4773 289 4812 aut
306 4765 344 4810 εἰε
362 4757 386 4811 Α
406 4765 488 4812 uteie
506 4766 527 4815 C
594 4765 627 4812 ‘24
646 4766 767 4814 remansit
786 4775 874 4813 εεειιιε
887 4762 912 4812 Α
983 4765 1016 4813 25
1034 4763 1154 4810 remansit
1173 4762 1256 4824 (corr.
1277 4772 1389 4808 remanet
1402 4757 1439 4814 Bi

158 4832 274 4882 naturalia
293 4832 351 4881 AB
421 4832 454 4882 37
472 4834 566 4884 idcireo
585 4843 622 4882 εει
641 4834 705 4883 troia
722 4833 798 4882 ABc
811 4833 905 4882 idcirco
924 4833 987 4882 troia
1007 4832 1069 4882 Cut
1083 4835 1148 4880 troia
1167 4832 1191 4881 h
