3346 5498
730 399 903 461 REGVLAE
1392 401 1453 464 517

1256 521 1277 562 p.
1292 509 1393 550 unm-os
1407 508 1430 549 P.

164 604 222 646 non
252 587 474 664 praestantiter.
525 587 569 645 sic
598 602 669 663 ergo
696 585 903 655 observemus,
932 594 965 646 ut
993 605 1047 646 nee
1071 587 1249 667 euphoniam
1272 588 1456 667 applicemus

164 671 199 730 ad
217 670 348 748 regulam
364 679 415 732 aut
430 670 609 749 euphoniam
625 672 794 731 reiciamus.
832 689 900 731 uam
923 671 1085 750 euphonia,
1109 673 1140 733 id
1163 682 1208 734 est
1226 675 1355 734 suavitas
1378 673 1454 733 hene

164 755 301 823 sonandi,
326 756 452 817 admissa
476 755 572 816 estad
594 755 717 815 latinum
733 774 915 824 sermonem,
940 764 972 816 ul
987 776 1092 836 aspera
1109 766 1269 839 temperet;
1293 767 1322 818 ct
1338 757 1375 819 ab
1391 765 1454 818 arte

163 848 193 900 el
208 843 322 900 ratione
339 860 489 901 recessum
506 848 565 909 est,
590 839 641 900 ubi
663 843 807 919 asperitas
823 840 992 901 offendebat
1006 842 1155 912 auditum,
1179 846 1256 903 sicul
1272 840 1397 923 Cicero!
1414 845 1455 903 ait
1483 888 1486 893 .

137 927 418 1004 ⁵‘impetratum
437 934 493 985 est
510 945 524 985 a
542 927 688 985 ratione
705 935 740 985 ut
755 944 912 1006 peccare
928 929 1131 987 suavitatis
1154 947 1262 990 causa
1287 929 1453 1008 liceret’.

162 1009 214 1070 sed
230 1020 328 1071 tamen
351 1013 382 1071 in
404 1013 507 1089 paucis
522 1010 648 1071 admissa
664 1010 813 1089 euphonia
829 1019 883 1071 est.
921 1029 989 1071 uam
1012 1014 1088 1072 ratio
1111 1013 1243 1091 locuples
1259 1022 1304 1073 est
1327 1021 1357 1073 et
1379 1015 1455 1072 iuris

163 1095 309 1155 latissimi.
353 1115 424 1156 sane
449 1104 553 1157 contra
577 1095 630 1155 has
650 1095 769 1172 regulas
796 1098 955 1157 auctoritas
978 1116 1048 1157 ausa
1071 1105 1115 1157 est
1138 1105 1168 1157 et
1190 1100 1220 1157 in
1243 1100 1346 1178 paucis
1368 1115 1454 1176 prae·

162 1182 303 1259 sumpsit,
327 1189 359 1241 ul
381 1182 495 1241 diceret
510 1182 614 1242 Cicero
637 1180 819 1249 humaniter,
844 1200 910 1241 cum
933 1181 1059 1241 humane
1082 1182 1182 1241 dicere
1206 1181 1322 1252 debuit,
1346 1190 1376 1241 et
1392 1182 1453 1242 ΙΤο-

163 1267 276 1325 centius
299 1269 429 1326 ‘vitam
452 1285 563 1346 parce
587 1285 625 1326 ac
648 1266 794 1326 duriter
816 1266 968 1343 agebat'
991 1286 1045 1346 pro
1072 1267 1156 1327 dure.
1201 1268 1251 1327 sed
1275 1276 1373 1327 tamen
1396 1269 1452 1347 ipsi

125 1361 149 1399 ¹0
162 1360 299 1412 auctores
327 1351 490 1411 modestius
519 1359 548 1411 et
577 1370 644 1411 cum
673 1351 798 1431 quodam
828 1351 940 1430 pudore
966 1360 1068 1411 contra
1097 1353 1229 1429 regulam
1252 1371 1344 1430 pauca
1367 1370 1453 1430 prae·

162 1445 362 1516 sumpserunt.
402 1454 467 1496 nam
489 1444 519 1496 ct
540 1436 615 1496 lalso
630 1436 770 1496 dixerunt
792 1455 846 1514 pro
869 1437 942 1497 lalse
965 1444 995 1496 et
1017 1439 1185 1497 necessarie
1208 1456 1262 1516 pro
1285 1439 1453 1496 necessarie

161 1530 191 1581 et
212 1522 315 1583 sedulo
343 1540 397 1601 pro
425 1521 527 1581 sedule
550 1528 581 1580 et
608 1539 677 1582 raro
699 1539 753 1600 pro
776 1539 842 1581 rare
866 1529 896 1581 et
924 1521 1030 1581 crebro
1058 1541 1112 1600 pru
1134 1521 1240 1582 crebre
1263 1530 1292 1580 et
1315 1529 1377 1581 tuto
1398 1539 1453 1600 pru

162 1615 240 1677 tule;
268 1609 311 1667 sic
335 1616 363 1667 et
385 1607 442 1667 ulia
466 1614 564 1667 lamen
587 1625 679 1685 pauca
704 1625 762 1664 nou
785 1606 923 1676 licenter,
948 1607 999 1667 sed
1023 1607 1191 1666 verecunde
1213 1614 1363 1686 usurpata.

246 1693 321 1752 Sane
344 1701 414 1752 suut
436 1691 575 1752 adverbia
598 1700 628 1751 et
650 1709 704 1770 per
726 1691 799 1750 alias
821 1691 949 1769 syllabas
971 1694 1125 1758 exeuntia,
1156 1710 1171 1750 a
1194 1692 1286 1752 lundu
1307 1691 1451 1757 funditus,

124 1784 177 1837 ¹⁵a
200 1778 281 1837 caelo
304 1777 444 1846 caelitus,
468 1797 483 1837 a
507 1776 604 1836 radice
629 1776 784 1843 radicitus,
809 1795 824 1835 a
846 1775 1052 1855 penetralibus
1074 1776 1146 1836 locis
1168 1778 1301 1854 peintus,
1326 1778 1451 1855 aslirpe

161 1866 312 1943 stirpitus:
342 1865 413 1922 item
443 1864 552 1928 inim,
583 1863 686 1921 avico
709 1862 841 1929 vicatim,
865 1860 901 1921 ah
925 1864 1001 1922 ostio
1024 1863 1167 1925 ostiatim.
1192 1880 1208 1921 a
1231 1862 1302 1920 viris
1325 1863 1450 1921 viritim:

161 1951 231 2008 item
255 1969 270 2008 a
294 1949 385 2008 nimio
408 1949 512 2015 nimis,
537 1954 568 2005 ut
590 1946 731 2025 ‘nequid
749 1946 863 2006 nimis’:
887 1955 995 2006 exeunt
1018 1949 1048 2006 in
1072 1964 1138 2015 ens,
1163 1956 1195 2006 ut
1210 1965 1330 2015 recens,
1354 1947 1383 2006 id
1407 1954 1452 2005 est

160 2035 273 2092 recenti
303 2039 451 2110 ternpore,
482 2030 622 2108 Virgilius
644 2030 738 2090 ‘sole
762 2048 892 2089 recens
915 2035 1023 2100 orlo',
1049 2031 1077 2090 id
1101 2040 1146 2091 est
1169 2033 1283 2091 recenti
1307 2039 1450 2110 tempore.

160 2136 231 2194 ergo
254 2116 325 2176 haec
348 2118 443 2175 omnia
467 2115 605 2175 adverbia
628 2123 697 2175 sunt
718 2117 784 2174 sine
807 2115 985 2176 dilicrentia.
1030 2118 1101 2175 item
1124 2117 1203 2176 iuter
1226 2118 1305 2175 intro
1321 2124 1350 2175 et
1371 2111 1452 2176 inflas

122 2203 215 2263 ²⁰hoc
243 2205 380 2261 interest:
409 2203 488 2260 iutro
516 2203 547 2259 in
576 2209 655 2260 urtuu
683 2208 742 2266 est,
773 2201 851 2259 intus
879 2202 910 2259 in
933 2203 1007 2270 situ,
1036 2208 1068 2260 ul
1091 2203 1170 2260 iutro
1193 2220 1244 2271 eo,
1273 2202 1449 2261 iniussum.

160 2296 203 2346 est
227 2288 303 2346 enim
327 2294 424 2345 motus
447 2304 496 2353 eo,
520 2303 585 2343 sum
608 2287 683 2345 situs
706 2295 760 2343 est.

244 2372 295 2431 Est
323 2374 410 2431 etiam
446 2370 588 2448 quaedam
623 2369 790 2429 obscuritas
821 2371 850 2429 in
884 2369 1033 2430 adverbiis
1061 2372 1192 2432 secundo
1224 2374 1313 2432 tertio
1345 2380 1452 2451 quarto
1527 2407 1536 2424 .

159 2461 261 2537 quinto
283 2465 366 2517 sexto
389 2464 418 2514 et
440 2454 601 2515 secundum
624 2457 744 2514 tertium
767 2464 905 2533 (plantum
927 2456 1061 2535 quintum
1084 2464 1215 2525 sextum,
1239 2465 1271 2517 ut
1293 2465 1362 2536 puta
1385 2457 1450 2517 ‘se-

159 2544 255 2603 rundo
278 2545 372 2603 lactus
400 2549 442 2599 est
472 2539 592 2600 rorisul’
622 2548 651 2599 et
675 2540 854 2600 ‘secundum
877 2541 934 2601 luit
961 2540 1091 2602 consul'.
1140 2543 1271 2601 secundo
1293 2550 1391 2601 autem
1414 2541 1451 2601 ad

121 2630 293 2688 25oulinem
322 2629 468 2707 pertinet,
497 2626 660 2686 secundum
688 2624 724 2685 ad
753 2643 924 2685 numerum:
956 2634 988 2687 ut
1016 2634 1085 2705 puta
1113 2645 1180 2686 curn
1209 2627 1276 2686 dieo
1304 2625 1451 2685 ‘secundo

160 2716 254 2773 lactus
277 2721 322 2772 est
344 2711 474 2780 consul',
499 2713 642 2790 pertinet,
667 2718 699 2769 ul
722 2711 796 2780 (lixi,
821 2711 857 2771 ad
879 2711 1033 2779 ordinem,
1057 2711 1134 2789 quod
1153 2713 1249 2790 primu
1265 2710 1340 2770 alter
1355 2712 1451 2770 lactus

159 2802 198 2858 sit.
220 2806 248 2857 el
271 2800 313 2857 sic
342 2798 416 2857 alter
444 2797 589 2866 secundm
612 2815 680 2856 cum
709 2803 807 2855 autem
830 2796 956 2856 dicimus
971 2796 1132 2856 secundum
1148 2795 1251 2855 consul
1267 2795 1311 2854 vel
1328 2797 1449 2855 tertium

159 2884 202 2942 vel
226 2890 362 2961 ‹prrartum
387 2882 431 2942 vel
453 2885 590 2961 quintum
614 2882 658 2942 vel
681 2889 811 2949 sextum,
841 2881 876 2940 ad
900 2898 1056 2940 numerum
1078 2882 1224 2958 pertinet,
1252 2879 1330 2958 quod
1353 2882 1450 2939 sexies

160 2970 248 3026 luerit
271 2969 383 3027 corisul.
434 2969 502 3027 inde
531 2969 635 3026 Cicero
663 2966 699 3025 de
723 2965 815 3024 llario
837 2967 881 3024 sic
904 2968 959 3031 ait,
989 2969 1148 3023 ‘sextum
1171 2963 1326 3032 consul',
1351 2963 1449 3023 idest

120 3056 207 3131 ³⁰qui
238 3071 288 3112 sex
316 3053 485 3113 consulatus
514 3054 636 3119 meruit,
668 3058 697 3110 et
726 3050 939 3128 ‘septimum
968 3048 1124 3116 consul’‚
1157 3048 1235 3128 qtrod
1265 3056 1311 3107 est
1338 3050 1448 3126 septies

158 3138 343 3198 corisulatum
366 3139 484 3197 meruit.
528 3136 582 3196 hoc
606 3136 699 3195 Varro
721 3134 858 3193 distinxit
879 3136 909 3192 in
938 3132 1025 3193 libris
1051 3151 1253 3194 numerorum.
1297 3141 1326 3193 el
1349 3141 1447 3193 cetera

158 3225 216 3283 iam
240 3223 326 3302 plana
350 3224 470 3281 suntin
494 3220 642 3281 adverbiis
664 3228 693 3279 et
716 3238 751 3277 ex
776 3218 779 3297 l
803 3217 958 3297 quibusvis
981 3216 1094 3279 artibus
1116 3218 1268 3279 intellectu
1290 3218 1399 3279 lucilia.

660 3382 726 3425 lTElll
745 3382 779 3423 DE
799 3381 942 3424 novennio

243 3475 420 3536 littorbium
445 3484 489 3535 est
512 3475 760 3553 praesumtionis,
784 3491 859 3551 quae
882 3473 995 3533 adiecta
1018 3470 1107 3532 verbo
1122 3474 1367 3550 significationem
1383 3475 1448 3534 eius

120 3568 144 3604 ³⁵
158 3562 294 3640 explanat
323 3570 409 3638 atque
437 3560 555 3639 implet,
585 3568 616 3617 ut
638 3557 738 3633 scribo
767 3557 858 3627 bene,
887 3558 953 3636 lego
975 3560 1096 3638 optime.
1146 3557 1287 3618 adverbio
1308 3560 1448 3620 accidunt

158 3647 331 3719 significatio
359 3648 451 3721 ligura
480 3645 597 3722 gradus.
646 3641 785 3704 adverbia
813 3652 864 3704 aut
891 3662 961 3704 ase
983 3651 1160 3711 naseuntur,
1189 3651 1221 3703 ut
1250 3643 1313 3703 heri
1342 3663 1446 3724 nuper,

158 3739 208 3788 aiil
240 3730 276 3789 ab
309 3731 376 3790 aliis
410 3738 576 3797 transeunt,
610 3738 643 3788 ut
675 3729 760 3789 docte
794 3731 943 3808 sapienter
971 3727 1008 3789 ah
1036 3747 1072 3788 eo
1099 3728 1177 3808 quod
1206 3737 1251 3789 est
1281 3727 1385 3790 doctus
1418 3738 1448 3790 et

157 3834 285 3893 sapiens.

240 3899 455 3960 Aduerbiorum
484 3901 715 3977 significationes
742 3907 811 3960 sunt
839 3898 960 3961 multae.
1010 3906 1079 3960 suut
1107 3901 1187 3959 enim
1215 3909 1266 3960 aut
1294 3902 1445 3978 temporis,

118 3989 190 4044 ⁴⁰ut
212 3985 275 4044 heri
304 4003 414 4063 nuper;
442 3993 492 4044 aul
519 4004 677 4064 personae,
706 3993 739 4045 ut
766 4003 882 4045 mecum
911 3992 1025 4055 lecum;
1054 3993 1104 4045 aut
1131 3975 1201 4054 luci,
1232 3992 1264 4044 ut
1290 3984 1338 4044 hic
1366 3987 1445 4045 istic.

224 4259 350 4324 despexe
369 4266 492 4323 temperet
509 4257 533 4305 F
583 4254 689 4320 delent]
710 4257 747 4306 sic
764 4256 810 4314 m,-
863 4257 1048 4323 5imperatum
1065 4256 1103 4307 F:
1121 4255 1251 4306 maome
1269 4256 1313 4317 tr,
1334 4255 1384 4306 1117

157 4345 260 4395 peecare
279 4345 357 4380 causa
375 4329 507 4378 suauitatis
522 4342 599 4376 causa
618 4328 642 4376 F
720 4326 737 4375 n
755 4328 848 4376 amisos
868 4328 893 4376 F
976 4335 1001 4376 et
1015 4328 1078 4376 uiris
1097 4326 1212 4376 latissimi
1226 4327 1251 4376 F
1267 4334 1292 4375 et
1309 4326 1371 4374 uiris
1389 4325 1445 4374 lsti-

158 4401 269 4449 nissimis
287 4414 304 4455 ς
374 4399 389 4446 7
408 4399 565 4464 presumpsit
583 4396 722 4462 (superscr.
740 4398 778 4456 ut)
801 4397 895 4446 diceret
912 4396 944 4450 F,
962 4398 1078 4459 sortasse
1101 4396 1274 4462 praesumpsit
1291 4396 1375 4445 dicere

156 4469 269 4518 bullam
289 4479 374 4533 parent
389 4469 484 4518 duriter
503 4467 595 4533 agebat
614 4467 706 4516 ducere
725 4465 806 4531 (corr.
827 4466 983 4531 producere)
1006 4468 1042 4518 F:
1067 4465 1169 4517 Terent.
1197 4467 1272 4517 ⁴indr.
1289 4465 1298 4513 1
1320 4466 1343 4522 1,
1363 4464 1396 4513 tr

159 4539 189 4589 13
208 4538 303 4606 tamen]
330 4550 380 4587 tam
399 4539 423 4586 F
509 4545 622 4586 neretum
646 4537 677 4584 de
700 4536 861 4600 usurpatuF
948 4536 1014 4586 1511
1036 4535 1235 4586 neutralibusF
1315 4535 1346 4582 ab
1365 4534 1444 4599 stirps

156 4610 267 4673 stirpiter
287 4611 309 4658 F
377 4608 409 4658 19
429 4607 553 4673 Virgilius
572 4634 602 4642 -
623 4616 735 4671 tempore
753 4621 798 4658 om.
817 4606 851 4656 F:
875 4608 953 4669 Vero.
971 4622 1058 4671 pemp.
1082 4606 1113 4655 111
1135 4605 1184 4656 tuo
1246 4601 1278 4654 111
1295 4599 1360 4668 siue]
1382 4617 1443 4652 sans

159 4679 181 4726 F
248 4681 306 4728 item
331 4681 396 4728 intro
416 4689 439 4727 et
458 4680 526 4728 intus
545 4676 593 4725 hoc
612 4686 651 4727 est
672 4677 696 4724 F
763 4676 797 4733 22
817 4674 843 4722 in
860 4676 990 4725 aduerblis
1009 4676 1041 4725 ds
1064 4677 1175 4725 secundo
1196 4674 1238 4729 ἲς
1308 4673 1341 4722 24
1361 4681 1386 4722 et
1403 4687 1444 4721 se-

158 4748 254 4797 cundus
273 4749 320 4797 luit
339 4750 364 4796 F
431 4749 464 4796 rh
485 4747 572 4797 consul
591 4757 617 4794 ut
636 4745 690 4795 dixi
710 4746 734 4794 F
800 4745 834 4794 19
852 4754 952 4795 sextum
973 4743 1072 4812 consul]
1099 4745 1151 4795 Cic.
1176 4747 1200 4793 in
1217 4743 1271 4794 Pis.
1291 4741 1321 4806 9,
1341 4741 1375 4792 20
1400 4800 1408 4812 ·

156 4815 191 4866 30
209 4819 251 4880 qui
274 4835 320 4868 sex
342 4818 486 4869 consolatos
503 4829 527 4866 et
544 4818 680 4882 septimum
698 4815 785 4864 consul
800 4815 834 4864 F:
854 4815 907 4864 Ot‘e.
926 4816 958 4866 de
975 4823 1027 4867 nat.
1045 4815 1116 4869 deor.
1138 4815 1170 4863 111
1189 4813 1233 4874 32,
1251 4811 1283 4862 81
1334 4809 1441 4880 septies]

158 4889 290 4951 septimum
310 4903 326 4942 ς
398 4888 428 4938 31
451 4884 541 4952 Varro]
561 4888 597 4948 es.
617 4888 680 4937 Geli.
700 4894 766 4938 noct.
782 4892 829 4935 att.
848 4884 872 4934 X
892 4885 904 4934 1
976 4885 1010 4935 :ts
1029 4881 1117 4952 planu]
1138 4883 1213 4949 plena
1232 4882 1258 4931 F
