<?xml version="1.0" encoding="UTF-8"?>
<!DOCTYPE html PUBLIC "-//W3C//DTD XHTML 1.0 Transitional//EN"
    "http://www.w3.org/TR/xhtml1/DTD/xhtml1-transitional.dtd">
<html xmlns="http://www.w3.org/1999/xhtml" xml:lang="en" lang="en">
 <head>
  <title>
</title>
<meta http-equiv="Content-Type" content="text/html;charset=utf-8" />
  <meta name='ocr-system' content='tesseract 3.04.00' />
  <meta name='ocr-capabilities' content='ocr_page ocr_carea ocr_par ocr_line ocrx_word'/>
</head>
<body>
  <div class='ocr_page' id='page_1' title='image "./grammaticilatin03keilgoog_0593.png"; bbox 0 0 3382 5498; ppageno 0'>
   <div class='ocr_carea' id='block_1_1' title="bbox 137 377 1056 444">
    <p class='ocr_par' dir='ltr' id='par_1_1' title="bbox 137 377 1056 444">
     <span class='ocr_line' id='line_1_1' title="bbox 137 377 1056 444; baseline 0.004 -5"><span class='ocrx_word' id='word_1_1' title='bbox 137 428 140 438; x_wconf 91' lang='lat'><strong>.</strong></span> <span class='ocrx_word' id='word_1_2' title='bbox 204 377 266 441; x_wconf 83' lang='lat'><strong>568</strong></span> <span class='ocrx_word' id='word_1_3' title='bbox 633 381 682 442; x_wconf 85' lang='lat' dir='ltr'><strong>DE</strong></span> <span class='ocrx_word' id='word_1_4' title='bbox 705 380 827 442; x_wconf 88' lang='lat' dir='ltr'><strong>DVBllS</strong></span> <span class='ocrx_word' id='word_1_5' title='bbox 850 381 1056 444; x_wconf 87' lang='lat' dir='ltr'><strong>NOMlNlBVS</strong></span> 
     </span>
    </p>
   </div>
   <div class='ocr_carea' id='block_1_2' title="bbox 190 562 1565 3900">
    <p class='ocr_par' dir='ltr' id='par_1_2' title="bbox 190 562 1565 3800">
     <span class='ocr_line' id='line_1_2' title="bbox 287 562 1493 651; baseline 0.002 -24"><span class='ocrx_word' id='word_1_6' title='bbox 287 562 402 649; x_wconf 84' lang='lat' dir='ltr'><strong>Itaque</strong></span> <span class='ocrx_word' id='word_1_7' title='bbox 431 585 504 626; x_wconf 91' lang='lat' dir='ltr'><strong>cum</strong></span> <span class='ocrx_word' id='word_1_8' title='bbox 532 574 597 627; x_wconf 89' lang='lat' dir='ltr'><strong>tres</strong></span> <span class='ocrx_word' id='word_1_9' title='bbox 627 564 693 628; x_wconf 90' lang='lat' dir='ltr'><strong>sint</strong></span> <span class='ocrx_word' id='word_1_10' title='bbox 721 566 849 630; x_wconf 87' lang='lat' dir='ltr'><strong>codices</strong></span> <span class='ocrx_word' id='word_1_11' title='bbox 872 566 1123 651; x_wconf 87' lang='lat' dir='ltr'><strong>manuscripti,</strong></span> <span class='ocrx_word' id='word_1_12' title='bbox 1147 587 1258 631; x_wconf 90' lang='lat' dir='ltr'><strong>omnes</strong></span> <span class='ocrx_word' id='word_1_13' title='bbox 1280 566 1327 630; x_wconf 89' lang='lat' dir='ltr'><strong>ita</strong></span> <span class='ocrx_word' id='word_1_14' title='bbox 1347 565 1434 629; x_wconf 91' lang='lat' dir='ltr'><strong>inter</strong></span> <span class='ocrx_word' id='word_1_15' title='bbox 1457 587 1493 630; x_wconf 90' lang='lat' dir='ltr'><strong>se</strong></span> 
     </span>
     <span class='ocr_line' id='line_1_3' title="bbox 203 664 1493 754; baseline 0.002 -27"><span class='ocrx_word' id='word_1_16' title='bbox 203 664 423 742; x_wconf 87' lang='lat' dir='ltr'><strong>consentiunt,</strong></span> <span class='ocrx_word' id='word_1_17' title='bbox 453 675 490 728; x_wconf 90' lang='lat' dir='ltr'><strong>ut</strong></span> <span class='ocrx_word' id='word_1_18' title='bbox 517 689 558 729; x_wconf 82' lang='lat' dir='ltr'><strong>ox</strong></span> <span class='ocrx_word' id='word_1_19' title='bbox 585 686 648 729; x_wconf 91' lang='lat' dir='ltr'><strong>uno</strong></span> <span class='ocrx_word' id='word_1_20' title='bbox 670 668 760 731; x_wconf 88' lang='lat' dir='ltr'><strong>ionte</strong></span> <span class='ocrx_word' id='word_1_21' title='bbox 783 667 897 731; x_wconf 89' lang='lat' dir='ltr'><strong>ductos</strong></span> <span class='ocrx_word' id='word_1_22' title='bbox 921 688 992 731; x_wconf 87' lang='lat' dir='ltr'><strong>esse</strong></span> <span class='ocrx_word' id='word_1_23' title='bbox 1014 667 1183 754; x_wconf 78' lang='lat' dir='ltr'><strong>adpareat.</strong></span> <span class='ocrx_word' id='word_1_24' title='bbox 1228 689 1304 731; x_wconf 90' lang='lat' dir='ltr'><strong>nam</strong></span> <span class='ocrx_word' id='word_1_25' title='bbox 1326 688 1367 730; x_wconf 89' lang='lat' dir='ltr'><strong>ne</strong></span> <span class='ocrx_word' id='word_1_26' title='bbox 1388 688 1493 731; x_wconf 92' lang='lat' dir='ltr'><strong>unum</strong></span> 
     </span>
     <span class='ocr_line' id='line_1_4' title="bbox 202 765 1493 854; baseline 0.001 -23"><span class='ocrx_word' id='word_1_27' title='bbox 202 765 255 831; x_wconf 89' lang='lat' dir='ltr'><strong>vol</strong></span> <span class='ocrx_word' id='word_1_28' title='bbox 277 765 413 830; x_wconf 90' lang='lat' dir='ltr'><strong>alterum</strong></span> <span class='ocrx_word' id='word_1_29' title='bbox 435 766 550 830; x_wconf 90' lang='lat' dir='ltr'><strong>horum</strong></span> <span class='ocrx_word' id='word_1_30' title='bbox 572 767 716 852; x_wconf 88' lang='lat' dir='ltr'><strong>ipsorum</strong></span> <span class='ocrx_word' id='word_1_31' title='bbox 731 771 788 853; x_wconf 91' lang='lat' dir='ltr'><strong>qui</strong></span> <span class='ocrx_word' id='word_1_32' title='bbox 803 769 926 832; x_wconf 90' lang='lat' dir='ltr'><strong>servati</strong></span> <span class='ocrx_word' id='word_1_33' title='bbox 941 777 1017 833; x_wconf 90' lang='lat' dir='ltr'><strong>sunt</strong></span> <span class='ocrx_word' id='word_1_34' title='bbox 1038 790 1056 832; x_wconf 88' lang='lat' dir='ltr'><strong>e</strong></span> <span class='ocrx_word' id='word_1_35' title='bbox 1078 769 1174 833; x_wconf 87' lang='lat' dir='ltr'><strong>tertio</strong></span> <span class='ocrx_word' id='word_1_36' title='bbox 1196 767 1395 854; x_wconf 88' lang='lat' dir='ltr'><strong>descriptum</strong></span> <span class='ocrx_word' id='word_1_37' title='bbox 1418 790 1493 832; x_wconf 90' lang='lat' dir='ltr'><strong>esse</strong></span> 
     </span>
     <span class='ocr_line' id='line_1_5' title="bbox 202 868 1492 955; baseline 0.002 -25"><span class='ocrx_word' id='word_1_38' title='bbox 202 878 368 952; x_wconf 90' lang='lat' dir='ltr'><strong>putemus,</strong></span> <span class='ocrx_word' id='word_1_39' title='bbox 391 871 531 933; x_wconf 81' lang='lat' dir='ltr'><strong>maxime</strong></span> <span class='ocrx_word' id='word_1_40' title='bbox 554 868 700 935; x_wconf 85' lang='lat' dir='ltr'><strong>defectus</strong></span> <span class='ocrx_word' id='word_1_41' title='bbox 728 869 861 955; x_wconf 91' lang='lat' dir='ltr'><strong>quidam</strong></span> <span class='ocrx_word' id='word_1_42' title='bbox 889 870 1049 936; x_wconf 89' lang='lat' dir='ltr'><strong>librorum</strong></span> <span class='ocrx_word' id='word_1_43' title='bbox 1070 869 1210 935; x_wconf 88' lang='lat' dir='ltr'><strong>diversis</strong></span> <span class='ocrx_word' id='word_1_44' title='bbox 1232 868 1314 935; x_wconf 90' lang='lat' dir='ltr'><strong>locis</strong></span> <span class='ocrx_word' id='word_1_45' title='bbox 1337 869 1433 934; x_wconf 83' lang='lat' dir='ltr'><strong>niodo</strong></span> <span class='ocrx_word' id='word_1_46' title='bbox 1455 870 1492 932; x_wconf 94' lang='lat' dir='ltr'><strong>in</strong></span> 
     </span>
     <span class='ocr_line' id='line_1_6' title="bbox 202 969 1492 1037; baseline 0.002 -5"><span class='ocrx_word' id='word_1_47' title='bbox 202 969 262 1033; x_wconf 92' lang='lat' dir='ltr'><strong>hoc</strong></span> <span class='ocrx_word' id='word_1_48' title='bbox 284 970 379 1033; x_wconf 91' lang='lat' dir='ltr'><strong>modo</strong></span> <span class='ocrx_word' id='word_1_49' title='bbox 401 972 434 1033; x_wconf 94' lang='lat' dir='ltr'><strong>in</strong></span> <span class='ocrx_word' id='word_1_50' title='bbox 456 970 511 1033; x_wconf 89' lang='lat' dir='ltr'><strong>illo</strong></span> <span class='ocrx_word' id='word_1_51' title='bbox 534 970 660 1034; x_wconf 87' lang='lat' dir='ltr'><strong>inventi</strong></span> <span class='ocrx_word' id='word_1_52' title='bbox 683 971 826 1036; x_wconf 85' lang='lat' dir='ltr'><strong>obstant.</strong></span> <span class='ocrx_word' id='word_1_53' title='bbox 862 972 993 1037; x_wconf 90' lang='lat' dir='ltr'><strong>namin</strong></span> <span class='ocrx_word' id='word_1_54' title='bbox 1015 970 1263 1037; x_wconf 86' lang='lat' dir='ltr'><strong>Vindobonensi</strong></span> <span class='ocrx_word' id='word_1_55' title='bbox 1285 970 1396 1036; x_wconf 89' lang='lat' dir='ltr'><strong>codice</strong></span> <span class='ocrx_word' id='word_1_56' title='bbox 1419 970 1492 1035; x_wconf 89' lang='lat' dir='ltr'><strong>solo</strong></span> 
     </span>
     <span class='ocr_line' id='line_1_7' title="bbox 201 1070 1491 1160; baseline 0.001 -25"><span class='ocrx_word' id='word_1_57' title='bbox 201 1070 340 1135; x_wconf 88' lang='lat' dir='ltr'><strong>omissae</strong></span> <span class='ocrx_word' id='word_1_58' title='bbox 369 1081 445 1134; x_wconf 87' lang='lat' dir='ltr'><strong>sunt</strong></span> <span class='ocrx_word' id='word_1_59' title='bbox 473 1072 717 1136; x_wconf 89' lang='lat' dir='ltr'><strong>observationes</strong></span> <span class='ocrx_word' id='word_1_60' title='bbox 746 1072 787 1137; x_wconf 91' lang='lat' dir='ltr'><strong>de</strong></span> <span class='ocrx_word' id='word_1_61' title='bbox 814 1097 846 1137; x_wconf 92' lang='lat' dir='ltr'><strong>v.</strong></span> <span class='ocrx_word' id='word_1_62' title='bbox 872 1085 995 1152; x_wconf 83' lang='lat' dir='ltr'><strong>pratum</strong></span> <span class='ocrx_word' id='word_1_63' title='bbox 1022 1096 1055 1160; x_wconf 90' lang='lat' dir='ltr'><strong>p.</strong></span> <span class='ocrx_word' id='word_1_64' title='bbox 1077 1072 1190 1155; x_wconf 78' lang='lat'><strong>9511,</strong></span> <span class='ocrx_word' id='word_1_65' title='bbox 1218 1079 1354 1154; x_wconf 80' lang='lat' dir='ltr'><em>supellex</em></span> <span class='ocrx_word' id='word_1_66' title='bbox 1380 1096 1412 1160; x_wconf 89' lang='lat' dir='ltr'><strong>p.</strong></span> <span class='ocrx_word' id='word_1_67' title='bbox 1436 1072 1491 1152; x_wconf 79' lang='lat'><strong>98,</strong></span> 
     </span>
     <span class='ocr_line' id='line_1_8' title="bbox 200 1172 1490 1261; baseline 0 -24"><span class='ocrx_word' id='word_1_68' title='bbox 200 1184 305 1237; x_wconf 80' lang='lat' dir='ltr'><strong>vertex</strong></span> <span class='ocrx_word' id='word_1_69' title='bbox 332 1196 364 1259; x_wconf 91' lang='lat' dir='ltr'><strong>p.</strong></span> <span class='ocrx_word' id='word_1_70' title='bbox 390 1173 465 1256; x_wconf 77' lang='lat'>1023</span> <span class='ocrx_word' id='word_1_71' title='bbox 493 1173 528 1236; x_wconf 89' lang='lat' dir='ltr'><strong>in</strong></span> <span class='ocrx_word' id='word_1_72' title='bbox 554 1172 744 1239; x_wconf 86' lang='lat' dir='ltr'><strong>Monacensi</strong></span> <span class='ocrx_word' id='word_1_73' title='bbox 772 1197 850 1239; x_wconf 88' lang='lat' dir='ltr'><strong>vero</strong></span> <span class='ocrx_word' id='word_1_74' title='bbox 879 1174 1039 1261; x_wconf 81' lang='lat' dir='ltr'>quaedam</span> <span class='ocrx_word' id='word_1_75' title='bbox 1066 1173 1192 1239; x_wconf 82' lang='lat' dir='ltr'>lacunis</span> <span class='ocrx_word' id='word_1_76' title='bbox 1220 1184 1374 1261; x_wconf 87' lang='lat' dir='ltr'><strong>corrupta</strong></span> <span class='ocrx_word' id='word_1_77' title='bbox 1399 1186 1490 1257; x_wconf 88' lang='lat' dir='ltr'><strong>sunt,</strong></span> 
     </span>
     <span class='ocr_line' id='line_1_9' title="bbox 200 1272 1492 1362; baseline 0.001 -24"><span class='ocrx_word' id='word_1_78' title='bbox 200 1297 283 1360; x_wconf 91' lang='lat' dir='ltr'><strong>quae</strong></span> <span class='ocrx_word' id='word_1_79' title='bbox 304 1272 357 1337; x_wconf 87' lang='lat' dir='ltr'><strong>vel</strong></span> <span class='ocrx_word' id='word_1_80' title='bbox 379 1274 605 1362; x_wconf 88' lang='lat' dir='ltr'><strong>Laudunensis</strong></span> <span class='ocrx_word' id='word_1_81' title='bbox 628 1277 755 1360; x_wconf 89' lang='lat' dir='ltr'><strong>integra</strong></span> <span class='ocrx_word' id='word_1_82' title='bbox 776 1276 935 1359; x_wconf 87' lang='lat' dir='ltr'><strong>servavit,</strong></span> <span class='ocrx_word' id='word_1_83' title='bbox 958 1286 995 1340; x_wconf 92' lang='lat' dir='ltr'><strong>ut</strong></span> <span class='ocrx_word' id='word_1_84' title='bbox 1015 1276 1050 1339; x_wconf 92' lang='lat' dir='ltr'><strong>in</strong></span> <span class='ocrx_word' id='word_1_85' title='bbox 1070 1299 1102 1340; x_wconf 89' lang='lat' dir='ltr'><strong>v.</strong></span> <span class='ocrx_word' id='word_1_86' title='bbox 1118 1282 1213 1341; x_wconf 86' lang='lat' dir='ltr'><strong>crinis</strong></span> <span class='ocrx_word' id='word_1_87' title='bbox 1227 1287 1260 1341; x_wconf 93' lang='lat' dir='ltr'><strong>et</strong></span> <span class='ocrx_word' id='word_1_88' title='bbox 1274 1282 1369 1354; x_wconf 84' lang='lat' dir='ltr'><strong>callis,</strong></span> <span class='ocrx_word' id='word_1_89' title='bbox 1393 1280 1492 1339; x_wconf 85' lang='lat' dir='ltr'><strong>culter</strong></span> 
     </span>
     <span class='ocr_line' id='line_1_10' title="bbox 200 1374 1492 1465; baseline 0.002 -26"><span class='ocrx_word' id='word_1_90' title='bbox 200 1382 360 1453; x_wconf 79' lang='lat' dir='ltr'><strong>eicardo,</strong></span> <span class='ocrx_word' id='word_1_91' title='bbox 384 1374 437 1441; x_wconf 89' lang='lat' dir='ltr'><strong>vel</strong></span> <span class='ocrx_word' id='word_1_92' title='bbox 459 1376 734 1459; x_wconf 84' lang='lat' dir='ltr'><strong>Vindobonensis,</strong></span> <span class='ocrx_word' id='word_1_93' title='bbox 758 1378 847 1441; x_wconf 90' lang='lat' dir='ltr'><strong>utin</strong></span> <span class='ocrx_word' id='word_1_94' title='bbox 870 1399 901 1439; x_wconf 89' lang='lat' dir='ltr'><strong>v.</strong></span> <span class='ocrx_word' id='word_1_95' title='bbox 925 1385 1011 1458; x_wconf 82' lang='lat' dir='ltr'><strong>oripo</strong></span> <span class='ocrx_word' id='word_1_96' title='bbox 1033 1390 1065 1442; x_wconf 91' lang='lat' dir='ltr'><strong>et</strong></span> <span class='ocrx_word' id='word_1_97' title='bbox 1087 1384 1162 1442; x_wconf 82' lang='lat' dir='ltr'><strong>ordo</strong></span> <span class='ocrx_word' id='word_1_98' title='bbox 1183 1401 1214 1465; x_wconf 89' lang='lat' dir='ltr'><strong>p.</strong></span> <span class='ocrx_word' id='word_1_99' title='bbox 1239 1378 1290 1461; x_wconf 88' lang='lat'><strong>91,</strong></span> <span class='ocrx_word' id='word_1_100' title='bbox 1313 1384 1434 1457; x_wconf 80' lang='lat' dir='ltr'><em>scalper</em></span> <span class='ocrx_word' id='word_1_101' title='bbox 1456 1388 1492 1442; x_wconf 90' lang='lat' dir='ltr'><strong>ct</strong></span> 
     </span>
     <span class='ocr_line' id='line_1_11' title="bbox 198 1478 1490 1566; baseline 0.002 -26"><span class='ocrx_word' id='word_1_102' title='bbox 198 1483 311 1542; x_wconf 80' lang='lat' dir='ltr'><em>suboles</em></span> <span class='ocrx_word' id='word_1_103' title='bbox 333 1501 365 1564; x_wconf 89' lang='lat' dir='ltr'><strong>p.</strong></span> <span class='ocrx_word' id='word_1_104' title='bbox 391 1478 460 1541; x_wconf 83' lang='lat'><strong>101.</strong></span> <span class='ocrx_word' id='word_1_105' title='bbox 494 1501 594 1565; x_wconf 88' lang='lat' dir='ltr'><strong>quare</strong></span> <span class='ocrx_word' id='word_1_106' title='bbox 622 1501 715 1543; x_wconf 89' lang='lat' dir='ltr'><strong>suam</strong></span> <span class='ocrx_word' id='word_1_107' title='bbox 744 1481 879 1565; x_wconf 91' lang='lat' dir='ltr'><strong>quisque</strong></span> <span class='ocrx_word' id='word_1_108' title='bbox 907 1480 1134 1545; x_wconf 90' lang='lat' dir='ltr'><strong>auctoritatem</strong></span> <span class='ocrx_word' id='word_1_109' title='bbox 1156 1478 1198 1543; x_wconf 90' lang='lat' dir='ltr'><strong>ad</strong></span> <span class='ocrx_word' id='word_1_110' title='bbox 1221 1480 1414 1566; x_wconf 81' lang='lat' dir='ltr'><strong>scripturam</strong></span> <span class='ocrx_word' id='word_1_111' title='bbox 1437 1501 1490 1543; x_wconf 93' lang='lat' dir='ltr'><strong>ar-</strong></span> 
     </span>
     <span class='ocr_line' id='line_1_12' title="bbox 199 1580 1490 1671; baseline 0 -28"><span class='ocrx_word' id='word_1_112' title='bbox 199 1580 329 1667; x_wconf 89' lang='lat' dir='ltr'><strong>chetypi</strong></span> <span class='ocrx_word' id='word_1_113' title='bbox 352 1581 605 1666; x_wconf 81' lang='lat' dir='ltr'><strong>recuperandam</strong></span> <span class='ocrx_word' id='word_1_114' title='bbox 627 1581 740 1663; x_wconf 76' lang='lat' dir='ltr'><strong>habot3</strong></span> <span class='ocrx_word' id='word_1_115' title='bbox 775 1580 832 1644; x_wconf 90' lang='lat' dir='ltr'><strong>sed</strong></span> <span class='ocrx_word' id='word_1_116' title='bbox 858 1580 938 1644; x_wconf 90' lang='lat' dir='ltr'><strong>illud</strong></span> <span class='ocrx_word' id='word_1_117' title='bbox 965 1582 1072 1667; x_wconf 90' lang='lat' dir='ltr'><strong>ipsum</strong></span> <span class='ocrx_word' id='word_1_118' title='bbox 1087 1580 1248 1671; x_wconf 86' lang='lat' dir='ltr'><strong>plurimis</strong></span> <span class='ocrx_word' id='word_1_119' title='bbox 1277 1591 1310 1644; x_wconf 90' lang='lat' dir='ltr'><strong>et</strong></span> <span class='ocrx_word' id='word_1_120' title='bbox 1331 1580 1490 1665; x_wconf 86' lang='lat' dir='ltr'><strong>gravissi-</strong></span> 
     </span>
     <span class='ocr_line' id='line_1_13' title="bbox 198 1681 1491 1767; baseline 0.002 -25"><span class='ocrx_word' id='word_1_121' title='bbox 198 1681 259 1744; x_wconf 91' lang='lat' dir='ltr'><strong>mis</strong></span> <span class='ocrx_word' id='word_1_122' title='bbox 282 1682 372 1746; x_wconf 85' lang='lat' dir='ltr'><strong>vitiis</strong></span> <span class='ocrx_word' id='word_1_123' title='bbox 400 1692 587 1767; x_wconf 91' lang='lat' dir='ltr'><strong>corruptum</strong></span> <span class='ocrx_word' id='word_1_124' title='bbox 618 1683 721 1746; x_wconf 67' lang='lat' dir='ltr'><strong>iniisse</strong></span> <span class='ocrx_word' id='word_1_125' title='bbox 743 1681 950 1747; x_wconf 87' lang='lat' dir='ltr'><strong>consentiens</strong></span> <span class='ocrx_word' id='word_1_126' title='bbox 973 1684 1071 1746; x_wconf 89' lang='lat' dir='ltr'><strong>trium</strong></span> <span class='ocrx_word' id='word_1_127' title='bbox 1093 1683 1243 1746; x_wconf 89' lang='lat' dir='ltr'><strong>codicum</strong></span> <span class='ocrx_word' id='word_1_128' title='bbox 1266 1682 1491 1746; x_wconf 88' lang='lat' dir='ltr'><strong>testimonium</strong></span> 
     </span>
     <span class='ocr_line' id='line_1_14' title="bbox 198 1782 1489 1871; baseline 0.002 -26"><span class='ocrx_word' id='word_1_129' title='bbox 198 1782 351 1846; x_wconf 80' lang='lat' dir='ltr'><strong>ostendit.</strong></span> <span class='ocrx_word' id='word_1_130' title='bbox 395 1805 459 1869; x_wconf 92' lang='lat' dir='ltr'><strong>quo</strong></span> <span class='ocrx_word' id='word_1_131' title='bbox 486 1783 610 1848; x_wconf 87' lang='lat' dir='ltr'><strong>factum</strong></span> <span class='ocrx_word' id='word_1_132' title='bbox 637 1797 687 1849; x_wconf 87' lang='lat' dir='ltr'><strong>est</strong></span> <span class='ocrx_word' id='word_1_133' title='bbox 714 1795 751 1848; x_wconf 92' lang='lat' dir='ltr'><strong>ut</strong></span> <span class='ocrx_word' id='word_1_134' title='bbox 779 1782 906 1848; x_wconf 89' lang='lat' dir='ltr'><strong>duobus</strong></span> <span class='ocrx_word' id='word_1_135' title='bbox 930 1782 1098 1850; x_wconf 81' lang='lat' dir='ltr'><strong>codicibus</strong></span> <span class='ocrx_word' id='word_1_136' title='bbox 1121 1795 1196 1869; x_wconf 89' lang='lat' dir='ltr'><strong>post</strong></span> <span class='ocrx_word' id='word_1_137' title='bbox 1217 1784 1396 1871; x_wconf 88' lang='lat' dir='ltr'><strong>principem</strong></span> <span class='ocrx_word' id='word_1_138' title='bbox 1420 1784 1489 1847; x_wconf 91' lang='lat' dir='ltr'><strong>edi-</strong></span> 
     </span>
     <span class='ocr_line' id='line_1_15' title="bbox 198 1883 1489 1971; baseline 0 -22"><span class='ocrx_word' id='word_1_139' title='bbox 198 1884 319 1949; x_wconf 84' lang='lat' dir='ltr'><strong>tionem</strong></span> <span class='ocrx_word' id='word_1_140' title='bbox 341 1885 482 1950; x_wconf 89' lang='lat' dir='ltr'><strong>invcntis</strong></span> <span class='ocrx_word' id='word_1_141' title='bbox 506 1896 634 1971; x_wconf 87' lang='lat' dir='ltr'><strong>practer</strong></span> <span class='ocrx_word' id='word_1_142' title='bbox 655 1886 823 1950; x_wconf 89' lang='lat' dir='ltr'><strong>restitutas</strong></span> <span class='ocrx_word' id='word_1_143' title='bbox 847 1885 880 1948; x_wconf 94' lang='lat' dir='ltr'><strong>in</strong></span> <span class='ocrx_word' id='word_1_144' title='bbox 908 1885 1000 1947; x_wconf 92' lang='lat' dir='ltr'><strong>initio</strong></span> <span class='ocrx_word' id='word_1_145' title='bbox 1028 1883 1104 1949; x_wconf 89' lang='lat' dir='ltr'><strong>libri</strong></span> <span class='ocrx_word' id='word_1_146' title='bbox 1126 1885 1369 1951; x_wconf 88' lang='lat' dir='ltr'><strong>observationes</strong></span> <span class='ocrx_word' id='word_1_147' title='bbox 1393 1908 1489 1949; x_wconf 88' lang='lat' dir='ltr'><strong>sexa-</strong></span> 
     </span>
     <span class='ocr_line' id='line_1_16' title="bbox 196 1985 1489 2074; baseline 0.002 -25"><span class='ocrx_word' id='word_1_148' title='bbox 196 1985 288 2070; x_wconf 90' lang='lat' dir='ltr'><strong>ginta</strong></span> <span class='ocrx_word' id='word_1_149' title='bbox 314 2007 447 2068; x_wconf 90' lang='lat' dir='ltr'><strong>novem,</strong></span> <span class='ocrx_word' id='word_1_150' title='bbox 476 2010 559 2074; x_wconf 90' lang='lat' dir='ltr'><strong>quae</strong></span> <span class='ocrx_word' id='word_1_151' title='bbox 586 1987 619 2052; x_wconf 95' lang='lat' dir='ltr'><strong>in</strong></span> <span class='ocrx_word' id='word_1_152' title='bbox 646 1985 703 2051; x_wconf 93' lang='lat' dir='ltr'><strong>illa</strong></span> <span class='ocrx_word' id='word_1_153' title='bbox 731 1987 870 2052; x_wconf 90' lang='lat' dir='ltr'><strong>omissae</strong></span> <span class='ocrx_word' id='word_1_154' title='bbox 892 1996 999 2068; x_wconf 88' lang='lat' dir='ltr'><strong>eraut,</strong></span> <span class='ocrx_word' id='word_1_155' title='bbox 1023 2009 1088 2051; x_wconf 91' lang='lat' dir='ltr'><strong>non</strong></span> <span class='ocrx_word' id='word_1_156' title='bbox 1109 1985 1245 2052; x_wconf 89' lang='lat' dir='ltr'><strong>multum</strong></span> <span class='ocrx_word' id='word_1_157' title='bbox 1269 1987 1311 2051; x_wconf 91' lang='lat' dir='ltr'><strong>ad</strong></span> <span class='ocrx_word' id='word_1_158' title='bbox 1333 1986 1489 2051; x_wconf 89' lang='lat' dir='ltr'><strong>emenda-</strong></span> 
     </span>
     <span class='ocr_line' id='line_1_17' title="bbox 197 2086 1490 2175; baseline 0.002 -24"><span class='ocrx_word' id='word_1_159' title='bbox 197 2088 317 2159; x_wconf 82' lang='lat' dir='ltr'><strong>tionem</strong></span> <span class='ocrx_word' id='word_1_160' title='bbox 339 2086 483 2175; x_wconf 89' lang='lat' dir='ltr'><strong>reliquae</strong></span> <span class='ocrx_word' id='word_1_161' title='bbox 505 2090 608 2173; x_wconf 91' lang='lat' dir='ltr'><strong>partis</strong></span> <span class='ocrx_word' id='word_1_162' title='bbox 630 2089 833 2154; x_wconf 86' lang='lat' dir='ltr'><strong>conferretur</strong></span> <span class='ocrx_word' id='word_1_163' title='bbox 853 2099 885 2153; x_wconf 90' lang='lat' dir='ltr'><strong>et</strong></span> <span class='ocrx_word' id='word_1_164' title='bbox 899 2110 986 2153; x_wconf 92' lang='lat' dir='ltr'><strong>nunc</strong></span> <span class='ocrx_word' id='word_1_165' title='bbox 999 2086 1140 2175; x_wconf 89' lang='lat' dir='ltr'><strong>plurima</strong></span> <span class='ocrx_word' id='word_1_166' title='bbox 1155 2088 1216 2169; x_wconf 90' lang='lat' dir='ltr'><strong>sic,</strong></span> <span class='ocrx_word' id='word_1_167' title='bbox 1239 2100 1275 2152; x_wconf 91' lang='lat' dir='ltr'><strong>ut</strong></span> <span class='ocrx_word' id='word_1_168' title='bbox 1297 2086 1373 2153; x_wconf 90' lang='lat' dir='ltr'><strong>olim</strong></span> <span class='ocrx_word' id='word_1_169' title='bbox 1396 2088 1490 2153; x_wconf 90' lang='lat' dir='ltr'><strong>edita</strong></span> 
     </span>
     <span class='ocr_line' id='line_1_18' title="bbox 197 2188 1488 2277; baseline -0.001 -23"><span class='ocrx_word' id='word_1_170' title='bbox 197 2200 300 2271; x_wconf 87' lang='lat' dir='ltr'><strong>orant,</strong></span> <span class='ocrx_word' id='word_1_171' title='bbox 323 2199 555 2276; x_wconf 89' lang='lat' dir='ltr'><strong>repeterentur.</strong></span> <span class='ocrx_word' id='word_1_172' title='bbox 592 2213 666 2254; x_wconf 92' lang='lat' dir='ltr'><strong>nam</strong></span> <span class='ocrx_word' id='word_1_173' title='bbox 688 2193 770 2255; x_wconf 89' lang='lat' dir='ltr'><strong>vitia</strong></span> <span class='ocrx_word' id='word_1_174' title='bbox 791 2213 919 2277; x_wconf 93' lang='lat' dir='ltr'><strong>quoque</strong></span> <span class='ocrx_word' id='word_1_175' title='bbox 942 2191 1133 2275; x_wconf 83' lang='lat' dir='ltr'><strong>scripturae,</strong></span> <span class='ocrx_word' id='word_1_176' title='bbox 1157 2212 1240 2275; x_wconf 91' lang='lat' dir='ltr'><strong>quae</strong></span> <span class='ocrx_word' id='word_1_177' title='bbox 1262 2188 1392 2275; x_wconf 88' lang='lat' dir='ltr'><strong>quidem</strong></span> <span class='ocrx_word' id='word_1_178' title='bbox 1416 2212 1488 2255; x_wconf 88' lang='lat' dir='ltr'><strong>eor-</strong></span> 
     </span>
     <span class='ocr_line' id='line_1_19' title="bbox 196 2290 1488 2377; baseline -0.002 -20"><span class='ocrx_word' id='word_1_179' title='bbox 196 2294 258 2376; x_wconf 87' lang='lat' dir='ltr'><strong>rigi</strong></span> <span class='ocrx_word' id='word_1_180' title='bbox 288 2302 453 2376; x_wconf 89' lang='lat' dir='ltr'><strong>potcrant,</strong></span> <span class='ocrx_word' id='word_1_181' title='bbox 481 2293 634 2376; x_wconf 90' lang='lat' dir='ltr'><strong>quoniam</strong></span> <span class='ocrx_word' id='word_1_182' title='bbox 662 2290 764 2356; x_wconf 91' lang='lat' dir='ltr'><strong>multa</strong></span> <span class='ocrx_word' id='word_1_183' title='bbox 790 2313 874 2376; x_wconf 89' lang='lat' dir='ltr'><strong>quae</strong></span> <span class='ocrx_word' id='word_1_184' title='bbox 901 2314 1002 2377; x_wconf 89' lang='lat' dir='ltr'><strong>prave</strong></span> <span class='ocrx_word' id='word_1_185' title='bbox 1030 2292 1153 2376; x_wconf 90' lang='lat' dir='ltr'><strong>scripta</strong></span> <span class='ocrx_word' id='word_1_186' title='bbox 1180 2301 1256 2354; x_wconf 89' lang='lat' dir='ltr'><strong>sunt</strong></span> <span class='ocrx_word' id='word_1_187' title='bbox 1283 2314 1350 2355; x_wconf 94' lang='lat' dir='ltr'><strong>non</strong></span> <span class='ocrx_word' id='word_1_188' title='bbox 1383 2293 1488 2355; x_wconf 91' lang='lat' dir='ltr'><strong>errori</strong></span> 
     </span>
     <span class='ocr_line' id='line_1_20' title="bbox 195 2391 1488 2478; baseline -0.001 -21"><span class='ocrx_word' id='word_1_189' title='bbox 195 2393 403 2459; x_wconf 84' lang='lat' dir='ltr'><strong>librariorum</strong></span> <span class='ocrx_word' id='word_1_190' title='bbox 426 2391 483 2457; x_wconf 91' lang='lat' dir='ltr'><strong>sed</strong></span> <span class='ocrx_word' id='word_1_191' title='bbox 505 2391 730 2477; x_wconf 87' lang='lat' dir='ltr'><strong>neglegentiae</strong></span> <span class='ocrx_word' id='word_1_192' title='bbox 757 2394 925 2477; x_wconf 88' lang='lat' dir='ltr'><strong>scriptoris</strong></span> <span class='ocrx_word' id='word_1_193' title='bbox 949 2392 1124 2456; x_wconf 88' lang='lat' dir='ltr'><strong>tribuenda</strong></span> <span class='ocrx_word' id='word_1_194' title='bbox 1145 2415 1216 2457; x_wconf 89' lang='lat' dir='ltr'><strong>esse</strong></span> <span class='ocrx_word' id='word_1_195' title='bbox 1238 2392 1390 2478; x_wconf 82' lang='lat' dir='ltr'><strong>adparet,</strong></span> <span class='ocrx_word' id='word_1_196' title='bbox 1418 2416 1488 2456; x_wconf 87' lang='lat' dir='ltr'><strong>rna-</strong></span> 
     </span>
     <span class='ocr_line' id='line_1_21' title="bbox 194 2493 1487 2581; baseline -0.001 -21"><span class='ocrx_word' id='word_1_197' title='bbox 194 2497 317 2560; x_wconf 83' lang='lat' dir='ltr'><strong>ximam</strong></span> <span class='ocrx_word' id='word_1_198' title='bbox 338 2504 463 2581; x_wconf 90' lang='lat' dir='ltr'><strong>partem</strong></span> <span class='ocrx_word' id='word_1_199' title='bbox 492 2505 678 2559; x_wconf 81' lang='lat' dir='ltr'><strong>correxerat</strong></span> <span class='ocrx_word' id='word_1_200' title='bbox 699 2494 880 2580; x_wconf 88' lang='lat' dir='ltr'><strong>Hauptius‚</strong></span> <span class='ocrx_word' id='word_1_201' title='bbox 909 2493 1059 2580; x_wconf 86' lang='lat' dir='ltr'><strong>idemque</strong></span> <span class='ocrx_word' id='word_1_202' title='bbox 1087 2493 1319 2559; x_wconf 90' lang='lat' dir='ltr'><strong>molestissimo</strong></span> <span class='ocrx_word' id='word_1_203' title='bbox 1341 2498 1487 2579; x_wconf 88' lang='lat' dir='ltr'><strong>negotio,</strong></span> 
     </span>
     <span class='ocr_line' id='line_1_22' title="bbox 195 2594 1565 2684; baseline -0.004 -23"><span class='ocrx_word' id='word_1_204' title='bbox 195 2620 214 2660; x_wconf 89' lang='lat' dir='ltr'><strong>a</strong></span> <span class='ocrx_word' id='word_1_205' title='bbox 242 2618 305 2684; x_wconf 91' lang='lat' dir='ltr'><strong>quo</strong></span> <span class='ocrx_word' id='word_1_206' title='bbox 331 2617 556 2681; x_wconf 84' lang='lat' dir='ltr'><strong>magnapars</strong></span> <span class='ocrx_word' id='word_1_207' title='bbox 584 2595 819 2661; x_wconf 87' lang='lat' dir='ltr'><strong>emoudationis</strong></span> <span class='ocrx_word' id='word_1_208' title='bbox 848 2595 882 2658; x_wconf 93' lang='lat' dir='ltr'><strong>in</strong></span> <span class='ocrx_word' id='word_1_209' title='bbox 910 2594 972 2660; x_wconf 87' lang='lat' dir='ltr'><strong>lroc</strong></span> <span class='ocrx_word' id='word_1_210' title='bbox 999 2594 1084 2660; x_wconf 92' lang='lat' dir='ltr'><strong>libro</strong></span> <span class='ocrx_word' id='word_1_211' title='bbox 1112 2596 1249 2683; x_wconf 89' lang='lat' dir='ltr'><strong>pendet,</strong></span> <span class='ocrx_word' id='word_1_212' title='bbox 1277 2606 1312 2660; x_wconf 89' lang='lat' dir='ltr'><strong>ut</strong></span> <span class='ocrx_word' id='word_1_213' title='bbox 1334 2600 1489 2682; x_wconf 87' lang='lat' dir='ltr'><strong>exempla</strong></span> <span class='ocrx_word' id='word_1_214' title='bbox 1561 2646 1565 2655; x_wconf 92' lang='lat'><strong>.</strong></span> 
     </span>
     <span class='ocr_line' id='line_1_23' title="bbox 193 2695 1486 2785; baseline 0 -22"><span class='ocrx_word' id='word_1_215' title='bbox 193 2701 387 2785; x_wconf 90' lang='lat' dir='ltr'><strong>scriptorum</strong></span> <span class='ocrx_word' id='word_1_216' title='bbox 414 2719 434 2761; x_wconf 92' lang='lat' dir='ltr'><strong>a</strong></span> <span class='ocrx_word' id='word_1_217' title='bbox 461 2698 673 2781; x_wconf 90' lang='lat' dir='ltr'><strong>grammatico</strong></span> <span class='ocrx_word' id='word_1_218' title='bbox 701 2698 802 2761; x_wconf 92' lang='lat' dir='ltr'><strong>citata</strong></span> <span class='ocrx_word' id='word_1_219' title='bbox 830 2696 917 2781; x_wconf 91' lang='lat' dir='ltr'><strong>apud</strong></span> <span class='ocrx_word' id='word_1_220' title='bbox 944 2695 1017 2762; x_wconf 88' lang='lat' dir='ltr'><strong>illos</strong></span> <span class='ocrx_word' id='word_1_221' title='bbox 1045 2708 1279 2784; x_wconf 90' lang='lat' dir='ltr'><strong>quaererentur</strong></span> <span class='ocrx_word' id='word_1_222' title='bbox 1306 2708 1339 2761; x_wconf 91' lang='lat' dir='ltr'><strong>et</strong></span> <span class='ocrx_word' id='word_1_223' title='bbox 1360 2698 1486 2763; x_wconf 88' lang='lat' dir='ltr'><strong>indica-</strong></span> 
     </span>
     <span class='ocr_line' id='line_1_24' title="bbox 193 2797 1487 2886; baseline 0.001 -22"><span class='ocrx_word' id='word_1_224' title='bbox 193 2811 321 2884; x_wconf 88' lang='lat' dir='ltr'><strong>rentur,</strong></span> <span class='ocrx_word' id='word_1_225' title='bbox 350 2799 541 2886; x_wconf 87' lang='lat' dir='ltr'><strong>perfunctus</strong></span> <span class='ocrx_word' id='word_1_226' title='bbox 572 2809 649 2863; x_wconf 89' lang='lat' dir='ltr'><strong>erat.</strong></span> <span class='ocrx_word' id='word_1_227' title='bbox 694 2820 799 2886; x_wconf 91' lang='lat' dir='ltr'><strong>pauca</strong></span> <span class='ocrx_word' id='word_1_228' title='bbox 826 2798 964 2863; x_wconf 91' lang='lat' dir='ltr'><strong>duorum</strong></span> <span class='ocrx_word' id='word_1_229' title='bbox 994 2797 1154 2865; x_wconf 89' lang='lat' dir='ltr'><strong>editorum</strong></span> <span class='ocrx_word' id='word_1_230' title='bbox 1182 2801 1237 2885; x_wconf 91' lang='lat' dir='ltr'><strong>qui</strong></span> <span class='ocrx_word' id='word_1_231' title='bbox 1271 2821 1345 2863; x_wconf 90' lang='lat' dir='ltr'><strong>eum</strong></span> <span class='ocrx_word' id='word_1_232' title='bbox 1379 2803 1487 2865; x_wconf 89' lang='lat' dir='ltr'><strong>secuti</strong></span> 
     </span>
     <span class='ocr_line' id='line_1_25' title="bbox 193 2900 1486 2989; baseline -0.001 -23"><span class='ocrx_word' id='word_1_233' title='bbox 193 2914 269 2967; x_wconf 90' lang='lat' dir='ltr'><strong>sunt</strong></span> <span class='ocrx_word' id='word_1_234' title='bbox 291 2924 391 2989; x_wconf 88' lang='lat' dir='ltr'><strong>opera</strong></span> <span class='ocrx_word' id='word_1_235' title='bbox 412 2901 585 2989; x_wconf 87' lang='lat' dir='ltr'><strong>praestitit.</strong></span> <span class='ocrx_word' id='word_1_236' title='bbox 619 2901 812 2986; x_wconf 84' lang='lat' dir='ltr'><strong>scripturam</strong></span> <span class='ocrx_word' id='word_1_237' title='bbox 827 2912 935 2964; x_wconf 89' lang='lat' dir='ltr'><strong>autem</strong></span> <span class='ocrx_word' id='word_1_238' title='bbox 957 2901 1054 2965; x_wconf 89' lang='lat' dir='ltr'><strong>trium</strong></span> <span class='ocrx_word' id='word_1_239' title='bbox 1077 2901 1239 2982; x_wconf 91' lang='lat' dir='ltr'><strong>codicum,</strong></span> <span class='ocrx_word' id='word_1_240' title='bbox 1262 2900 1379 2987; x_wconf 88' lang='lat' dir='ltr'><strong>quibus</strong></span> <span class='ocrx_word' id='word_1_241' title='bbox 1403 2925 1486 2965; x_wconf 89' lang='lat' dir='ltr'><strong>usus</strong></span> 
     </span>
     <span class='ocr_line' id='line_1_26' title="bbox 192 3001 1485 3088; baseline -0.001 -19"><span class='ocrx_word' id='word_1_242' title='bbox 192 3028 283 3088; x_wconf 89' lang='lat' dir='ltr'><strong>sum,</strong></span> <span class='ocrx_word' id='word_1_243' title='bbox 316 3006 477 3088; x_wconf 85' lang='lat' dir='ltr'><strong>integram</strong></span> <span class='ocrx_word' id='word_1_244' title='bbox 510 3001 655 3067; x_wconf 81' lang='lat' dir='ltr'><strong>exhibui.</strong></span> <span class='ocrx_word' id='word_1_245' title='bbox 701 3003 735 3065; x_wconf 91' lang='lat' dir='ltr'><strong>in</strong></span> <span class='ocrx_word' id='word_1_246' title='bbox 765 3023 828 3087; x_wconf 91' lang='lat' dir='ltr'><strong>quo</strong></span> <span class='ocrx_word' id='word_1_247' title='bbox 862 3001 902 3065; x_wconf 91' lang='lat' dir='ltr'><strong>dc</strong></span> <span class='ocrx_word' id='word_1_248' title='bbox 930 3001 1177 3067; x_wconf 89' lang='lat' dir='ltr'><strong>Vindobonensi</strong></span> <span class='ocrx_word' id='word_1_249' title='bbox 1211 3014 1243 3066; x_wconf 91' lang='lat' dir='ltr'><strong>et</strong></span> <span class='ocrx_word' id='word_1_250' title='bbox 1271 3002 1485 3068; x_wconf 87' lang='lat' dir='ltr'><strong>Laudunensi</strong></span> 
     </span>
     <span class='ocr_line' id='line_1_27' title="bbox 192 3102 1483 3191; baseline 0 -21"><span class='ocrx_word' id='word_1_251' title='bbox 192 3107 394 3191; x_wconf 90' lang='lat' dir='ltr'><strong>superiorum</strong></span> <span class='ocrx_word' id='word_1_252' title='bbox 416 3105 576 3169; x_wconf 90' lang='lat' dir='ltr'><strong>editorum</strong></span> <span class='ocrx_word' id='word_1_253' title='bbox 604 3102 701 3166; x_wconf 89' lang='lat' dir='ltr'><strong>fidem</strong></span> <span class='ocrx_word' id='word_1_254' title='bbox 728 3115 857 3168; x_wconf 88' lang='lat' dir='ltr'><strong>secutus</strong></span> <span class='ocrx_word' id='word_1_255' title='bbox 886 3126 972 3186; x_wconf 91' lang='lat' dir='ltr'><strong>sum,</strong></span> <span class='ocrx_word' id='word_1_256' title='bbox 995 3103 1225 3169; x_wconf 89' lang='lat' dir='ltr'><strong>Monacensem</strong></span> <span class='ocrx_word' id='word_1_257' title='bbox 1247 3104 1318 3191; x_wconf 87' lang='lat' dir='ltr'><strong>ipse</strong></span> <span class='ocrx_word' id='word_1_258' title='bbox 1339 3108 1483 3170; x_wconf 85' lang='lat' dir='ltr'><strong>excussi.</strong></span> 
     </span>
     <span class='ocr_line' id='line_1_28' title="bbox 191 3204 1484 3292; baseline -0.001 -21"><span class='ocrx_word' id='word_1_259' title='bbox 191 3217 333 3272; x_wconf 89' lang='lat' dir='ltr'><strong>ceterum</strong></span> <span class='ocrx_word' id='word_1_260' title='bbox 364 3207 398 3269; x_wconf 91' lang='lat' dir='ltr'><strong>in</strong></span> <span class='ocrx_word' id='word_1_261' title='bbox 430 3204 615 3270; x_wconf 84' lang='lat' dir='ltr'><strong>indicandis</strong></span> <span class='ocrx_word' id='word_1_262' title='bbox 647 3207 688 3268; x_wconf 90' lang='lat' dir='ltr'><strong>iis</strong></span> <span class='ocrx_word' id='word_1_263' title='bbox 721 3227 805 3291; x_wconf 91' lang='lat' dir='ltr'><strong>quae</strong></span> <span class='ocrx_word' id='word_1_264' title='bbox 833 3228 851 3268; x_wconf 91' lang='lat' dir='ltr'><strong>e</strong></span> <span class='ocrx_word' id='word_1_265' title='bbox 878 3205 971 3270; x_wconf 90' lang='lat' dir='ltr'><strong>libris</strong></span> <span class='ocrx_word' id='word_1_266' title='bbox 1005 3207 1199 3292; x_wconf 88' lang='lat' dir='ltr'><strong>scriptorum</strong></span> <span class='ocrx_word' id='word_1_267' title='bbox 1230 3206 1484 3270; x_wconf 90' lang='lat' dir='ltr'><strong>christianorum</strong></span> 
     </span>
     <span class='ocr_line' id='line_1_29' title="bbox 191 3305 1483 3393; baseline -0.002 -20"><span class='ocrx_word' id='word_1_268' title='bbox 191 3311 293 3373; x_wconf 91' lang='lat' dir='ltr'><strong>citata</strong></span> <span class='ocrx_word' id='word_1_269' title='bbox 321 3319 396 3372; x_wconf 91' lang='lat' dir='ltr'><strong>sunt</strong></span> <span class='ocrx_word' id='word_1_270' title='bbox 424 3308 598 3371; x_wconf 88' lang='lat' dir='ltr'><strong>editionem</strong></span> <span class='ocrx_word' id='word_1_271' title='bbox 622 3305 807 3388; x_wconf 85' lang='lat' dir='ltr'><strong>Gallandii,</strong></span> <span class='ocrx_word' id='word_1_272' title='bbox 838 3329 902 3392; x_wconf 91' lang='lat' dir='ltr'><strong>qua</strong></span> <span class='ocrx_word' id='word_1_273' title='bbox 930 3307 999 3372; x_wconf 90' lang='lat' dir='ltr'><strong>sola</strong></span> <span class='ocrx_word' id='word_1_274' title='bbox 1020 3309 1054 3371; x_wconf 92' lang='lat' dir='ltr'><strong>in</strong></span> <span class='ocrx_word' id='word_1_275' title='bbox 1076 3306 1224 3392; x_wconf 92' lang='lat' dir='ltr'><strong>plurimis</strong></span> <span class='ocrx_word' id='word_1_276' title='bbox 1252 3308 1299 3372; x_wconf 88' lang='lat' dir='ltr'><strong>uti</strong></span> <span class='ocrx_word' id='word_1_277' title='bbox 1322 3317 1483 3393; x_wconf 89' lang='lat' dir='ltr'><strong>poteram,</strong></span> 
     </span>
     <span class='ocr_line' id='line_1_30' title="bbox 192 3392 1482 3495; baseline 0.001 -23"><span class='ocrx_word' id='word_1_278' title='bbox 192 3421 322 3475; x_wconf 89' lang='lat' dir='ltr'><strong>secutus</strong></span> <span class='ocrx_word' id='word_1_279' title='bbox 345 3432 426 3473; x_wconf 90' lang='lat' dir='ltr'><strong>sum.</strong></span> <span class='ocrx_word' id='word_1_280' title='bbox 471 3432 553 3495; x_wconf 89' lang='lat' dir='ltr'><strong>quae</strong></span> <span class='ocrx_word' id='word_1_281' title='bbox 580 3432 632 3472; x_wconf 89' lang='lat' dir='ltr'><strong>res</strong></span> <span class='ocrx_word' id='word_1_282' title='bbox 661 3392 769 3472; x_wconf 85' lang='lat' dir='ltr'><strong>effecit</strong></span> <span class='ocrx_word' id='word_1_283' title='bbox 796 3419 832 3472; x_wconf 90' lang='lat' dir='ltr'><strong>ut</strong></span> <span class='ocrx_word' id='word_1_284' title='bbox 859 3410 995 3472; x_wconf 59' lang='lat' dir='ltr'><strong>numeri*</strong></span> <span class='ocrx_word' id='word_1_285' title='bbox 1014 3406 1090 3472; x_wconf 92' lang='lat' dir='ltr'><strong>olim</strong></span> <span class='ocrx_word' id='word_1_286' title='bbox 1120 3430 1161 3471; x_wconf 83' lang='lat' dir='ltr'><strong>ex</strong></span> <span class='ocrx_word' id='word_1_287' title='bbox 1183 3407 1256 3471; x_wconf 90' lang='lat' dir='ltr'><strong>aliis</strong></span> <span class='ocrx_word' id='word_1_288' title='bbox 1280 3407 1482 3474; x_wconf 89' lang='lat' dir='ltr'><strong>editionibus</strong></span> 
     </span>
     <span class='ocr_line' id='line_1_31' title="bbox 192 3509 1483 3597; baseline 0 -21"><span class='ocrx_word' id='word_1_289' title='bbox 192 3512 348 3597; x_wconf 89' lang='lat' dir='ltr'><strong>adscripti</strong></span> <span class='ocrx_word' id='word_1_290' title='bbox 371 3511 501 3596; x_wconf 89' lang='lat' dir='ltr'><strong>saepius</strong></span> <span class='ocrx_word' id='word_1_291' title='bbox 517 3509 663 3575; x_wconf 90' lang='lat' dir='ltr'><strong>mutandi</strong></span> <span class='ocrx_word' id='word_1_292' title='bbox 687 3519 806 3574; x_wconf 89' lang='lat' dir='ltr'><strong>essent.</strong></span> <span class='ocrx_word' id='word_1_293' title='bbox 837 3509 876 3572; x_wconf 90' lang='lat' dir='ltr'><strong>do</strong></span> <span class='ocrx_word' id='word_1_294' title='bbox 899 3532 962 3573; x_wconf 91' lang='lat' dir='ltr'><strong>non</strong></span> <span class='ocrx_word' id='word_1_295' title='bbox 977 3509 1074 3575; x_wconf 90' lang='lat' dir='ltr'><strong>nullis</strong></span> <span class='ocrx_word' id='word_1_296' title='bbox 1097 3519 1204 3573; x_wconf 88' lang='lat' dir='ltr'><strong>autem</strong></span> <span class='ocrx_word' id='word_1_297' title='bbox 1228 3509 1319 3590; x_wconf 90' lang='lat' dir='ltr'><strong>locis,</strong></span> <span class='ocrx_word' id='word_1_298' title='bbox 1342 3511 1397 3597; x_wconf 92' lang='lat' dir='ltr'><strong>qui</strong></span> <span class='ocrx_word' id='word_1_299' title='bbox 1420 3534 1483 3576; x_wconf 88' lang='lat' dir='ltr'><strong>nec</strong></span> 
     </span>
     <span class='ocr_line' id='line_1_32' title="bbox 192 3610 1482 3700; baseline -0.001 -24"><span class='ocrx_word' id='word_1_300' title='bbox 192 3613 396 3700; x_wconf 77' lang='lat' dir='ltr'><strong>aptioribus</strong></span> <span class='ocrx_word' id='word_1_301' title='bbox 420 3613 561 3690; x_wconf 81' lang='lat' dir='ltr'><strong>inveniri</strong></span> <span class='ocrx_word' id='word_1_302' title='bbox 588 3634 648 3676; x_wconf 90' lang='lat' dir='ltr'><strong>noc</strong></span> <span class='ocrx_word' id='word_1_303' title='bbox 670 3635 690 3675; x_wconf 91' lang='lat' dir='ltr'><strong>a</strong></span> <span class='ocrx_word' id='word_1_304' title='bbox 717 3635 769 3675; x_wconf 89' lang='lat' dir='ltr'><strong>me</strong></span> <span class='ocrx_word' id='word_1_305' title='bbox 796 3613 863 3675; x_wconf 89' lang='lat' dir='ltr'><strong>suis</strong></span> <span class='ocrx_word' id='word_1_306' title='bbox 892 3612 1080 3682; x_wconf 85' lang='lat' dir='ltr'><strong>auctoribus</strong></span> <span class='ocrx_word' id='word_1_307' title='bbox 1103 3610 1271 3695; x_wconf 84' lang='lat' dir='ltr'><strong>adsignari</strong></span> <span class='ocrx_word' id='word_1_308' title='bbox 1292 3622 1482 3697; x_wconf 88' lang='lat' dir='ltr'><strong>potuerunt,</strong></span> 
     </span>
     <span class='ocr_line' id='line_1_33' title="bbox 190 3705 1448 3800; baseline 0 -26"><span class='ocrx_word' id='word_1_309' title='bbox 190 3716 372 3778; x_wconf 88' lang='lat' dir='ltr'><strong>accuratius</strong></span> <span class='ocrx_word' id='word_1_310' title='bbox 396 3714 616 3800; x_wconf 86' lang='lat' dir='ltr'><strong>quaerendum</strong></span> <span class='ocrx_word' id='word_1_311' title='bbox 639 3735 710 3777; x_wconf 90' lang='lat' dir='ltr'><strong>esso</strong></span> <span class='ocrx_word' id='word_1_312' title='bbox 733 3736 796 3777; x_wconf 92' lang='lat' dir='ltr'><strong>non</strong></span> <span class='ocrx_word' id='word_1_313' title='bbox 818 3713 1017 3777; x_wconf 82' lang='lat' dir='ltr'><strong>existimavi.</strong></span> <span class='ocrx_word' id='word_1_314' title='bbox 1446 3705 1448 3708; x_wconf 38' lang='lat'><em>⁴</em></span> 
     </span>
    </p>

    <p class='ocr_par' dir='ltr' id='par_1_3' title="bbox 274 3813 1483 3900">
     <span class='ocr_line' id='line_1_34' title="bbox 274 3813 1483 3900; baseline -0.002 -20"><span class='ocrx_word' id='word_1_315' title='bbox 274 3817 325 3880; x_wconf 93' lang='lat' dir='ltr'><strong>De</strong></span> <span class='ocrx_word' id='word_1_316' title='bbox 353 3828 543 3900; x_wconf 89' lang='lat' dir='ltr'><strong>argumento</strong></span> <span class='ocrx_word' id='word_1_317' title='bbox 565 3815 640 3879; x_wconf 91' lang='lat' dir='ltr'><strong>libri</strong></span> <span class='ocrx_word' id='word_1_318' title='bbox 663 3837 858 3900; x_wconf 90' lang='lat' dir='ltr'><strong>quamquam</strong></span> <span class='ocrx_word' id='word_1_319' title='bbox 885 3816 1018 3879; x_wconf 89' lang='lat' dir='ltr'><strong>uberius</strong></span> <span class='ocrx_word' id='word_1_320' title='bbox 1047 3815 1212 3900; x_wconf 91' lang='lat' dir='ltr'><strong>disputare</strong></span> <span class='ocrx_word' id='word_1_321' title='bbox 1234 3813 1312 3877; x_wconf 90' lang='lat' dir='ltr'><strong>mihi</strong></span> <span class='ocrx_word' id='word_1_322' title='bbox 1334 3817 1483 3900; x_wconf 90' lang='lat' dir='ltr'><strong>proposi-</strong></span> 
     </span>
    </p>
   </div>
   <div class='ocr_carea' id='block_1_3' title="bbox 187 4003 1481 4915">
    <p class='ocr_par' dir='ltr' id='par_1_4' title="bbox 187 4003 1481 4915">
     <span class='ocr_line' id='line_1_35' title="bbox 192 4003 1481 4070; baseline -0.001 -15"><span class='ocrx_word' id='word_1_323' title='bbox 192 4033 222 4040; x_wconf 88' lang='lat'><em>-</em></span> <span class='ocrx_word' id='word_1_324' title='bbox 239 4009 320 4056; x_wconf 74' lang='lat' dir='ltr'><strong>ciuilis</strong></span> <span class='ocrx_word' id='word_1_325' title='bbox 332 4016 357 4056; x_wconf 85' lang='lat' dir='ltr'><strong>et</strong></span> <span class='ocrx_word' id='word_1_326' title='bbox 369 4011 446 4057; x_wconf 81' lang='lat' dir='ltr'><strong>claris</strong></span> <span class='ocrx_word' id='word_1_327' title='bbox 458 4005 625 4070; x_wconf 83' lang='lat' dir='ltr'><strong>scriptoribus</strong></span> <span class='ocrx_word' id='word_1_328' title='bbox 638 4011 750 4053; x_wconf 84' lang='lat' dir='ltr'><strong>tractata</strong></span> <span class='ocrx_word' id='word_1_329' title='bbox 763 4006 899 4054; x_wconf 84' lang='lat' dir='ltr'><strong>dilatatur:</strong></span> <span class='ocrx_word' id='word_1_330' title='bbox 920 4007 1049 4069; x_wconf 77' lang='lat' dir='ltr'><strong>excerpta</strong></span> <span class='ocrx_word' id='word_1_331' title='bbox 1067 4003 1100 4052; x_wconf 91' lang='lat' dir='ltr'><strong>de</strong></span> <span class='ocrx_word' id='word_1_332' title='bbox 1119 4003 1320 4068; x_wconf 84' lang='lat' dir='ltr'><strong>orthographia.</strong></span> <span class='ocrx_word' id='word_1_333' title='bbox 1339 4004 1347 4068; x_wconf 68' lang='lat' dir='ltr'><strong>{i</strong></span> <span class='ocrx_word' id='word_1_334' title='bbox 1366 4006 1384 4053; x_wconf 86' lang='lat' dir='ltr'><strong>f.</strong></span> <span class='ocrx_word' id='word_1_335' title='bbox 1396 4004 1481 4054; x_wconf 70' lang='lat'><strong>3-5*</strong></span> 
     </span>
     <span class='ocr_line' id='line_1_36' title="bbox 189 4087 1481 4155; baseline -0.001 -15"><span class='ocrx_word' id='word_1_336' title='bbox 189 4090 309 4155; x_wconf 87' lang='lat' dir='ltr'><strong>epistula</strong></span> <span class='ocrx_word' id='word_1_337' title='bbox 322 4090 454 4140; x_wconf 82' lang='lat' dir='ltr'><strong>Coronati</strong></span> <span class='ocrx_word' id='word_1_338' title='bbox 473 4090 507 4139; x_wconf 92' lang='lat' dir='ltr'><strong>ad</strong></span> <span class='ocrx_word' id='word_1_339' title='bbox 519 4090 677 4150; x_wconf 80' lang='lat' dir='ltr'><strong>Luxorium,</strong></span> <span class='ocrx_word' id='word_1_340' title='bbox 697 4087 730 4136; x_wconf 89' lang='lat' dir='ltr'><strong>de</strong></span> <span class='ocrx_word' id='word_1_341' title='bbox 750 4089 847 4152; x_wconf 88' lang='lat' dir='ltr'><strong>magis,</strong></span> <span class='ocrx_word' id='word_1_342' title='bbox 867 4088 901 4139; x_wconf 89' lang='lat' dir='ltr'><strong>de</strong></span> <span class='ocrx_word' id='word_1_343' title='bbox 920 4088 1053 4148; x_wconf 89' lang='lat' dir='ltr'><strong>trinitate,</strong></span> <span class='ocrx_word' id='word_1_344' title='bbox 1071 4088 1302 4153; x_wconf 79' lang='lat' dir='ltr'><strong>interrogationes</strong></span> <span class='ocrx_word' id='word_1_345' title='bbox 1321 4094 1349 4138; x_wconf 86' lang='lat' dir='ltr'><strong>et</strong></span> <span class='ocrx_word' id='word_1_346' title='bbox 1366 4105 1481 4154; x_wconf 89' lang='lat' dir='ltr'><strong>respon-</strong></span> 
     </span>
     <span class='ocr_line' id='line_1_37' title="bbox 189 4169 1480 4239; baseline -0.001 -15"><span class='ocrx_word' id='word_1_347' title='bbox 189 4176 280 4224; x_wconf 89' lang='lat' dir='ltr'><strong>siones</strong></span> <span class='ocrx_word' id='word_1_348' title='bbox 297 4175 404 4238; x_wconf 85' lang='lat' dir='ltr'><strong>variae,</strong></span> <span class='ocrx_word' id='word_1_349' title='bbox 429 4179 586 4239; x_wconf 86' lang='lat' dir='ltr'><strong>excerptum</strong></span> <span class='ocrx_word' id='word_1_350' title='bbox 604 4173 775 4235; x_wconf 82' lang='lat' dir='ltr'><strong>Hieronymi.</strong></span> <span class='ocrx_word' id='word_1_351' title='bbox 793 4170 801 4237; x_wconf 73' lang='lat' dir='ltr'><strong>lt</strong></span> <span class='ocrx_word' id='word_1_352' title='bbox 820 4172 839 4220; x_wconf 86' lang='lat' dir='ltr'><strong>f.</strong></span> <span class='ocrx_word' id='word_1_353' title='bbox 858 4169 981 4222; x_wconf 84' lang='lat' dir='ltr'><strong>b*-ll3</strong></span> <span class='ocrx_word' id='word_1_354' title='bbox 1003 4174 1092 4236; x_wconf 79' lang='lat' dir='ltr'><strong>incipit</strong></span> <span class='ocrx_word' id='word_1_355' title='bbox 1107 4176 1229 4236; x_wconf 79' lang='lat' dir='ltr'><strong>protopas</strong></span> <span class='ocrx_word' id='word_1_356' title='bbox 1246 4173 1286 4222; x_wconf 84' lang='lat' dir='ltr'><strong>lu&#39;c</strong></span> <span class='ocrx_word' id='word_1_357' title='bbox 1301 4176 1423 4237; x_wconf 80' lang='lat' dir='ltr'><strong>prolapus</strong></span> <span class='ocrx_word' id='word_1_358' title='bbox 1441 4177 1480 4223; x_wconf 86' lang='lat' dir='ltr'><strong>irr-</strong></span> 
     </span>
     <span class='ocr_line' id='line_1_38' title="bbox 189 4258 1480 4324; baseline -0.002 -14"><span class='ocrx_word' id='word_1_359' title='bbox 189 4262 258 4310; x_wconf 85' lang='lat' dir='ltr'><strong>dirat</strong></span> <span class='ocrx_word' id='word_1_360' title='bbox 276 4259 364 4324; x_wconf 73' lang='lat' dir='ltr'><strong>pacilus</strong></span> <span class='ocrx_word' id='word_1_361' title='bbox 379 4261 458 4323; x_wconf 72' lang='lat' dir='ltr'><strong>plocio</strong></span> <span class='ocrx_word' id='word_1_362' title='bbox 476 4285 508 4292; x_wconf 95' lang='lat'>—</span> <span class='ocrx_word' id='word_1_363' title='bbox 527 4261 660 4307; x_wconf 79' lang='lat' dir='ltr'><strong>ariuersnm</strong></span> <span class='ocrx_word' id='word_1_364' title='bbox 677 4273 722 4306; x_wconf 85' lang='lat' dir='ltr'><strong>mc.</strong></span> <span class='ocrx_word' id='word_1_365' title='bbox 743 4259 849 4321; x_wconf 77' lang='lat' dir='ltr'><strong>explicit</strong></span> <span class='ocrx_word' id='word_1_366' title='bbox 862 4259 993 4319; x_wconf 78' lang='lat' dir='ltr'><strong>prolapus.</strong></span> <span class='ocrx_word' id='word_1_367' title='bbox 1013 4258 1135 4320; x_wconf 87' lang='lat' dir='ltr'><strong>incipiunt</strong></span> <span class='ocrx_word' id='word_1_368' title='bbox 1151 4260 1238 4321; x_wconf 78' lang='lat' dir='ltr'><strong>piceae</strong></span> <span class='ocrx_word' id='word_1_369' title='bbox 1256 4258 1353 4320; x_wconf 78' lang='lat' dir='ltr'><strong>effatae</strong></span> <span class='ocrx_word' id='word_1_370' title='bbox 1372 4264 1397 4308; x_wconf 83' lang='lat' dir='ltr'><strong>el</strong></span> <span class='ocrx_word' id='word_1_371' title='bbox 1414 4263 1480 4308; x_wconf 81' lang='lat' dir='ltr'><strong>reli—</strong></span> 
     </span>
     <span class='ocr_line' id='line_1_39' title="bbox 189 4342 1479 4410; baseline 0 -17"><span class='ocrx_word' id='word_1_372' title='bbox 189 4361 253 4410; x_wconf 83' lang='lat' dir='ltr'><strong>quae</strong></span> <span class='ocrx_word' id='word_1_373' title='bbox 272 4347 325 4395; x_wconf 84' lang='lat' dir='ltr'><strong>etc.</strong></span> <span class='ocrx_word' id='word_1_374' title='bbox 361 4343 465 4391; x_wconf 79' lang='lat' dir='ltr'><strong>Alanus</strong></span> <span class='ocrx_word' id='word_1_375' title='bbox 483 4368 513 4375; x_wconf 83' lang='lat'><em>-</em></span> <span class='ocrx_word' id='word_1_376' title='bbox 532 4344 623 4392; x_wconf 77' lang='lat' dir='ltr'><strong>loiirrra.</strong></span> <span class='ocrx_word' id='word_1_377' title='bbox 654 4344 794 4406; x_wconf 78' lang='lat' dir='ltr'><strong>expliciunt</strong></span> <span class='ocrx_word' id='word_1_378' title='bbox 810 4343 897 4404; x_wconf 80' lang='lat' dir='ltr'><strong>piceae</strong></span> <span class='ocrx_word' id='word_1_379' title='bbox 915 4343 963 4391; x_wconf 86' lang='lat' dir='ltr'><strong>deo</strong></span> <span class='ocrx_word' id='word_1_380' title='bbox 979 4344 1080 4406; x_wconf 80' lang='lat' dir='ltr'><strong>pretias</strong></span> <span class='ocrx_word' id='word_1_381' title='bbox 1097 4358 1183 4391; x_wconf 86' lang='lat' dir='ltr'><strong>amen:</strong></span> <span class='ocrx_word' id='word_1_382' title='bbox 1201 4342 1311 4407; x_wconf 81' lang='lat' dir='ltr'><strong>glossae</strong></span> <span class='ocrx_word' id='word_1_383' title='bbox 1330 4358 1363 4392; x_wconf 76' lang='lat' dir='ltr'><strong>en</strong></span> <span class='ocrx_word' id='word_1_384' title='bbox 1382 4349 1479 4393; x_wconf 85' lang='lat' dir='ltr'><strong>vetere</strong></span> 
     </span>
     <span class='ocr_line' id='line_1_40' title="bbox 189 4423 1481 4491; baseline 0 -13"><span class='ocrx_word' id='word_1_385' title='bbox 189 4435 217 4478; x_wconf 86' lang='lat' dir='ltr'><strong>et</strong></span> <span class='ocrx_word' id='word_1_386' title='bbox 233 4444 303 4479; x_wconf 92' lang='lat' dir='ltr'><strong>novo</strong></span> <span class='ocrx_word' id='word_1_387' title='bbox 322 4424 523 4491; x_wconf 68' lang='lat' dir='ltr'><strong>testamentali</strong></span> <span class='ocrx_word' id='word_1_388' title='bbox 542 4427 560 4479; x_wconf 85' lang='lat' dir='ltr'><strong>i.</strong></span> <span class='ocrx_word' id='word_1_389' title='bbox 576 4423 748 4476; x_wconf 57' lang='lat' dir='ltr'><strong>lta-174*</strong></span> <span class='ocrx_word' id='word_1_390' title='bbox 770 4428 801 4476; x_wconf 85' lang='lat' dir='ltr'><strong>de</strong></span> <span class='ocrx_word' id='word_1_391' title='bbox 824 4428 954 4477; x_wconf 84' lang='lat' dir='ltr'><strong>duodecim</strong></span> <span class='ocrx_word' id='word_1_392' title='bbox 971 4427 1139 4491; x_wconf 74' lang='lat' dir='ltr'><strong>scriptoribus</strong></span> <span class='ocrx_word' id='word_1_393' title='bbox 1159 4427 1316 4491; x_wconf 76' lang='lat' dir='ltr'><strong>Hieronymi.</strong></span> <span class='ocrx_word' id='word_1_394' title='bbox 1348 4429 1393 4478; x_wconf 85' lang='lat' dir='ltr'><strong>llis</strong></span> <span class='ocrx_word' id='word_1_395' title='bbox 1412 4447 1481 4479; x_wconf 73' lang='lat' dir='ltr'><strong>arliae</strong></span> 
     </span>
     <span class='ocr_line' id='line_1_41' title="bbox 189 4494 1479 4579; baseline 0.002 -17"><span class='ocrx_word' id='word_1_396' title='bbox 189 4538 220 4548; x_wconf 92' lang='lat'><em>-</em></span> <span class='ocrx_word' id='word_1_397' title='bbox 238 4494 357 4562; x_wconf 75' lang='lat' dir='ltr'><strong>bertanem</strong></span> <span class='ocrx_word' id='word_1_398' title='bbox 377 4519 443 4564; x_wconf 85' lang='lat' dir='ltr'><strong>suat.</strong></span> <span class='ocrx_word' id='word_1_399' title='bbox 467 4512 533 4574; x_wconf 83' lang='lat' dir='ltr'><strong>finit.</strong></span> <span class='ocrx_word' id='word_1_400' title='bbox 556 4510 564 4575; x_wconf 73' lang='lat' dir='ltr'><strong>ji</strong></span> <span class='ocrx_word' id='word_1_401' title='bbox 587 4526 640 4560; x_wconf 90' lang='lat' dir='ltr'><strong>uno</strong></span> <span class='ocrx_word' id='word_1_402' title='bbox 665 4512 732 4560; x_wconf 83' lang='lat' dir='ltr'><strong>lolio</strong></span> <span class='ocrx_word' id='word_1_403' title='bbox 750 4526 839 4562; x_wconf 87' lang='lat' dir='ltr'><strong>vacuo</strong></span> <span class='ocrx_word' id='word_1_404' title='bbox 861 4511 959 4561; x_wconf 86' lang='lat' dir='ltr'><strong>relicto</strong></span> <span class='ocrx_word' id='word_1_405' title='bbox 981 4511 1001 4559; x_wconf 84' lang='lat' dir='ltr'><strong>f.</strong></span> <span class='ocrx_word' id='word_1_406' title='bbox 1020 4509 1177 4562; x_wconf 75' lang='lat' dir='ltr'><strong>rio-184*</strong></span> <span class='ocrx_word' id='word_1_407' title='bbox 1199 4513 1321 4576; x_wconf 83' lang='lat' dir='ltr'><strong>incipiunt</strong></span> <span class='ocrx_word' id='word_1_408' title='bbox 1338 4529 1479 4579; x_wconf 73' lang='lat' dir='ltr'><strong>spnorrpma</strong></span> 
     </span>
     <span class='ocr_line' id='line_1_42' title="bbox 188 4597 1479 4662; baseline 0.002 -17"><span class='ocrx_word' id='word_1_409' title='bbox 188 4597 325 4647; x_wconf 83' lang='lat' dir='ltr'><strong>Ciceronis.</strong></span> <span class='ocrx_word' id='word_1_410' title='bbox 364 4597 469 4647; x_wconf 70' lang='lat' dir='ltr'><strong>{leiserio</strong></span> <span class='ocrx_word' id='word_1_411' title='bbox 491 4613 536 4644; x_wconf 85' lang='lat' dir='ltr'><strong>suo</strong></span> <span class='ocrx_word' id='word_1_412' title='bbox 561 4622 592 4630; x_wconf 89' lang='lat'>—</span> <span class='ocrx_word' id='word_1_413' title='bbox 615 4599 730 4646; x_wconf 70' lang='lat' dir='ltr'><strong>arctina.</strong></span> <span class='ocrx_word' id='word_1_414' title='bbox 766 4599 872 4662; x_wconf 78' lang='lat' dir='ltr'><strong>explicit</strong></span> <span class='ocrx_word' id='word_1_415' title='bbox 898 4600 1028 4659; x_wconf 74' lang='lat' dir='ltr'><strong>synoubaa</strong></span> <span class='ocrx_word' id='word_1_416' title='bbox 1054 4599 1118 4646; x_wconf 85' lang='lat' dir='ltr'><strong>artis·</strong></span> <span class='ocrx_word' id='word_1_417' title='bbox 1140 4599 1284 4646; x_wconf 75' lang='lat' dir='ltr'><strong>rethoricae</strong></span> <span class='ocrx_word' id='word_1_418' title='bbox 1307 4599 1354 4647; x_wconf 82' lang='lat' dir='ltr'><strong>deo</strong></span> <span class='ocrx_word' id='word_1_419' title='bbox 1377 4602 1479 4660; x_wconf 76' lang='lat' dir='ltr'><strong>pretias</strong></span> 
     </span>
     <span class='ocr_line' id='line_1_43' title="bbox 188 4678 1479 4747; baseline 0.002 -17"><span class='ocrx_word' id='word_1_420' title='bbox 188 4697 267 4730; x_wconf 77' lang='lat' dir='ltr'><strong>maen.</strong></span> <span class='ocrx_word' id='word_1_421' title='bbox 284 4678 294 4746; x_wconf 87' lang='grc' dir='ltr'><strong>ΙΙ</strong></span> <span class='ocrx_word' id='word_1_422' title='bbox 312 4682 331 4735; x_wconf 84' lang='lat' dir='ltr'><strong>f.</strong></span> <span class='ocrx_word' id='word_1_423' title='bbox 349 4683 489 4732; x_wconf 83' lang='lat'>185-191</span> <span class='ocrx_word' id='word_1_424' title='bbox 511 4682 600 4744; x_wconf 83' lang='lat' dir='ltr'><strong>incipit</strong></span> <span class='ocrx_word' id='word_1_425' title='bbox 622 4682 703 4731; x_wconf 80' lang='lat' dir='ltr'><strong>drrbiis</strong></span> <span class='ocrx_word' id='word_1_426' title='bbox 726 4684 758 4731; x_wconf 86' lang='lat' dir='ltr'><strong>dc</strong></span> <span class='ocrx_word' id='word_1_427' title='bbox 780 4681 917 4732; x_wconf 82' lang='lat' dir='ltr'><strong>nominibus</strong></span> <span class='ocrx_word' id='word_1_428' title='bbox 938 4707 969 4715; x_wconf 94' lang='lat'><strong>—-</strong></span> <span class='ocrx_word' id='word_1_429' title='bbox 988 4688 1075 4731; x_wconf 75' lang='lat' dir='ltr'><strong>atrox.</strong></span> <span class='ocrx_word' id='word_1_430' title='bbox 1096 4678 1106 4747; x_wconf 75' lang='lat' dir='ltr'><strong>ll</strong></span> <span class='ocrx_word' id='word_1_431' title='bbox 1123 4683 1143 4731; x_wconf 84' lang='lat' dir='ltr'><strong>f.</strong></span> <span class='ocrx_word' id='word_1_432' title='bbox 1163 4680 1320 4732; x_wconf 74' lang='lat'><strong>191-197*</strong></span> <span class='ocrx_word' id='word_1_433' title='bbox 1337 4685 1427 4746; x_wconf 87' lang='lat' dir='ltr'><strong>incipit</strong></span> <span class='ocrx_word' id='word_1_434' title='bbox 1444 4687 1479 4733; x_wconf 82' lang='lat' dir='ltr'><strong>de</strong></span> 
     </span>
     <span class='ocr_line' id='line_1_44' title="bbox 187 4766 1479 4831; baseline 0.003 -17"><span class='ocrx_word' id='word_1_435' title='bbox 187 4768 365 4831; x_wconf 75' lang='lat' dir='ltr'><strong>propriaetate</strong></span> <span class='ocrx_word' id='word_1_436' title='bbox 382 4782 521 4817; x_wconf 74' lang='lat' dir='ltr'><strong>semoniae</strong></span> <span class='ocrx_word' id='word_1_437' title='bbox 531 4769 580 4818; x_wconf 75' lang='lat' dir='ltr'><strong>,uel</strong></span> <span class='ocrx_word' id='word_1_438' title='bbox 595 4782 688 4816; x_wconf 75' lang='lat' dir='ltr'><strong>renem.</strong></span> <span class='ocrx_word' id='word_1_439' title='bbox 724 4766 799 4816; x_wconf 83' lang='lat' dir='ltr'><strong>Inter</strong></span> <span class='ocrx_word' id='word_1_440' title='bbox 820 4774 908 4817; x_wconf 85' lang='lat' dir='ltr'><strong>melum</strong></span> <span class='ocrx_word' id='word_1_441' title='bbox 930 4774 955 4815; x_wconf 87' lang='lat' dir='ltr'><strong>el</strong></span> <span class='ocrx_word' id='word_1_442' title='bbox 977 4768 1088 4817; x_wconf 83' lang='lat' dir='ltr'><strong>timorem</strong></span> <span class='ocrx_word' id='word_1_443' title='bbox 1105 4793 1138 4801; x_wconf 91' lang='lat'><strong>—-</strong></span> <span class='ocrx_word' id='word_1_444' title='bbox 1155 4770 1334 4818; x_wconf 71' lang='lat' dir='ltr'><strong>comatoria</strong></span> <span class='ocrx_word' id='word_1_445' title='bbox 1351 4771 1479 4818; x_wconf 70' lang='lat' dir='ltr'><strong>saciamina</strong></span> 
     </span>
     <span class='ocr_line' id='line_1_45' title="bbox 189 4851 1321 4915; baseline -0.001 -15"><span class='ocrx_word' id='word_1_446' title='bbox 189 4852 313 4900; x_wconf 84' lang='lat' dir='ltr'><strong>dicuntur.</strong></span> <span class='ocrx_word' id='word_1_447' title='bbox 345 4853 393 4901; x_wconf 81' lang='lat' dir='ltr'><strong>deo</strong></span> <span class='ocrx_word' id='word_1_448' title='bbox 410 4853 510 4915; x_wconf 84' lang='lat' dir='ltr'><strong>pretias</strong></span> <span class='ocrx_word' id='word_1_449' title='bbox 527 4852 595 4915; x_wconf 86' lang='lat' dir='ltr'><strong>quod</strong></span> <span class='ocrx_word' id='word_1_450' title='bbox 609 4853 769 4915; x_wconf 74' lang='lat' dir='ltr'><strong>perficiamus</strong></span> <span class='ocrx_word' id='word_1_451' title='bbox 787 4867 850 4915; x_wconf 84' lang='lat' dir='ltr'><strong>opus</strong></span> <span class='ocrx_word' id='word_1_452' title='bbox 868 4858 978 4901; x_wconf 82' lang='lat' dir='ltr'><strong>rostrum</strong></span> <span class='ocrx_word' id='word_1_453' title='bbox 996 4868 1082 4904; x_wconf 81' lang='lat' dir='ltr'><strong>amen:</strong></span> <span class='ocrx_word' id='word_1_454' title='bbox 1099 4851 1132 4902; x_wconf 89' lang='lat' dir='ltr'><strong>de</strong></span> <span class='ocrx_word' id='word_1_455' title='bbox 1149 4851 1321 4903; x_wconf 84' lang='lat' dir='ltr'><strong>differentiis.</strong></span> 
     </span>
    </p>
   </div>
   <div class='ocr_carea' id='block_1_4' title="bbox 0 0 1696 5498">
    <p class='ocr_par' dir='ltr' id='par_1_5' title="bbox 0 0 1696 5498">
     <span class='ocr_line' id='line_1_46' title="bbox 0 0 1696 5498; baseline 0 5"><span class='ocrx_word' id='word_1_456' title='bbox 0 0 1696 5498; x_wconf 95' lang='lat' dir='ltr'><strong> </strong></span> 
     </span>
    </p>
   </div>
  </div>
 </body>
</html>
