3346 5498
600 403 671 464 tus
702 403 738 464 lV
761 404 917 465 2—LlB.
941 404 967 465 ll
992 409 1006 463 l
1174 420 1180 427 ·
1383 403 1446 468 461

186 526 208 567 p.
223 513 281 553 tter.
295 513 321 554 68
334 511 356 551 Ρ.
1267 525 1288 565 p.
1302 514 1346 552 i'll.
1360 514 1385 553 ’15
1400 512 1422 552 ln
1443 529 1449 545 ι

158 602 218 655 tur.
250 594 301 654 sed
324 596 393 672 quia
416 595 447 653 in
470 592 608 653 omnibus
630 595 689 653 iant
712 599 779 652 ante
803 593 892 653 dictis
914 602 983 652 sunt
1005 601 1065 653 tanr
1088 596 1254 672 primitiva,
1279 592 1447 672 dequibus

159 696 272 777 aliquid
287 702 384 776 potest
399 697 544 773 ignorari,
568 713 654 774 quam
678 695 852 764 derivativa,
876 714 1002 774 quorrun
1025 685 1114 765 tldlria
1137 703 1183 755 est
1205 697 1372 773 originatio,
1396 714 1447 754 ne-

159 798 232 878 quid
254 805 346 858 restet
367 797 514 875 ambigui,
537 797 635 877 placet
657 799 747 857 etiam
770 796 941 876 specialiter
957 794 969 874 {l
987 797 1119 874 singulas
1142 799 1367 858 terminationes
1382 815 1447 856 ver·

160 900 268 961 borum
290 901 426 960 scrutari.
457 901 596 979 quoniam
619 906 716 959 autem
739 899 775 958 de
797 898 898 959 verbis
920 901 951 961 in
974 917 1009 958 eo
1031 899 1076 959 rel
1100 901 1130 958 iu
1153 917 1205 958 eor
1227 899 1273 959 rel
1296 901 1327 959 in
1350 901 1380 959 io
1402 900 1448 959 vel

131 1006 191 1066 sin
214 1005 261 1062 ior
283 1002 328 1061 vel
353 1004 382 1061 in
405 1021 443 1061 uo
465 1002 510 1061 vel
533 1003 564 1061 in
588 1020 642 1061 uor
664 1001 869 1061 desinentibus
890 1003 950 1061 iam
972 1000 1143 1061 antedictis
1165 1001 1253 1069 nihil,
1278 1008 1310 1061 ut
1332 1002 1447 1080 opinor,

159 1104 228 1165 addi
252 1111 363 1183 potest,
387 1105 443 1163 nisi
467 1104 536 1172 boc,
560 1103 638 1182 quod
661 1122 715 1163 nee
738 1103 881 1172 secunda,
905 1121 980 1181 quae
996 1121 1114 1182 semper
1129 1106 1161 1163 in
1183 1122 1218 1163 eo
1234 1103 1357 1172 desinit,
1383 1122 1447 1162 ver·

161 1205 232 1266 burn
255 1213 353 1285 potest
375 1205 485 1265 babere
509 1204 688 1284 disyllabum
711 1203 822 1284 absque
838 1223 895 1265 nco
910 1223 963 1264 nes
985 1212 1036 1264 net
1058 1204 1162 1274 verbo,
1186 1205 1264 1285 quod
1288 1208 1354 1265 nevi
1377 1207 1447 1265 lacit

161 1311 192 1368 in
214 1309 391 1387 praeterito,
421 1315 451 1366 et
480 1306 536 1366 ileo
564 1306 618 1367 iles
648 1307 699 1367 llet
722 1304 809 1385 (unde
834 1316 863 1367 et
886 1306 941 1366 beo
964 1325 1032 1366 creo
1055 1326 1139 1367 screo
1161 1326 1242 1376 meo,
1266 1308 1336 1368 licet
1359 1310 1389 1367 in
1413 1326 1448 1366 eo

160 1410 327 1470 desinentia
350 1408 498 1469 secundae
521 1408 666 1469 deberent
689 1427 768 1478 esse,
793 1416 890 1470 tamen
906 1411 1020 1488 primae
1036 1416 1120 1479 sunt;
1143 1427 1179 1468 eo
1194 1428 1311 1491 quoquo
1327 1415 1358 1469 et
1371 1426 1447 1488 queo

120 1536 146 1573 ro
159 1504 283 1592 quartae
306 1518 375 1571 sunt
403 1509 647 1590 coniugationis),
671 1513 779 1571 necin
803 1515 831 1572 io
858 1512 1038 1580 desinentia,
1062 1513 1273 1590 cuiuscumque
1296 1513 1357 1571 sint
1378 1529 1447 1570 con·

160 1611 336 1691 iugationis,
361 1615 459 1673 minus
480 1613 577 1672 tribus
600 1631 664 1673 esse
688 1612 808 1692 syllabis
829 1622 966 1692 possunt,
991 1615 1099 1674 notatis
1121 1615 1234 1692 primae
1257 1612 1376 1693 quidem
1399 1613 1449 1672 bio

160 1717 227 1776 bias
248 1722 279 1774 et
300 1717 349 1794 pio
372 1716 451 1793 pias,
475 1724 597 1793 quartae
620 1733 691 1774 vero
712 1715 750 1775 sto
773 1717 822 1784 tis,
847 1718 909 1775 scio
925 1717 997 1784 scis,
1022 1724 1051 1775 et
1066 1716 1216 1776 interdum
1232 1718 1278 1776 cio
1294 1718 1346 1785 cis,
1370 1715 1447 1776 unde

162 1819 350 1896 componitur
374 1819 458 1876 exele
481 1819 563 1876 exeis
585 1820 695 1886 excire,
719 1817 797 1895 quod
821 1826 851 1875 ct
872 1818 935 1875 cieo
958 1818 1104 1878 secundae
1128 1819 1344 1895 coniugationis
1366 1819 1447 1877 inve·

161 1921 261 1988 nitur;
286 1919 418 1997 reliquas
441 1920 667 1978 terminationes
689 1918 848 1978 verborum
871 1919 1104 1979 consonantibus
1126 1919 1374 1998 praecedentibus
1395 1937 1449 1998 per

121 2044 148 2085 rs
161 2022 297 2082 ordinem
320 2022 351 2080 in
374 2022 509 2099 sequenti
533 2028 630 2081 tamen
653 2020 756 2081 libello
778 2020 1055 2099 contemplabimur.
1081 2018 1084 2095 l
1149 2014 1162 2034 ⁶

684 2359 861 2433 LIBER
894 2360 930 2432 Π

589 2496 642 2556 uu
671 2495 1026 2558 rtuuttrartuvs

248 2633 352 2694 Omnia
377 2634 407 2691 in
431 2632 468 2690 bo
491 2633 535 2692 rol
559 2635 589 2691 in
612 2632 667 2692 bor
684 2633 850 2694 desinentia
866 2635 957 2695 verba
981 2654 1164 2715 quacumque
1188 2636 1280 2696 vocali
1304 2654 1357 2695 seu
1380 2654 1449 2694 eon-

163 2744 287 2797 sonante
311 2734 507 2813 praecedente
531 2736 643 2812 primae
667 2743 735 2796 sunt
757 2740 988 2814 coniugationis‚
1013 2747 1044 2798 ut
1067 2737 1127 2797 libo
1151 2736 1241 2804 libas,
1265 2735 1359 2815 probo
1382 2756 1450 2815 pro·

122 2855 149 2893 eo
165 2837 230 2905 bas,
254 2837 328 2895 orbo
351 2835 454 2904 orbas,
480 2836 575 2896 titubo
590 2837 715 2906 titubas,
740 2837 817 2898 cubo
832 2839 938 2907 cubas,
964 2839 1077 2898 excubo
1093 2838 1237 2906 excubas,
1261 2837 1336 2898 subo
1352 2838 1449 2906 subas,

165 2940 304 2999 Horatius
326 2940 356 2997 in
380 2938 474 3016 epodo
498 2941 660 3017 ‘iamque
683 2938 879 3000 subando’.
910 2943 1100 3019 excipiuntur
1121 2959 1215 3019 pauca
1231 2959 1305 3020 quae
1329 2940 1365 3000 ad
1389 2948 1449 3000 ter·

165 3044 235 3101 tiarn
264 3047 430 3118 correptam
459 3041 636 3117 perveniunt
662 3043 911 3119 coniugationenr.
956 3062 970 3101 a
996 3042 1117 3120 quidem
1146 3041 1341 3102 antecedente
1364 3042 1450 3119 longa

165 3161 254 3202 untnn
278 3143 430 3221 deponens
458 3143 622 3210 irrreuitur,
652 3141 737 3202 labor
764 3143 888 3213 laberis,
918 3143 996 3204 unde
1024 3142 1184 3205 ‘labitur
1213 3152 1323 3203 uncta
1346 3144 1452 3203 radis

164 3244 286 3303 abies’
311 3243 387 3323 apud
404 3243 558 3320 Virgilium
574 3242 638 3303 Vlll
660 3244 738 3303 libro
754 3246 899 3305 Aeneidos
914 3246 1053 3323 legerius
1078 3265 1094 3306 a
1109 3264 1168 3324 quo
1184 3253 1214 3305 et
1231 3242 1242 3327 ll
1260 3247 1451 3324 participium

126 3368 152 3406 as
167 3348 268 3425 lapsus
290 3348 336 3415 ttt;
360 3346 493 3423 quemuis
516 3344 571 3403 sub
594 3346 697 3404 eodem
720 3364 809 3406 sensu
837 3348 925 3407 etiarn
948 3349 1063 3426 primae
1086 3348 1302 3424 coniugationis
1324 3349 1451 3407 activum

165 3447 210 3506 vel
227 3455 365 3507 neutrum
381 3449 533 3506 invenitur
549 3447 742 3507 antecedente
766 3468 790 3515 a,
815 3448 866 3507 sed
891 3448 984 3518 brevi,
1009 3457 1042 3510 ut
1064 3449 1132 3510 labo
1155 3449 1237 3509 labas
1260 3448 1349 3517 labat,
1374 3449 1451 3509 unde

166 3552 195 3609 ib
228 3549 254 3609 ll
288 3549 365 3609 libro
393 3549 540 3609 Aeneidos
567 3548 708 3624 Virgilius
737 3550 810 3610 dixit
840 3549 960 3611 ‘labat
988 3555 1110 3611 ariete
1139 3550 1279 3611 crebro
1312 3553 1450 3611 ianua’.

166 3650 302 3710 scaberet
334 3653 437 3719 etiam,
472 3650 548 3729 quod
584 3651 689 3710 tertiae
723 3669 866 3730 personae
895 3653 1063 3731 irnperlocti
1098 3654 1239 3731 temporis
1271 3652 1451 3713 subiunctiri

167 3753 244 3812 rnodi
269 3753 415 3831 quandam
437 3753 567 3831 speeiem
591 3771 711 3813 servans
740 3753 816 3832 apud
846 3753 1001 3816 Horatium
1023 3756 1054 3815 iu
1077 3755 1089 3815 l
1112 3753 1188 3814 libro
1211 3773 1382 3814 sermonum
1404 3773 1451 3814 re-

127 3878 153 3917 ao
166 3857 294 3934 peritur,
318 3863 351 3914 ut
561 3842 569 3853 ’

142 3947 145 3951 ’
317 3976 427 4037 saepe
451 3966 561 4037 eaput
583 3958 759 4018 scaberet
782 3961 888 4019 vivos
909 3968 944 4021 et
965 3960 1118 4020 roderet
1139 3977 1294 4036 ungues,

167 4067 301 4119 notamus
324 4061 408 4136 quasi
430 4063 536 4120 tertiae
559 4063 790 4138 coniugationis,
815 4062 885 4122 lieet
907 4062 1021 4122 nullum
1043 4063 1105 4121 eius
1128 4060 1216 4121 alium
1241 4068 1353 4121 motuni
1376 4061 1453 4140 apud

256 4264 268 4313 1
290 4271 341 4312 tam
364 4264 492 4327 primitiae
516 4265 592 4313 uerba
612 4292 643 4300 —
663 4281 738 4328 quam
759 4265 894 4315 diriuatiua
911 4267 988 4314 uerba
1006 4267 1031 4314 P
1114 4266 1129 4314 5
1150 4265 1190 4315 vel
1208 4266 1233 4314 in
1252 4279 1284 4315 uo
1303 4264 1343 4313 vel
1364 4264 1388 4311 iu
1407 4278 1452 4312 uor

166 4351 212 4386 ont.
235 4335 259 4383 P
328 4333 457 4394 *Iabaquc
477 4348 522 4381 neo
542 4349 585 4383 nes
605 4346 646 4384 net
669 4336 746 4383 uerbo
764 4336 831 4397 quod
852 4336 910 4384 noui
937 4335 1013 4384 iaciat
1039 4337 1063 4384 in
1087 4337 1222 4400 praeterito
1243 4343 1267 4384 et
1292 4335 1338 4382 ileo
1363 4342 1387 4381 et
1404 4346 1452 4397 geo

168 4405 233 4452 unde
253 4405 299 4451 beo
319 4414 343 4450 et
362 4418 419 4451 ereo
439 4418 510 4451 sereo
530 4419 585 4453 meo
605 4407 629 4454 P
646 4405 742 4467 absque
761 4419 809 4453 ueo
824 4420 869 4453 nes
889 4413 930 4453 uet
947 4413 971 4452 et
987 4405 1034 4453 ileo
1054 4406 1099 4453 iles
1114 4407 1155 4456 llet
1176 4407 1252 4454 uerbo
1267 4403 1334 4466 quod
1352 4403 1410 4450 neui
1429 4411 1453 4448 et

168 4475 225 4522 deni
245 4473 358 4521 lecerunt
377 4476 454 4531 (corr.
475 4471 546 4536 iacit)
566 4475 590 4522 in
605 4476 740 4539 praeterito
759 4475 827 4523 nude
845 4485 869 4523 et
888 4475 933 4523 beo
952 4489 1009 4522 oreo
1030 4491 1085 4524 nreo
1102 4475 1127 4523 B
1196 4475 1212 4523 11
1230 4489 1286 4523 esse
1305 4471 1351 4520 aed
1369 4480 1451 4519 tamen

167 4546 191 4592 P
261 4542 292 4592 13
310 4543 393 4592 excire
412 4543 498 4594 om.B
585 4544 715 4594 lbtumeo
734 4545 905 4606 superomnia
925 4544 962 4602 B,
980 4554 1055 4596 ornt
1141 4542 1367 4607 contemplabimur
1385 4555 1452 4590 rtrttr

168 4628 270 4663 tracen.
289 4628 320 4661 on
341 4628 523 4663 niscsnnanors
537 4627 771 4666 eonruoauontnoa.
790 4629 864 4664 tuere.
886 4629 915 4663 ιι.
935 4629 967 4662 on
983 4629 1172 4666 rtnttrrartaus
1187 4615 1212 4662 P
1225 4609 1453 4675 contemplabimur·

168 4683 273 4747 explicit
291 4683 334 4733 lib.
356 4699 371 4734 ι.
393 4683 487 4748 incipit.
506 4697 532 4733 u.
552 4682 577 4731 Β
664 4685 695 4734 tt
714 4686 739 4732 iu
753 4680 846 4749 epodo]
870 4684 910 4743 12,
927 4685 957 4734 ll
1030 4685 1131 4746 iamque
1150 4682 1263 4731 subando
1282 4679 1385 4730 relertt

168 4754 201 4802 tt
222 4752 285 4801 libro
305 4753 425 4802 aeneidos
444 4764 532 4802 octauo
552 4751 587 4799 P:
604 4769 626 4802 υ.
646 4753 677 4804 et
766 4754 799 4801 27
820 4755 844 4801 io
863 4753 885 4800 ll
906 4755 968 4802 libro
989 4751 1065 4818 Aen]
1086 4772 1108 4803 e.
1130 4751 1180 4802 492
1251 4749 1369 4813 uirgilius
1388 4750 1453 4798 dixit

169 4821 292 4871 Custodes
308 4823 414 4871 sufferre
433 4823 517 4871 ualent
532 4821 599 4869 labat
617 4823 695 4872 ariete
714 4824 801 4872 crebro
820 4824 921 4874 innuat
970 4823 1005 4874 29
1026 4824 1050 4873 iu
1069 4825 1077 4872 l
1099 4822 1161 4872 libro
1173 4816 1263 4886 serm]
1282 4818 1323 4880 10,
1339 4819 1372 4870 to
1391 4820 1454 4884 (tt)

168 4892 202 4942 32
221 4902 336 4942 notamus
354 4893 428 4942 etiarn
442 4893 514 4955 quasi
530 4894 555 4941 P
