3346 5498
657 366 728 427 ans
757 365 940 427 1113-16
1378 353 1441 418 419

180 492 201 534 p.
216 479 311 521 macas
328 476 349 516 r.
1261 480 1282 520 p.
1295 468 1340 509 sao.
1352 468 1377 506 a1
1393 464 1415 507 ι.

154 560 290 621 feminini
318 563 388 618 sunt
417 557 537 633 generis
565 564 615 617 aut
642 555 816 616 eommunis.
861 572 929 614 nam
956 571 1048 633 super
1071 551 1268 614 declinatione
1292 547 1373 609 nulla
1396 554 1441 608 est

156 660 343 737 ambiguitas,

240 762 279 822 Os
300 762 382 822 finita
405 760 606 839 monosyllaba
627 762 686 820 tria
709 767 777 819 sunt
798 761 918 836 generis
941 758 1109 826 masculini,
1133 757 1182 816 bic
1205 773 1281 823 mos,
1307 753 1355 812 bic
1378 752 1440 820 llos,

155 866 205 925 bic
227 883 292 934 ros;
321 863 379 922 duo
406 864 558 930 feminini,
587 861 660 921 baec
688 880 752 929 coe,
782 861 853 922 baec
881 863 948 931 dos;
978 879 1069 921 unum
1092 860 1205 927 neutri,
1229 856 1284 916 boc
1307 874 1341 914 os
1363 855 1440 913 oris:

130 967 278 1048 aquidani
306 973 335 1025 et
362 965 417 1025 boc
444 983 478 1024 os
504 967 581 1024 ossis
603 963 736 1024 adiciunt
764 961 870 1043 [unmn
898 966 1063 1024 communis
1085 963 1133 1021 bic
1156 968 1185 1020 et
1207 960 1280 1020 baec
1303 954 1389 1036 bos];
1413 963 1443 1015 et

89 1112 95 1125 .
157 1070 256 1129 onmia
278 1065 440 1126 secundum
464 1066 615 1126 delinitam
638 1069 775 1145 superius
798 1067 932 1144 regulam
954 1062 1222 1143 monosyllabarum
1245 1063 1351 1122 tertiae
1374 1067 1442 1119 sunt

157 1169 380 1231 declinationis:
409 1168 552 1251 disyllaba
580 1169 652 1237 tria,
681 1186 806 1247 quorum
834 1168 891 1229 duo
920 1168 1075 1228 masculini
1104 1173 1172 1226 sunt
1194 1166 1327 1244 generis,
1351 1181 1442 1222 unum

156 1273 337 1338 eonnnunis,
367 1270 499 1330 eiusdem
530 1269 752 1338 declinationis,
781 1271 830 1330 bic
858 1271 941 1349 lepos
969 1270 1095 1348 leporis,
1125 1268 1173 1328 bic
1201 1285 1293 1346 nepos
1315 1266 1441 1344 nepotis,

158 1374 207 1437 bic
230 1380 260 1431 et
281 1372 354 1431 haec
377 1379 475 1431 custos
498 1371 642 1443 custodis;
666 1374 806 1433 similiter
827 1373 876 1433 bic
898 1380 929 1433 et
949 1373 1023 1432 baec
1046 1370 1184 1432 sacerdos
1206 1367 1378 1429 sacerdotis.

118 1497 144 1536 m
242 1475 281 1535 Vs
303 1473 415 1553 syllaba
437 1475 594 1534 terminata
617 1477 735 1536 nomina
758 1475 912 1535 masculini
935 1481 1005 1535 sunt
1028 1475 1149 1551 generis
1164 1479 1214 1533 aut
1235 1471 1372 1530 feminini
1394 1476 1445 1529 aut

159 1579 274 1646 neutri;
297 1584 410 1637 tantum
434 1594 525 1635 unirm
552 1583 597 1635 est
624 1579 721 1637 oninis
742 1579 849 1637 tertiae
872 1577 1095 1643 declinationis,
1119 1575 1167 1635 bic
1190 1581 1220 1633 ct
1242 1573 1314 1633 baec
1336 1578 1367 1631 et
1389 1571 1444 1630 boc

159 1689 242 1739 vetus
265 1680 384 1738 veteris,
429 1677 480 1736 sod
511 1677 666 1738 masculini
694 1681 814 1755 generis
841 1681 959 1739 nomina
983 1686 1033 1739 aut
1055 1677 1200 1738 secundae
1223 1681 1292 1735 sunt
1314 1673 1444 1733 declina·

160 1783 248 1842 tionis
271 1790 320 1840 aut
343 1787 463 1859 quartae
487 1781 619 1857 exceptis
641 1780 769 1851 duobus,
800 1800 875 1860 quae
898 1788 965 1841 sunt
988 1783 1111 1848 tertiae,
1143 1779 1191 1838 bic
1213 1776 1304 1854 Ligus
1325 1776 1446 1852 Liguris

159 1890 189 1942 et
210 1883 259 1941 bic
283 1882 367 1961 lepus
389 1880 509 1959 leporis.
543 1881 595 1940 sed
618 1881 668 1942 illa
691 1884 851 1943 masculina
874 1883 1022 1943 secundae
1045 1881 1252 1942 declinationis
1270 1874 1276 1962 Ι
1294 1880 1446 1957 accipiunt

121 2006 146 2045 is
159 1984 334 2051 formulam,
363 2001 439 2061 quae
468 1992 518 2043 aut
547 1985 667 2062 propria
690 1993 757 2045 sunt
780 1993 830 2045 aut
853 1987 884 2045 in
906 1985 1082 2045 femininum
1103 2001 1197 2060 genus
1219 1987 1389 2048 transeunt,
1413 1987 1446 2039 ut

160 2086 208 2145 bic
224 2084 337 2144 Tullius
354 2083 458 2153 Tullii,
482 2083 581 2145 clarus
596 2087 678 2145 clari
699 2084 779 2164 (lacit
802 2089 882 2147 enim
904 2084 1009 2166 clara);
1033 2086 1082 2146 illa
1105 2092 1235 2165 quartae,
1259 2102 1334 2163 quae
1356 2089 1445 2142 auta

161 2186 260 2246 verbis
274 2187 397 2245 veniunt
411 2193 463 2246 aut
477 2187 508 2245 iu
524 2186 700 2248 femininum
716 2207 809 2266 genus
825 2208 883 2249 non
898 2196 1068 2258 transeunt,
1086 2195 1118 2248 ut
1133 2188 1181 2247 bic
1202 2205 1342 2247 ascensus
1356 2185 1446 2245 buius

160 2306 300 2348 ascensus
323 2307 339 2347 a
361 2286 453 2346 verbo
475 2288 617 2356 ascendo,
641 2290 690 2349 bic
713 2298 809 2351 motus
832 2291 921 2351 huius
944 2299 1055 2358 motus,
1079 2290 1127 2350 bic
1143 2291 1227 2349 nisus
1242 2289 1330 2352 buius
1352 2289 1445 2354 nisus,

161 2391 210 2451 bic
232 2398 336 2470 portus
358 2389 445 2449 buius
467 2397 586 2468 portus,
615 2390 665 2450 bic
687 2411 774 2453 arcus
797 2393 885 2453 buius
908 2411 1009 2459 arens,
1039 2411 1114 2472 quae
1137 2394 1167 2451 in
1191 2392 1365 2451 femininum
1388 2407 1446 2448 non

121 2517 148 2556 ao
162 2497 328 2552 transeunt.
373 2490 425 2549 sed
448 2493 587 2568 quoniam
608 2493 736 2571 plurima
759 2497 967 2562 inveniuntur,
990 2513 1065 2572 quae
1088 2512 1143 2553 nec
1165 2513 1181 2554 a
1203 2492 1303 2553 verbis
1325 2493 1447 2551 veniunt

163 2591 233 2673 [nec
262 2594 360 2652 minus
389 2600 511 2670 quartae
541 2592 622 2674 sunt]
652 2614 749 2674 neque
777 2599 923 2657 feminina
952 2615 987 2655 ex
1016 2595 1198 2663 scicciani,
1228 2600 1258 2654 et
1279 2601 1377 2654 tamen
1400 2611 1445 2651 se-

161 2694 273 2755 cundae
296 2701 365 2754 sunt
388 2693 610 2764 declinationis,
634 2696 847 2759 discernendae
863 2698 1066 2775 ambiguitatis
1081 2715 1167 2758 causa
1190 2696 1326 2774 diligenti
1348 2697 1446 2774 inqui·

161 2797 269 2856 sitione
293 2795 442 2856 subiectas
465 2799 631 2857 notavimus
653 2801 784 2876 regulas,
813 2819 871 2879 quo
900 2793 1034 2880 iacililssus
1061 2799 1268 2858 declinationis
1290 2798 1447 2858 diversitas

161 2896 344 2976 deprehendi
372 2899 476 2974 possit.
522 2915 592 2975 crgo
620 2920 655 2960 us
682 2901 793 2980 syllaba
821 2904 981 2963 terminata
1008 2903 1128 2960 nonina
1150 2900 1305 2960 masculini
1328 2900 1447 2976 generis

122 3025 147 3065 25
161 3001 284 3080 propria
308 2999 352 3058 vel
375 2999 564 3077 appellativa,
594 3003 655 3060 sive
684 3003 885 3064 lemininacx
908 3022 939 3062 se
962 3003 1089 3069 iaciunt,
1113 3004 1174 3061 sire
1197 3004 1227 3061 in
1251 3000 1331 3061 aliud
1354 3018 1448 3078 genus

161 3104 283 3173 minime
306 3101 569 3170 transformantur,
593 3103 739 3163 secundae
762 3112 832 3164 sunt
854 3104 1076 3173 declinationis,
1100 3111 1132 3164 ut
1154 3104 1313 3164 Terentius
1334 3102 1446 3162 'leren-

161 3205 211 3271 tii,
235 3202 351 3263 blarcus
373 3201 481 3271 biarci,
506 3201 601 3263 bonus
624 3205 710 3274 boni,
735 3225 856 3284 campus
871 3207 983 3284 campi,
1007 3206 1111 3265 bortus
1125 3205 1220 3274 horti,
1244 3206 1342 3264 lomus
1363 3205 1446 3271 lumi,

160 3306 249 3365 nidus
272 3304 350 3373 nidi,
374 3305 482 3381 fungos
506 3306 605 3383 iungi,
629 3325 748 3384 mergus
771 3310 881 3384 mergi,
904 3325 1025 3368 somnus
1048 3309 1159 3375 somni,
1184 3307 1267 3366 luens
1290 3306 1359 3365 lnci.
1389 3306 1448 3364 duo

161 3413 316 3475 notantur,
348 3425 423 3484 quae
454 3409 591 3485 superius
620 3411 773 3488 posuimus
795 3410 902 3468 tertiae
925 3409 1133 3470 declinationis
1155 3426 1191 3468 us
1212 3406 1323 3487 syllaba
1345 3409 1447 3467 termi-

122 3542 148 3582 30
162 3516 229 3569 nata
255 3507 388 3567 eiusdem
411 3511 546 3585 generis,
570 3510 619 3569 liic
640 3511 732 3589 Ligus
753 3510 886 3589 Liguris,
910 3511 959 3571 bic
981 3511 1065 3591 lepus
1088 3511 1208 3589 leporis
1246 3528 1321 3589 quae
1343 3530 1360 3570 a
1383 3527 1448 3569 ver-

167 3609 214 3669 bis
243 3617 293 3668 aut
321 3609 492 3670 nominibus
520 3614 643 3672 veniunt
669 3613 898 3693 principalibus,
927 3620 1049 3692 quartae
1077 3620 1145 3673 sunt
1172 3612 1393 3679 decimationis,
1417 3618 1449 3671 ut

164 3712 213 3771 hic
237 3719 330 3770 status
353 3712 442 3772 buius
465 3720 567 3783 status,
591 3715 640 3773 bic
662 3715 769 3775 ductus
791 3715 878 3775 buius
901 3716 1017 3784 ductus,
1041 3714 1090 3775 bic
1112 3722 1210 3773 motus
1231 3714 1320 3773 buius
1342 3720 1447 3781 motus,

163 3814 212 3873 bic
236 3813 405 3873 consulatus
427 3815 516 3875 buius
538 3815 716 3887 consulatue,
741 3817 789 3877 bic
811 3818 981 3878 tribunatus
1004 3817 1091 3877 buius
1112 3815 1292 3883 tribunatus,
1315 3814 1365 3873 bic
1387 3832 1448 3874 ma-

232 4035 248 4085 3
267 4050 296 4083 os
314 4030 385 4083 linita
402 4035 479 4089 elur.
498 4036 545 4098 30,
564 4039 590 4090 6.
609 4037 656 4098 91,
676 4035 718 4088 31.
739 4053 796 4087 eac.
816 4037 892 4091 Cdar.
906 4037 972 4095 543,
992 4036 1025 4088 37
1098 4035 1130 4087 10
1146 4051 1177 4084 us
1195 4035 1291 4100 syllaba
1310 4033 1385 4086 clar.
1405 4034 1448 4093 21,

163 4104 205 4157 18.
222 4106 265 4164 41,
284 4105 327 4154 21.
344 4120 401 4159 ecce.
422 4106 498 4160 coar.
518 4107 579 4167 538,
597 4106 632 4157 30

233 4293 249 4342 3
264 4309 292 4342 os
309 4293 380 4342 linita
399 4296 494 4358 syllaba
512 4298 561 4353 Ες
623 4297 638 4345 5
659 4311 734 4345 onum
754 4298 894 4345 communis
912 4296 955 4345 hic
972 4305 997 4345 et
1014 4295 1078 4344 haec
1093 4295 1139 4343 bos
1157 4309 1204 4346 om.
1219 4294 1284 4353 PF,
1297 4294 1358 4345 add.
1378 4307 1395 4348 ς

163 4365 180 4414 8
199 4364 272 4426 lepus
291 4364 316 4411 P
386 4364 417 4415 13
430 4366 470 4413 hie
490 4365 556 4431 ligus
574 4366 665 4430 liguris
683 4367 755 4432 lepus
769 4366 862 4430 leporis
881 4366 905 4414 P
920 4365 961 4415 bic
976 4366 1044 4431 ligus
1063 4364 1152 4429 ligeris
1169 4363 1210 4412 bic
1228 4363 1300 4428 lepus
1319 4361 1413 4426 leporis
1425 4360 1450 4409 F

163 4434 205 4482 hic
225 4433 316 4498 liguris
335 4435 369 4481 ris
390 4442 414 4482 et
437 4434 478 4483 bic
497 4436 569 4499 lepus
588 4436 657 4491 ris&
746 4435 777 4485 15
801 4451 865 4497 quae
889 4445 932 4484 ant
956 4435 1011 4496 (am
1029 4450 1074 4484 om.
1093 4431 1123 4497 ς)
1146 4434 1171 4482 in
1193 4431 1343 4481 femininum
1368 4445 1449 4495 genus

163 4512 295 4553 transeunt
319 4503 361 4553 illa
386 4513 488 4565 quartae
508 4505 550 4560 Ἐς
639 4506 670 4557 16
689 4506 730 4555 liic
748 4505 835 4554 tullius
853 4505 924 4554 tullia
942 4503 1025 4554 clarus
1044 4503 1106 4552 lacit
1125 4503 1150 4551 P
1234 4502 1265 4552 21
1286 4516 1333 4549 nec
1352 4497 1446 4565 minus]

164 4589 212 4621 nec
235 4575 320 4621 nomin
344 4589 411 4625 corr.
438 4589 483 4622 nec
509 4591 523 4623 a
552 4575 652 4624 nornine
679 4576 703 4624 F
727 4590 773 4623 nec
802 4573 881 4624 nihilo
907 4575 1025 4639 minusp
1111 4573 1145 4623 23
1167 4567 1279 4622 subiecta
1307 4572 1450 4619 notauimus

163 4643 278 4708 regulam
294 4643 317 4689 P
415 4643 449 4693 28
467 4644 517 4693 duo
535 4660 581 4693 om.
601 4644 626 4692 P
722 4644 756 4695 30
775 4643 843 4708 ligna
860 4645 948 4710 ligaris
967 4644 993 4693 P
1090 4642 1125 4693 33
1144 4641 1185 4690 bic
1206 4640 1350 4690 consolatus
1373 4639 1449 4690 huius

164 4713 308 4762 consolatus
331 4713 371 4762 bic
390 4715 531 4764 tribunatus
553 4714 717 4779 magistratus
741 4715 866 4777 equitatus
887 4715 1042 4780 principatus
1060 4720 1177 4762 notantur
1196 4714 1221 4762 P
1241 4709 1386 4760 consulatus
1404 4711 1449 4759 tri·

165 4784 273 4832 bonatus
297 4784 421 4846 equitatus
451 4786 612 4849 magistratus
636 4792 809 4847 sequestratus
838 4784 994 4849 principatus
1026 4783 1096 4832 nisus
1128 4782 1198 4831 nisus
1227 4789 1381 4844 notanturg
1407 4779 1449 4828 bic

166 4853 311 4902 consolatus
329 4853 405 4903 buius
428 4854 574 4906 consolatus
596 4853 638 4902 bic
655 4855 797 4912 tribunatus
816 4853 891 4915 liuius
910 4855 1052 4904 tribunatus
1072 4852 1129 4924 (bic
1148 4852 1312 4925 magistratus
1330 4848 1406 4902 huius
1424 4851 1450 4900 in
