3382 5498
508 1205 578 1286 Ill]
608 1203 788 1290 DVBIIS
819 1203 1109 1290 NOMINIBVS

247 1589 408 1656 Libellum
437 1590 477 1655 de
506 1589 616 1654 dubiis
643 1590 828 1655 nominibus
857 1612 874 1653 6
902 1587 1013 1653 codice
1035 1587 1284 1653 Vindobonensi
1312 1586 1450 1652 890111

163 1691 403 1777 Salisburgcnsi
427 1691 556 1754 sacculo
578 1713 664 1755 nono
688 1691 809 1778 scripto
831 1692 954 1777 primus
977 1691 1079 1756 edidit
1092 1690 1270 1756 Mauricius
1286 1689 1451 1776 Hauptius

162 1815 229 1856 una
251 1814 323 1856 cum
340 1791 452 1858 Ovidii
467 1790 650 1856 halieuticis
674 1802 706 1856 61
725 1791 832 1856 Gratii
855 1801 888 1855 ct
902 1791 1087 1855 Nemesiani
1106 1791 1303 1877 cynegeticis
1319 1790 1451 1878 Lipsiae

162 1916 192 1956 a.
218 1894 309 1957 1838.
338 1895 371 1956 in
400 1892 483 1958 libro
511 1903 618 1957 autem
642 1914 705 1979 quo
727 1916 806 1957 usus
830 1903 900 1956 erat
923 1894 1034 1974 unius,
1064 1903 1100 1956 ut
1121 1892 1267 1973 videtur,
1291 1891 1450 1957 membra·

162 2016 224 2058 nae
245 1997 372 2059 11611111
392 1996 482 2058 lacta
496 2016 535 2058 ea
549 2017 632 2081 quae
648 1993 689 2059 ab
712 1995 804 2059 initio
827 1993 949 2081 scripta
970 2002 1063 2059 erant
1082 2016 1185 2080 usque
1208 1993 1250 2057 ad
1273 1993 1450 2080 151111

160 2102 325 2175 pluraliter
352 2109 451 2160 autem
478 2107 673 2161 cancromata
701 2101 832 2160 dicenda
852 2107 922 2160 sant
942 2095 1124 2181 perierunt;
1154 2094 1280 2182 reliqua
1300 2094 1452 2179 leguntur

162 2197 186 2259 l.
211 2197 589 2277 170-175eanu9en.
613 2200 688 2274 sem.
714 2235 749 2244 -
775 2203 929 2277 discrepat
951 2208 1060 2262 atrax:
1088 2198 1131 2259 cf.
1155 2195 1333 2261 Endlicher
1355 2193 1450 2261 catal.

161 2297 233 2362 cod.
260 2297 372 2385 philol.
400 2297 491 2362 latin.
520 2298 600 2364 bibl.
629 2297 733 2362 Palat.
762 2296 906 2363 Vindob.
936 2320 969 2385 p.
999 2297 1058 2362 197
1086 2321 1157 2385 sqq.
1188 2297 1277 2361 aliud
1306 2297 1450 2362 ciusdem

161 2397 264 2472 libelli
286 2399 469 2486 exemplum
492 2421 590 2463 manu
611 2400 770 2486 scriptum
791 2399 942 2464 Lauduni
964 2398 1134 2464 Gallorum
1155 2402 1323 2466 inventum
1346 2410 1396 2463 611
1418 2400 1451 2463 in

66 2521 69 2527 ·
161 2499 271 2564 codice
299 2499 517 2565 bibliothecae
543 2499 694 2588 publicae
720 2500 948 2566 Laudunensis
975 2501 1055 2580 463,
1086 2523 1180 2588 quem
1208 2501 1452 2586 descripserunt

162 2600 186 2663 ii
207 2600 263 2688 qui
285 2602 468 2686 catalogum
490 2601 761 2667 bibliothecarum
780 2601 974 2687 gallicarum
996 2603 1245 2690 provincialium
1267 2601 1450 2682 ediderunt,

161 2701 329 2786 catalogue
350 2702 482 2786 general
504 2704 561 2769 des
584 2704 779 2768 manuscrits
800 2704 857 2769 des
880 2702 1119 2790 bibliothbqnes
1142 2702 1199 2768 des
1223 2701 1450 2789 departomcns

163 2801 179 2864 Ι
201 2826 233 2889 p.
256 2804 328 2866 246.
358 2805 393 2867 in
420 2827 457 2869 6ο
480 2807 581 2890 igitur
603 2805 715 2870 codice
737 2804 866 2870 saeculo
890 2803 1098 2888 duodecimo,
1128 2814 1165 2868 ut
1185 2805 1293 2868 visum
1315 2814 1364 2868 cst
1385 2803 1449 2868 illis

161 2904 218 2989 qui
232 2904 417 2989 catalogum
432 2908 594 2990 fecerunt,
617 2909 739 2993 scripto
755 2914 913 2969 tractatus
937 2905 977 2969 dc
993 2906 1178 2971 nominibus
1194 2907 1315 2991 legitur
1330 2907 1451 2969 omissa

160 3004 386 3092 inscriptione,
416 3012 635 3087 1916111961.
662 3010 737 3084 sem.
764 3019 797 3071 at
825 3012 1041 3071 cantalena
1068 3019 1112 3071 est
1137 3015 1255 3087 eytbtas
1274 3045 1318 3056 -
1343 3028 1451 3088 ymnus

158 3127 228 3184 qen.
244 3127 336 3171 masc.
349 3114 428 3184 finit.
452 3107 509 3173 scd
524 3118 601 3195 post
617 3132 647 3173 v.
666 3130 698 3173 as
712 3113 751 3172 de
765 3128 862 3172 ossam
874 3129 945 3187 qen.
960 3117 1069 3186 aerari,
1087 3121 1119 3174 at
1136 3115 1281 3188 Virgilius
1289 3121 1449 3188 postquam

155 3229 257 3287 panor
270 3231 302 3295 p.
319 3210 360 3272 90
375 3209 407 3272 Η
429 3209 583 3275 librarius
606 3209 734 3273 omissis
750 3207 907 3295 exemplis
922 3211 1117 3297 scriptorum
1132 3210 1264 3274 nomina
1285 3208 1355 3274 sola
1376 3232 1449 3273 cum

161 3310 247 3374 notis
267 3332 421 3394 generum
435 3312 560 3398 posuit,
582 3332 652 3392 opes
663 3333 732 3391 aen.
749 3314 824 3388 sem.
848 3317 1006 3375 oleastrum
1020 3333 1089 3391 cen.
1107 3322 1188 3376 neat.
1205 3320 1267 3376 ctc.
1282 3310 1343 3375 hoc
1364 3311 1448 3376 libro

159 3434 238 3474 usus
261 3412 375 3477 Victor
402 3411 450 3476 Le
477 3410 569 3476 Clerc
594 3414 629 3476 in
661 3412 842 3501 appendice
870 3412 1011 3498 catalogi
1033 3435 1128 3498 quem
1151 3411 1219 3476 dixi
1242 3435 1274 3499 p.
1296 3414 1359 3475 649
1379 3435 1448 3499 sqq.

159 3522 335 3578 tractatum
354 3515 395 3577 dc
415 3514 601 3579 nominibus
617 3514 665 3578 ita
680 3514 797 3599 edidit,
822 3523 859 3579 ut
879 3515 914 3578 in
935 3517 1042 3602 priore
1064 3525 1158 3599 parte
1180 3515 1342 3598 integram
1364 3514 1448 3578 Lau-

160 3615 317 3680 dunensis
344 3614 466 3680 codicis
489 3616 682 3701 scripturam
705 3615 893 3699 exhiberet,
921 3616 955 3679 in
977 3616 1155 3703 posteriore
1183 3614 1260 3679 inde
1282 3636 1303 3678 a
1324 3639 1356 3680 v.
1380 3636 1450 3695 apes

160 3720 238 3781 item
260 3716 548 3782 Vindobonensem
576 3716 720 3782 codicem
749 3740 814 3783 non
841 3719 974 3782 mutatis
1002 3716 1127 3782 librarii
1155 3717 1319 3783 erroribus
1342 3718 1449 3804 capri*

160 3830 271 3882 meret.
315 3828 429 3904 postea
457 3819 640 3883 Fridericus
669 3818 851 3885 Guilelmus
879 3820 956 3885 Otto
978 3820 1148 3905 utriusque
1170 3817 1323 3884 editionis
1346 3819 1448 3906 copiis

160 3918 316 3984 adhibitis
338 3919 458 3984 librum
480 3919 681 4008 amplissimo
703 3923 946 4002 commentario,
974 3921 1008 3984 in
1035 3943 1098 4007 quo
1126 3920 1228 3985 multa
1250 3921 1289 3984 de
1311 3921 1447 3985 nomini·

160 4020 264 4085 busa
289 4023 500 4104 grammatico
528 4024 677 4087 tractatis
705 4024 899 4111 disputavit,
931 4024 1124 4087 instructum
1147 4023 1322 4108 separatim
1345 4020 1449 4087 edidit

160 4122 279 4187 1111116
302 4145 330 4185 a.
357 4122 448 4187 1850.
477 4123 605 4188 duobus
633 4134 740 4188 autem
767 4123 953 4206 codicibus,
980 4125 1036 4210 qui
1065 4122 1170 4189 adhuc
1191 4123 1339 4210 usurpati
1363 4132 1447 4207 sunt,

159 4225 224 4287 iam
253 4224 380 4288 accedit
405 4225 521 4288 tertius
550 4224 756 4288 Monacensis
786 4225 888 4289 14252
915 4225 991 4289 olim
1020 4225 1244 4290 Emmcramus
1271 4225 1334 4289 252
1362 4246 1447 4289 nono

159 4324 288 4390 saeculo
311 4327 464 4411 scriptus,
488 4327 510 4390 f.
536 4325 699 4390 181-191
723 4333 829 4408 incipit
847 4327 962 4392 laubiis
984 4332 1022 4390 de
1044 4326 1231 4393 lnominibas
1252 4334 1446 4406 6111116616-

160 4434 202 4491 ris
223 4435 291 4492 sint.
337 4434 490 4509 Aeayptas
512 4464 546 4478 -·
572 4429 890 4516 denonciarent)

243 4616 268 4684 *)
294 4617 415 4667 Iudicem
438 4616 560 4666 universi
582 4616 686 4667 codicis
712 4617 859 4680 subiciam,
883 4623 914 4667 nt
930 4621 959 4668 in
978 4618 1086 4683 reliqua
1104 4633 1211 4685 qnoque
1230 4623 1310 4682 parte
1326 4616 1446 4683 plurima

161 4704 316 4752 consentire
331 4716 390 4751 cum
403 4700 611 4753 vindobonensi
629 4706 657 4752 et
667 4702 843 4752 Lauduneusi
861 4702 955 4753 codice
974 4702 1162 4770 intellegatur.
1185 4701 1253 4757 Coti.
1264 4699 1384 4758 Emmer.
1396 4703 1447 4753 252

161 4786 255 4837 memb.
275 4801 348 4836 saec.
369 4788 406 4836 lX
426 4786 530 4836 formae
549 4784 700 4849 quadratae
725 4786 745 4836 1.
767 4788 841 4838 1-3
867 4786 976 4839 Terente
993 4787 1093 4841 Sam
1112 4785 1299 4855 otim&
1311 4786 1392 4840 tuia-
1409 4793 1448 4816 “⁴
