3346 5498
657 386 894 452 conueniunt
1385 383 1426 447 93

140 572 194 636 bus
222 569 327 634 relata
355 581 430 634 sunt
458 568 558 635 e'tiam
585 571 619 632 in
642 571 749 635 Servii
777 571 1008 635 commentario
1031 568 1192 654 legantur.
1229 568 1328 632 Plinii
1351 592 1427 656 quo·

137 696 196 759 que
223 672 325 737 libros
355 670 447 736 dubii
476 673 650 753 sermonis,
680 696 722 736 ex
750 672 865 759 quibus
895 696 960 736 non
982 669 1072 735 nulla
1094 692 1177 757 quire
1200 669 1330 734 aliunde
1352 680 1429 735 nota

137 797 198 839 non
221 785 298 838 sunt
313 774 490 860 Pompeius
511 772 635 855 attulit,
658 774 727 860 ipse
749 772 867 857 legisse
890 773 1035 852 videtur,
1052 772 1243 858 praesertim
1266 794 1339 835 cum
1362 784 1428 836 11111

137 876 289 963 frequens
324 876 438 940 horum
475 875 633 940 librorum
670 876 825 940 memoria
860 874 959 939 etiam
993 871 1080 959 apud
1113 873 1278 939 inferioris
1311 875 1429 938 aetatis

137 978 366 1064 grammaticos
400 978 460 1060 sit,
495 987 532 1042 ut
564 978 622 1042 diu
659 977 859 1062 superfuisse
898 975 1065 1062 adpareat.
1109 974 1283 1060 Pompeius
1321 983 1429 1037 11111111

137 1077 279 1143 Plinium
301 1078 494 1144 nominatim
518 1079 634 1142 citavit
656 1078 781 1159 decies,
805 1101 837 1164 p.
863 1077 938 1158 107,
964 1077 1039 1157 154,
1065 1076 1141 1156 172,
1163 1075 1237 1159 202,
1261 1077 1332 1156 221,
1355 1075 1428 1154 237,

107 1189 125 1254 ’,
137 1182 207 1262 295,
223 1182 298 1262 310,
313 1181 388 1261 418,
404 1182 479 1245 437.
502 1202 599 1267 porro
623 1201 845 1267 quaecumque
868 1202 910 1244 ex
925 1179 1075 1243 Caesaris
1098 1177 1138 1240 de
1160 1176 1314 1260 analogia
1334 1175 1428 1241 libris

138 1306 156 1346 a
185 1282 401 1368 grammatico
433 1283 601 1368 adscripta
634 1289 710 1345 sunt
739 1305 771 1367 p.
794 1283 851 1363 27,
883 1281 958 1362 108,
982 1280 1061 1360 230,
1090 1280 1152 1343 233
1179 1278 1303 1359 Plinio,
1332 1300 1429 1364 quem

138 1394 302 1449 auctorem
335 1381 480 1470 appellat
512 1406 544 1469 p.
572 1384 645 1464 107,
681 1383 800 1448 tribuo.
846 1383 985 1447 eundem
1018 1394 1184 1448 auctorem
1216 1381 1363 1467 sequitur
1395 1382 1429 1443 in

138 1485 294 1550 Varronis
317 1484 358 1549 de
380 1484 554 1571 generibus
577 1486 743 1548 nominum
767 1485 916 1549 doctrina
937 1507 979 1549 ex
1005 1483 1097 1548 libris
1120 1482 1160 1547 de
1183 1481 1294 1567 lingua
1315 1481 1429 1562 latina,

138 1597 172 1651 nt
192 1587 326 1674 opinor,
355 1597 485 1672 sumpta
512 1609 545 1672 p.
572 1586 630 1648 143
659 1595 692 1649 11
721 1587 792 1650 154.
836 1609 875 1650 11
902 1597 1012 1651 autem
1036 1608 1118 1672 quae
1146 1608 1188 1649 ex
1209 1582 1366 1647 Varronis
1389 1582 1430 1645 de

138 1689 328 1774 antiquitate
357 1686 541 1752 litterarum
570 1686 663 1752 libris
694 1688 736 1751 ad
766 1689 894 1751 Attium
922 1689 1045 1773 scripta
1072 1697 1148 1751 sunt
1175 1710 1207 1772 p.
1231 1687 1251 1749 9
1279 1685 1430 1750 112711

138 1789 282 1855 eiusdem
305 1790 502 1855 sententiam
525 1789 565 1853 de
588 1788 718 1853 nomine
741 1788 790 1853 lac
813 1812 844 1875 p.
860 1790 924 1854 233
947 1787 1099 1853 Caesaris
1121 1788 1345 1874 disputationi,
1368 1785 1430 1849 hoc

137 1902 184 1955 est
210 1893 332 1956 iterum
354 1890 480 1973 Plinio,
510 1890 619 1956 debet.
663 1913 764 1977 quare
791 1914 830 1955 ea
857 1913 984 1978 quoque
1012 1913 1095 1977 quae
1117 1890 1158 1954 de
1180 1878 1428 1975 pronominibus

137 1991 301 2080 adscripto
324 1992 485 2058 Varronis
508 1993 638 2057 nomine
661 1992 763 2057 relata
785 2003 861 2058 sunt
884 2017 914 2080 p.
938 1993 1001 2057 239
1023 2016 1086 2058 non
1115 1993 1157 2057 ab
1180 1992 1241 2056 hoe
1263 1991 1346 2076 ipso,
1370 1988 1429 2052 sed
1528 1998 1530 2002 ’

137 2093 185 2159 vel
208 2117 228 2157 a
248 2094 356 2158 Plinio
378 2093 431 2158 vel
455 2094 497 2158 ab
519 2092 583 2158 alio
607 2096 787 2158 recentiore
809 2096 1020 2180 grammatico
1044 2096 1147 2182 petita
1170 2115 1241 2157 esse
1264 2092 1429 2155 existima·

136 2196 250 2260 bimus.
289 2196 394 2260 Sirmii
417 2195 588 2280 Capitonis
610 2194 729 2260 librum
752 2197 793 2260 de
814 2196 950 2283 syllabis
974 2198 1122 2284 quamvis
1145 2197 1193 2261 ita
1214 2193 1430 2281 appellaverit

137 2297 308 2384 Pompeius
332 2321 364 2382 p.
380 2298 438 2376 31,
467 2297 560 2383 quasi
584 2307 653 2360 turn
685 2299 784 2363 etiarn
813 2308 956 2380 extaret,
987 2309 1094 2362 tamen
1122 2298 1238 2361 dubito
1261 2321 1336 2361 num
1358 2298 1429 2381 ipse

139 2399 261 2484 legerit.
309 2398 392 2462 liber
413 2398 454 2462 de
477 2399 647 2485 synzygiis
670 2422 701 2484 p.
725 2400 767 2463 60
794 2400 982 2464 recentioris
1005 2399 1176 2464 cniusdam
1200 2400 1366 2484 scriptoris
1389 2398 1429 2461 (11

137 2503 243 2565 metris
268 2523 341 2564 esse
363 2499 509 2578 videtur,
534 2499 609 2563 Iulii
634 2501 746 2564 Severi
770 2501 914 2566 libellum
938 2502 979 2565 de
1000 2502 1139 2587 podibus
1162 2501 1280 2587 respici
1303 2499 1436 2586 putavit

136 2603 361 2687 Heusingerus
390 2602 422 2664 in
451 2601 541 2666 lllall.
571 2602 695 2666 Theod,
724 2626 755 2689 p.
780 2604 831 2667 70.
861 2604 901 2667 (11
928 2603 1021 2667 libris
1051 2604 1092 2667 de
1120 2603 1232 2688 liguris
1261 2628 1289 2688 p.
1312 2603 1430 2666 45411

136 2727 166 2790 p.
187 2704 253 2768 464
275 2705 386 2769 citatis
408 2702 489 2766 nihil
511 2715 650 2769 constat.
696 2701 1037 2791 restant‘Apollonius
1060 2729 1092 2791 p.
1117 2707 1169 2786 96,
1194 2707 1374 2791 Astyagius
1396 2727 1426 2788 p.

135 2807 196 2870 255
225 2816 258 2869 et
285 2829 318 2891 p.
341 2805 419 2884 259,
450 2807 559 2891 Asper
586 2804 732 2872 Sallustii
761 2809 921 2892 interpres
950 2829 981 2892 p.
1010 2807 1090 2887 395,
1120 2807 1272 2872 Melissus
1300 2830 1330 2893 p.
1355 2806 1427 2885 426,

135 2906 279 2971 Lucilius
306 2930 339 2991 p.
361 2907 439 2989 430,
463 2906 599 2972 Verrius
627 2906 765 2973 Flaccus
794 2919 827 2974 11
855 2907 950 2988 Cato,
978 2911 1040 2975 hoc
1067 2919 1117 2972 est
1144 2907 1227 2975 Cato
1261 2931 1281 2972 a
1309 2907 1425 2971 Verrio

135 3008 252 3074 Flacco
274 3009 411 3089 citatus,
432 3032 466 3096 p.
488 3008 561 3072 449.
584 3032 721 3096 quorum
742 3009 849 3075 nullus
873 3020 938 3091 est,
961 3033 1056 3096 quem
1078 3015 1147 3096 ipsc
1168 3011 1287 3095 legisse
1309 3018 1424 3096 putan-

136 3107 194 3174 dus
217 3112 273 3175 sit.

216 3212 411 3298 Pompeium
432 3214 561 3279 natione
583 3213 735 3278 Maurum
756 3215 860 3279 fuisse
882 3213 967 3279 vidit
987 3214 1216 3279 Lachmannus
1239 3216 1275 3278 in
1295 3213 1428 3277 Lucret.

136 3336 166 3400 p.
188 3314 230 3379 28
253 3324 343 3380 certo
367 3314 470 3400 ipsius
497 3316 703 3399 grammatici
730 3316 914 3381 testimonio
943 3338 1039 3397 usus,
1066 3339 1098 3402 p.
1123 3316 1185 3379 246
1207 3323 1235 3378 si
1264 3328 1428 3393 interroqes

136 3421 216 3480 verbi
240 3437 336 3480 causa
364 3421 402 3480 de
433 3421 556 3489 Mauro,
585 3428 638 3480 aut
663 3425 741 3496 siqui
766 3439 812 3482 me
838 3424 999 3495 interreeer
1026 3425 1078 3481 iste
1107 3423 1207 3507 ‘torno
1228 3426 1314 3481 cuius
1334 3418 1425 3490 esl?’,

136 3526 271 3583 ‘nostras
291 3533 336 3583 est
342 3527 361 3596 ’,
378 3523 468 3582 idest
482 3523 619 3583 Maurus.
647 3526 696 3584 dle
717 3527 913 3598 interruperat
923 3531 1055 3597 pentem,
1072 3540 1126 3597 eoo
1140 3527 1291 3598 respondi.
1314 3520 1427 3585 eodem

137 3620 278 3707 pertinet
304 3620 403 3685 etiam
432 3619 531 3702 illud,
561 3621 648 3706 quod
676 3644 706 3707 p.
730 3621 792 3685 426
821 3622 907 3685 inter
934 3622 1014 3685 vitia
1043 3623 1189 3708 gentium
1222 3623 1427 3710 potissimum

136 3721 292 3788 Afrorum
329 3719 548 3787 labdacismos
586 3723 716 3788 notavit
751 3723 856 3809 iisque
893 3723 1111 3789 Romanorum
1147 3726 1200 3790 vel
1235 3726 1428 3790 Latinorum

82 3848 85 3858 ⁴
136 3845 317 3890 sermonem
346 3824 516 3910 opposuit,
548 3846 743 3911 quamquam
774 3824 814 3888 (11
841 3825 956 3890 eodem
978 3828 1084 3911 gentis
1107 3828 1187 3891 vitio
1212 3827 1310 3915 paulo
1333 3829 1428 3892 aliter

136 3924 281 4011 disputat
307 3925 453 3991 Isidorus
481 3927 563 4010 orig.
586 3925 682 4007 131,
708 3925 737 3990 8.
766 3940 937 4012 praeterea
961 3929 996 3992 in
1024 3929 1194 4014 provincia
1220 3941 1333 3995 natum
1356 3951 1427 3994 esse
1547 3915 1551 3937 ’

135 4027 296 4092 hominem
328 4027 381 4091 vel
414 4028 449 4091 in
480 4027 650 4112 provincia
681 4031 927 4113 grammaticam
960 4041 1079 4094 artem.
1103 4029 1251 4096 docuisse
1284 4031 1427 4096 indicare

136 4128 290 4196 videntur
317 4151 356 4193 ea
384 4151 467 4217 quae
497 4129 537 4193 de
565 4128 793 4194 charientismo
816 4131 1034 4197 Romanorum
1058 4134 1180 4218 scripta
1201 4143 1278 4196 sunt
1299 4156 1331 4219 p.
1353 4133 1425 4198 478.

136 4234 251 4298 aetatis
274 4242 386 4296 antem
408 4253 473 4317 qua
493 4231 580 4295 vixit
601 4234 741 4297 certiora
770 4232 893 4298 indicia
913 4257 979 4298 non
1000 4246 1077 4299 sunt
1099 4256 1196 4321 quam
1218 4233 1307 4299 haee.
1350 4257 1427 4298 nam

136 4335 161 4398 si
176 4333 284 4400 Servii
306 4334 573 4399 commentarium
596 4334 785 4421 aPompeio
808 4346 1000 4421 usurpatum
1023 4358 1095 4400 esse
1117 4345 1204 4402 recte
1227 4338 1425 4401 demonstra-

135 4437 259 4519 vimus,
287 4438 435 4522 sequitur
461 4446 498 4499 ut
527 4445 600 4522 post
622 4438 743 4522 primos
766 4460 867 4502 annos
890 4437 995 4523 quinti
1019 4439 1140 4504 saeculi
1162 4440 1297 4519 vixerit,
1320 4460 1424 4524 neque

136 4535 232 4602 alium
262 4540 468 4625 scriptorem,
497 4559 593 4625 quem
620 4538 680 4603 hoe
703 4548 847 4624 tempore
868 4538 1053 4605 inferiorem
1074 4541 1177 4606 fuisse
1199 4550 1339 4620 constet,
1361 4562 1425 4604 me·

136 4641 283 4705 moravit.
315 4652 429 4706 contra
449 4641 554 4727 ipsius
570 4640 715 4726 Pompeii
738 4662 801 4704 non
822 4643 954 4706 invenio
976 4643 1066 4729 prins
1088 4645 1283 4708 mentionem
1304 4643 1426 4705 factam

136 4762 219 4821 esse,
241 4763 340 4828 qnam
364 4765 384 4806 a
400 4741 525 4806 [uliano
542 4739 717 4823 Toletano,
741 4742 797 4828 qui
812 4744 873 4807 sub
890 4744 987 4808 finem
1003 4747 1131 4831 septimi
1147 4743 1268 4809 saeculi
1283 4743 1425 4829 scripsit,

136 4862 165 4929 p.
180 4843 221 4908 62
243 4849 318 4907 111111
331 4849 498 4925 Pompeius,
516 4851 610 4924 plane
631 4852 709 4908 scire
731 4849 817 4910 debes
838 4853 912 4925 quia
933 4853 986 4924 qui
1006 4854 1139 4927 aliquam
1160 4866 1223 4910 rem
1246 4851 1357 4929 (1111111,
1379 4853 1425 4914 ita
