3346 5498
243 351 303 416 136
811 350 962 413 rumenti

266 463 376 515 pti-tv
390 461 412 501 t,

240 561 275 603 eo
298 543 376 622 quod
400 550 443 601 est
465 525 565 601 ‘torve
588 539 723 610 clamat’,
751 539 952 602 ‘horrendum
976 545 1114 603 resonat'
1137 560 1192 621 pro
1216 560 1251 602 en
1273 541 1353 620 quud
1376 548 1421 602 est
1443 542 1532 602 ‘bor-

240 644 333 704 rcnde
361 644 507 704 resonat'.
546 661 616 703 ecce
644 645 764 704 nomina
794 645 880 722 punis
908 662 962 723 pro
990 643 1146 704 adverbiis.
1184 645 1253 704 item
1281 642 1420 706 adverbia
1447 646 1535 725 ponis

240 765 295 826 pru
311 744 481 806 numinibus
497 765 513 806 e
527 747 687 814 contraria,
711 746 736 806 si
758 745 839 805 dicas
854 764 920 807 cras
942 765 1039 806 mane.
1069 746 1141 806 dicit
1156 745 1301 824 Vergilius
1316 745 1414 807 ‘dum
1431 766 1534 807 mane

241 851 402 908 novum’:
434 850 491 909 iam
520 866 606 909 mane
634 866 692 909 non
716 847 776 908 vuit
798 866 862 908 csse
885 847 1071 917 adverbium,
1102 847 1153 908 scd
1177 867 1300 908 numen:
1337 867 1432 927 genus
1455 851 1534 909 eninr

241 969 300 1012 uun
324 950 432 1011 accidit
454 949 609 1020 adverbio,
634 949 685 1010 sed
703 951 826 1010 uonrini.
858 968 893 1009 ex
910 968 944 1010 eo
960 950 1039 1028 quod
1054 950 1128 1010 dixu
1143 950 1247 1011 ‘mane
1263 956 1389 1011 novum'
1406 951 1562 1012 ostendite

240 1071 352 1131 genus:
385 1055 411 1113 si
437 1052 566 1113 ostendit
598 1070 706 1130 genus,
740 1052 811 1111 iecit
841 1069 958 1112 nomen.
1002 1053 1072 1112 item
1106 1072 1164 1132 quc
1193 1053 1280 1113 modo
1314 1054 1383 1113 dicit
1415 1053 1536 1114 Persius

241 1154 358 1214 ‘aliud
388 1158 503 1215 cras':
542 1153 621 1215 aliud
651 1172 716 1215 cras
743 1155 768 1213 si
791 1152 881 1214 babet
902 1171 1012 1233 genus,
1035 1155 1099 1215 sine
1122 1153 1213 1214 dubio
1236 1174 1343 1216 numen
1367 1164 1421 1216 est.
1464 1157 1535 1216 item

227 1252 331 1336 ¹(niem
354 1256 389 1316 ad
414 1255 532 1317 niodum
556 1256 808 1323 dicit'ierentius

1062 1380 1261 1455 praeterea

393 1479 473 1556 ipso
496 1478 649 1538 meridie
672 1477 804 1539 faciam
832 1484 872 1538 ut
900 1476 1060 1556 stipulas
1089 1476 1261 1556 colligat:
1518 1513 1523 1522 .
1552 1519 1577 1557 ¹0

243 1599 307 1677 ipso
331 1596 466 1663 meridie,
492 1614 587 1674 genus
609 1598 722 1676 posuit,
746 1598 810 1656 sine
833 1594 928 1656 dubio·
947 1613 1055 1656 numen
1079 1604 1133 1656 est.
1169 1598 1239 1676 (inid
1263 1600 1352 1675 ergo?
1376 1597 1461 1678 [ergo
1484 1617 1537 1658 nc·

244 1700 323 1759 mina
347 1697 465 1777 quando
487 1707 557 1759 sunt
579 1698 733 1769 adverbia,
757 1699 814 1759 iam
838 1699 983 1778 incipiunt
1005 1717 1090 1759 casus
1113 1698 1250 1780 baberet
1273 1699 1329 1759 boc
1352 1701 1434 1760 scito.
1466 1719 1538 1779 ergo

236 1801 363 1868 ,nomina
388 1800 506 1878 quando
528 1808 597 1861 sunt
618 1800 771 1871 adverbia,
795 1802 941 1879 incipiunt
963 1819 1050 1862 casus
1073 1819 1131 1860 non
1155 1799 1275 1861 babere.
1321 1821 1378 1881 qua
1406 1803 1539 1862 ratione?

244 1903 322 1980 quia,
347 1904 372 1963 si
391 1904 513 1988 ⁸numina
537 1902 625 1964 modo
649 1922 709 1963 non
730 1922 784 1982 pro
808 1902 978 1963 numinibus
1000 1904 1095 1981 posita
1118 1910 1196 1972 sunt,
1219 1902 1269 1963 sed
1293 1922 1348 1983 pro
1371 1903 1539 1987 adrevlbiis,

244 2004 381 2066 adverbia
405 2012 504 2066 autem
527 2024 612 2066 casus
635 2024 695 2066 nun
718 2005 842 2074 babent,
866 2003 976 2064 debent
992 2005 1079 2065 etiam
1095 2004 1144 2065 iila
1167 2007 1295 2074 nomina,
1320 2024 1395 2084 quae
1411 2005 1539 2084 iungun-
1555 2024 1579 2064 rs
1651 2048 1653 2055 .

243 2107 408 2169 tutricem
431 2107 654 2176 adverbiorum,
679 2124 763 2167 casus
786 2125 844 2166 narr
867 2105 987 2166 babere.
1025 2107 1095 2166 item
1119 2106 1282 2175 videamus,
1308 2117 1445 2168 utrume
1468 2118 1540 2169 con·
1616 2121 1619 2127 '

244 2211 339 2269 trario
363 2187 420 2269 bo‘c
441 2210 538 2288 ipsum
561 2210 655 2289 possit
678 2209 752 2275 fieri,
777 2215 874 2267 utrum
897 2206 1034 2295 adverbia
1058 2209 1169 2286 possint
1191 2226 1245 2287 pro
1269 2209 1436 2270 numinibus
1458 2212 1541 2289 poni.

246 2329 306 2372 non
329 2318 428 2390 potest
449 2311 528 2371 fieri:
552 2313 671 2371 numina
695 2310 773 2370 enirn
797 2328 882 2370 casus
904 2311 1062 2388 recipiunt.
1094 2313 1181 2389 nequi
1200 2310 1252 2370 tibi
1268 2311 1347 2370 dicat
1369 2313 1410 2372 ‘si
1426 2311 1539 2391 aliquo·

245 2415 322 2474 tiens
344 2413 495 2489 fungimur
518 2411 657 2472 adverbio
681 2430 735 2491 pru
759 2413 892 2480 numme,
916 2410 1062 2473 debemus
1081 2414 1167 2472 etiam
1191 2411 1341 2473 declinare
1363 2412 1420 2474 boc
1442 2415 1540 2493 ipsum

246 2514 448 2576 adverbium’.
482 2532 539 2573 non
563 2521 669 2592 potest.
701 2532 767 2573 nam
791 2531 898 2572 numen
922 2512 1040 2592 ‹vuando
1061 2532 1117 2590 pro
1140 2512 1279 2574 adverbio
1302 2516 1435 2593 punitur,
1460 2523 1581 2576 tenetes

246 2636 346 2685 casus;
370 2614 543 2675 adverbium
568 2635 637 2677 vero
661 2615 778 2694 quando
801 2616 909 2675 transit
930 2616 960 2674 in
984 2634 1109 2684 numen,
1136 2634 1320 2695 nequaqnam
1343 2624 1440 2696 potest
1462 2619 1540 2678 acci·

246 2737 318 2798 pere
346 2736 458 2778 casum.
496 2736 533 2777 ne
562 2717 643 2776 dicas
671 2715 759 2785 mibi,
787 2716 861 2776 ‘boc
884 2735 984 2777 mane:
1016 2735 1087 2795 ergo
1116 2719 1141 2777 si
1163 2716 1220 2778 hoc
1243 2738 1329 2779 mane
1353 2737 1461 2779 numen
1485 2728 1541 2789 est,

246 2818 339 2879 debes
362 2811 510 2879 deriinare
534 2819 619 2879 buius
642 2820 738 2878 manis
762 2817 830 2877 bnic
860 2819 965 2878 mrmi'.
1005 2837 1064 2878 nun
1087 2820 1253 2880 invenimus
1276 2822 1420 2881 rationem
1444 2822 1541 2888 istam,

247 2940 306 2982 non
335 2928 432 3000 polest
459 2923 543 2996 sequi
571 2930 603 2980 nt
627 2919 802 2980 declinetur.
840 2928 937 2980 tamen
961 2919 1086 2997 legimus
1109 2921 1185 3000 apud
1208 2921 1346 2983 Plautum
1369 2921 1542 2983 declinatio·

247 3042 315 3085 nem
344 3025 453 3102 ipsam,
484 3026 517 3080 ‘a
547 3023 663 3101 primo
692 3023 816 3082 mani'.
855 3021 933 3081 unde
962 3023 1041 3081 venit
1069 3042 1084 3082 a
1115 3025 1207 3093 mani,
1238 3025 1293 3083 nisi
1323 3025 1361 3084 sit
1383 3023 1582 3087 declinatioes

247 3144 334 3187 mane
356 3127 453 3185 visanis
477 3126 573 3185 mani?
596 3143 697 3191 mane,
721 3123 800 3183 unde
824 3125 903 3183 venit
925 3142 941 3182 a
964 3125 1061 3202 primo
1084 3126 1178 3193 mani,
1209 3126 1279 3185 fecit
1301 3124 1541 3186 declinationem.

246 3226 298 3288 sed
322 3235 420 3287 tamen
439 3245 498 3286 nus
522 3245 580 3286 nnn
604 3224 745 3286 debemus
768 3225 927 3285 declinare.
961 3245 1017 3305 qna
1041 3228 1174 3286 ratione?
1207 3228 1249 3287 vis
1272 3228 1366 3287 scire?
1403 3229 1542 3306 quoniam

247 3330 420 3391 adverbium
444 3330 562 3408 penitus
585 3347 644 3388 noir
667 3335 764 3408 potest
786 3326 943 3396 declinari,
968 3347 1023 3388 nec
1045 3327 1095 3388 ilie
1118 3327 1260 3398 declinat,
1285 3330 1335 3407 qui
1359 3347 1467 3389 unnren
1491 3329 1543 3389 ad·

248 3432 348 3492 sumit.
382 3430 499 3509 quando
523 3430 648 3490 dicimus
670 3432 804 3490 ‘torvum
827 3429 961 3498 ciamat',
987 3438 1101 3491 torvum
1125 3429 1212 3491 modu
1236 3430 1409 3491 adverbium
1432 3440 1490 3500 est,
1515 3441 1546 3492 et

248 3535 378 3613 positum
402 3540 446 3593 est
468 3540 584 3592 torvum
607 3550 662 3610 pro
686 3540 792 3600 torve„
810 3531 951 3610 numquid
975 3531 1044 3591 licet
1060 3532 1131 3591 mibi
1154 3531 1253 3592 dicere
1277 3539 1343 3610 puta
1367 3534 1459 3592 ‘torvi
1483 3532 1540 3594 cia·
1556 3557 1583 3596 :n

249 3632 676 3704 mat’,‘t0rv0c1anrat’,‘a
700 3642 783 3693 turvu
807 3631 948 3693 clamat'i
977 3652 1036 3692 nun
1060 3632 1141 3701 iicet,
1170 3633 1221 3694 sed
1246 3634 1249 3713 i
1274 3633 1356 3694 idum
1380 3653 1470 3695 urium
1493 3655 1544 3695 ca·

248 3757 311 3799 sum
340 3755 426 3797 sumo
453 3735 490 3794 ad
522 3737 755 3813 usurpationem.
792 3736 815 3793 si
845 3752 917 3811 ergo
945 3752 1038 3795 unum
1067 3754 1167 3795 casnm
1196 3754 1295 3805 sumu,
1326 3735 1443 3815 qnando
1467 3736 1543 3797 facio

250 3837 436 3906 adverbium,
461 3844 490 3896 et
513 3853 629 3912 nequeo
652 3834 725 3895 aiios
748 3829 834 3897 ca'sus
856 3837 1027 3905 adsumere,
1052 3837 1095 3896 sic
1118 3838 1207 3897 etiam
1230 3837 1402 3898 adverbium
1425 3838 1543 3918 quando

250 3940 398 4002 transfero
420 3942 451 3998 in
476 3957 597 4007 nomeu,
622 3956 681 3997 nun
706 3937 776 3997 mibi
799 3937 900 3999 licebit
915 3938 1078 4007 declinare,
1102 3939 1154 3999 sed
1178 3937 1235 3999 buc
1256 3940 1353 4018 ipsum
1369 3940 1542 4001 adverbium

249 4062 304 4123 pro
327 4043 447 4103 numine
468 4058 590 4119 ponere.
866 4044 870 4050 '
1558 4065 1584 4104 ss

251 4195 553 4205 m*-

319 4297 415 4346 3dum
435 4292 519 4359 mane]
544 4296 623 4360 Very.
638 4309 727 4359 every.
745 4295 776 4344 vti
796 4294 847 4344 325
916 4298 931 4345 4
951 4296 996 4345 sed
1020 4311 1109 4344 nomen
1127 4311 1172 4345 om.
1192 4297 1225 4356 A,
1243 4297 1303 4350 add.
1324 4314 1340 4346 a
1411 4301 1478 4346 euim
1497 4313 1543 4350 orn.

251 4368 285 4430 A,
305 4368 365 4418 add.
385 4382 401 4414 a
470 4362 619 4431 chrsius]
640 4363 784 4426 san-um
854 4364 1031 4430 8Terentius]
1051 4366 1158 4430 Adelph.
1179 4367 1287 4428 V3,ssl
1363 4367 1546 4418 lenonum

251 4439 360 4503 stipulas
378 4432 465 4486 1300·
484 4434 575 4484 inciam
592 4475 680 4487 .....
695 4435 801 4501 stipulas
815 4434 840 4483 A
894 4436 924 4486 ll
945 4435 1006 4497 quid
1025 4450 1086 4499 ergo
1106 4438 1208 4485 nomina
1227 4437 1328 4499 quando
1348 4446 1407 4486 sunt
1424 4437 1546 4487 aduerbin

252 4510 301 4558 iam
320 4507 446 4573 incipiunt
465 4520 539 4554 rasus
559 4520 607 4553 mm
628 4504 721 4553 babere
739 4521 789 4568 qun
807 4507 903 4555 ratione
921 4504 972 4554 BG
1031 4505 1062 4554 ld
1080 4508 1153 4568 qirasi
1173 4507 1274 4556 nomina
1290 4507 1349 4556 AB
1366 4508 1428 4571 quia
1442 4508 1546 4557 nomina

252 4577 293 4628 Cb
364 4576 396 4628 1ss
415 4576 496 4624 uicem
516 4575 799 4625 AOuoceBuireb
872 4575 901 4626 li
917 4574 976 4640 puni
992 4582 1016 4622 et
1033 4590 1108 4623 casus
1128 4576 1253 4626 babereb
1325 4578 1359 4626 20
1378 4578 1545 4642 poniturnon

196 4657 198 4661 ’
252 4647 363 4697 tenetB
431 4647 465 4695 '24
484 4645 552 4710 apud
573 4642 698 4711 Plautum]
722 4644 834 4698 Mamelt.
859 4646 934 4704 itit,
954 4643 988 4694 80
1008 4645 1133 4707 (767R):
1152 4646 1187 4708 cs,
1207 4646 1445 4708 infrup.358ed.
1465 4647 1544 4700 Lind.

321 4767 355 4817 25
375 4768 423 4815 uisi
442 4768 476 4816 sit
491 4766 530 4816 Ob
557 4766 604 4814 nisi
623 4766 644 4832 si
661 4766 694 4815 sit
712 4765 736 4814 A
756 4765 804 4814 nisi
825 4807 849 4818 ..
870 4766 903 4816 sit
922 4766 947 4815 B
1017 4767 1050 4816 ‘26
1070 4781 1143 4814 ruane
1159 4766 1240 4815 menis
1260 4766 1284 4815 B
1292 4768 1334 4816 Ga
1354 4783 1426 4817 nranc
1446 4745 1545 4819 mnnivvas

253 4835 277 4884 A
348 4851 363 4885 a
380 4839 463 4901 primu
483 4836 551 4886 mani
567 4833 658 4885 nea*
677 4852 690 4885 u
706 4836 788 4901 primo
807 4850 881 4885 mane
898 4836 922 4885 A
975 4837 1008 4885 27
1027 4837 1177 4886 adverbium
1193 4851 1239 4887 orn.
1254 4836 1338 4887 ABG
