3346 5498
124 359 185 425 168
691 357 844 423 POMPEll

148 484 169 525 p.
184 472 274 512 tsi-st
288 469 310 510 L.

123 551 233 613 militer
254 552 284 609 in
308 547 480 618 masculino,
505 557 537 609 ut
560 556 605 609 est
626 545 709 617 illud,
734 565 850 608 manes:
874 546 904 607 hi
926 565 1039 617 manes,
1064 548 1170 609 horum
1186 548 1256 628 quid
1273 548 1415 611 iacimus?

122 655 267 721 manium,
292 651 336 710 his
359 648 505 711 manibus.
537 649 632 719 vides,
656 669 743 728 quem
767 648 802 709 ad
826 649 945 709 modum
969 652 1114 720 nascitur,
1138 660 1171 712 ut
1192 651 1223 710 hi
1245 631 1360 722 faciles,
1384 652 1415 712 hi

123 774 240 816 manes:
271 772 359 834 quem
387 751 423 812 ad
452 751 570 812 modum
599 751 702 812 faciles
730 751 876 822 declinas,
905 754 947 812 sic
975 754 1063 813 etiam
1091 771 1202 814 inanes.
1247 756 1317 815 item
1346 755 1416 816 iacit

122 858 228 918 horum
256 855 401 923 facilium3
432 873 503 932 ergo
532 872 590 934 qun
616 851 619 934 l
644 852 732 914 modo
760 854 791 913 hi
817 855 919 916 faciles
947 853 1053 914 horum
1081 843 1225 922 sacillum,
1256 858 1299 916 sic
1327 858 1414 917 etiam

122 978 225 1020 manes
253 959 383 1018 manium
413 955 559 1017 manibus.
605 958 634 1016 iu
664 964 769 1017 neutro
797 974 856 1017 nou
892 956 985 1018 habes
1021 955 1099 1036 quod
1127 959 1271 1038 sequaris.
1317 961 1442 1020 omnia⁵

124 1063 202 1122 enim
230 1061 350 1120 nomina
373 1076 448 1136 quae
477 1060 592 1119 numeri
621 1065 690 1119 sunt
710 1058 832 1139 pluralis
855 1059 947 1119 varias
970 1057 1081 1119 hahent
1102 1059 1234 1138 regulas,
1258 1059 1416 1138 aliquando

122 1166 151 1224 in
176 1183 207 1232 a,
232 1161 390 1241 aliquando
414 1163 444 1221 in
467 1162 507 1222 ia:
535 1169 605 1242 puta
634 1168 729 1222 castra
753 1167 917 1221 castrorum
942 1162 1027 1230 lacit,
1057 1163 1174 1222 moenia
1198 1165 1363 1231 moenium;
1389 1172 1418 1224 et

122 1264 195 1327 illud
218 1266 249 1325 iu
272 1283 287 1324 a
312 1273 341 1324 et
362 1263 419 1323 hoc
441 1264 471 1323 in
493 1264 531 1332 ia,
555 1262 607 1323 sed
629 1261 700 1323 illud
725 1263 753 1322 in
776 1263 837 1322 ium
861 1262 940 1331 lacit,
964 1261 1036 1323 illud
1059 1265 1088 1324 in
1112 1283 1179 1325 rum
1205 1263 1286 1344 [uam
1303 1273 1416 1325 castro·

123 1386 189 1428 rum
212 1361 306 1448 lacit].
352 1385 409 1446 quo
432 1365 520 1425 modo
543 1366 685 1425 sumimus
707 1364 857 1444 regulam?
880 1366 918 1427 ita
942 1373 988 1436 ut,
1012 1367 1037 1426 si
1060 1385 1076 1426 a
1098 1365 1192 1426 solum
1215 1365 1363 1436 hahuerit,
1386 1369 1417 1428 iu

122 1472 182 1530 ium
207 1471 316 1536 mittam
341 1469 366 1528 si
389 1486 404 1528 a
427 1467 585 1528 cohaereat
607 1464 845 1536 consonantibus,
868 1469 898 1526 in
921 1484 987 1527 rum
1010 1470 1115 1537 mittat,
1145 1477 1214 1550 puta
1230 1464 1307 1529 tecta
1325 1477 1416 1530 tecto·
1431 1495 1456 1534 ro

124 1590 189 1632 rum
213 1572 307 1632 tectis.
352 1571 378 1630 si
406 1579 504 1630 autem
532 1570 631 1630 omnia
659 1570 777 1630 uomina
808 1576 928 1638 neutra,
959 1589 1034 1649 quae
1063 1572 1093 1630 in
1122 1578 1283 1645 aereunt,
1308 1573 1418 1633 variam

124 1672 235 1734 habent
257 1671 390 1751 regulam
415 1680 444 1732 ct
466 1670 624 1748 aliquando
639 1680 758 1733 serrant
778 1670 858 1732 illam
883 1670 919 1732 ad
943 1673 1154 1734 nominativum
1179 1675 1294 1734 numeri
1317 1677 1418 1752 singu·

125 1774 208 1845 laris,
233 1773 390 1855 aliqnando
412 1773 578 1834 discedunt.
624 1792 691 1834 uam
716 1792 784 1833 eece
808 1792 933 1836 nurnero
960 1773 1102 1862 singulari
1125 1775 1195 1835 lacit
1217 1775 1274 1836 hoc
1297 1783 1417 1846 tectum,

124 1878 197 1939 haec
220 1884 295 1938 tecta
319 1876 424 1937 borum
448 1886 604 1937 tectorum.
651 1877 818 1955 quaeritur,
848 1878 872 1935 si
900 1884 1067 1937 castrorum
1090 1876 1196 1937 debeat
1218 1878 1327 1939 lacere.
1371 1897 1418 1939 re·

125 1979 248 2040 ileamus
270 1978 305 2039 ad
330 1997 486 2039 nnmerum
509 1976 698 2056 singularem.
730 1977 801 2057 quid
826 1986 884 2048 est,
908 1978 1025 2058 quando
1049 1979 1174 2040 iacimus
1197 1982 1312 2048 moenia
1336 1999 1456 2043 moe-15

125 2082 223 2142 nium?
246 2082 322 2141 sicut
344 2080 487 2142 dehemus
510 2079 610 2140 dicere
633 2079 753 2159 agilium
776 2079 909 2159 agilibus.
940 2080 992 2141 sed
1017 2089 1115 2142 tamen
1137 2083 1193 2142 ista
1215 2082 1326 2161 regula,
1343 2101 1418 2162 quae

124 2185 155 2244 in
185 2184 213 2243 ia
241 2184 315 2253 exit,
345 2181 459 2243 recedit
485 2201 501 2243 a
529 2182 629 2260 regula
655 2181 832 2259 aliquotiens
862 2191 891 2242 et
919 2186 979 2243 exit
1012 2185 1042 2244 in
1066 2203 1141 2244 rum.
1187 2184 1255 2244 inde
1280 2192 1325 2246 est
1346 2185 1417 2246 illud

125 2285 202 2367 quod
226 2285 352 2364 legimns
375 2286 506 2364 saepius,
531 2285 660 2346 ‘Curio
689 2282 825 2344 ibidem
854 2293 1018 2346 moratus
1051 2287 1207 2364 regione
1236 2286 1418 2349 Vulcana-

126 2389 293 2450 liorum'.
331 2406 399 2448 eece
422 2388 451 2447 in
474 2388 501 2448 ia
525 2389 584 2446 exit
607 2393 635 2446 et
657 2386 771 2446 recedit
792 2388 822 2448 in
846 2389 903 2457 isto
925 2406 996 2448 casu
1019 2395 1130 2448 tautum
1154 2387 1251 2458 modo,
1275 2389 1307 2449 in
1329 2407 1419 2467 geue·

128 2493 194 2567 „tiro
215 2488 337 2570 plurali;
363 2496 493 2550 ceterum
517 2491 547 2549 in
570 2488 635 2549 aliis
658 2473 774 2549 casibus
796 2488 933 2550 similiter
956 2489 1121 2551 declinatur
1143 2490 1306 2553 secundum
1330 2509 1418 2570 regu·
1433 2515 1458 2556 eo

126 2593 195 2654 lam.
240 2601 269 2652 et
290 2591 430 2652 Horatius
453 2590 525 2651 dixit
827 2590 830 2596 '

278 2692 506 2754 anciliorum
530 2700 565 2753 et
588 2694 750 2754 nominis
773 2701 806 2753 et
829 2701 936 2773 togae

279 2795 428 2857 ohlitus.

125 2897 242 2958 recedis
269 2904 382 2957 mnium
410 2898 438 2956 in
469 2915 592 2957 numero
620 2897 726 2976 plurali
758 2896 803 2978 [id
833 2906 876 2958 est
904 2898 1014 2976 redigis
1042 2898 1077 2959 ad
1106 2898 1327 2961 similitudinem
1356 2903 1421 2963 eius

126 3001 253 3061 nominis
276 2998 353 3075 quod
376 3017 393 3059 a
414 2998 557 3077 singulari
580 2997 683 3080 venit].
1433 3027 1459 3067 25

210 3103 366 3162 Praeterea
402 3109 471 3161 sunt
504 3104 621 3162 nomina
658 3091 860 3170 enuntiatione
893 3101 1068 3182 singularia,
1108 3103 1260 3166 intellectu
1296 3104 1421 3186 pluralia

127 3205 259 3286 [quando
288 3203 412 3264 dicimus
440 3221 528 3281 gens,
560 3206 762 3265 enuntiatione
790 3204 939 3283 singulare
963 3216 1021 3274 cst,
1044 3205 1197 3267 intellectu
1220 3205 1365 3289 plurale],
1390 3218 1422 3269 ut

126 3307 252 3388 populus
280 3307 379 3367 contio
409 3305 580 3366 multitudo:
611 3307 683 3367 haec
712 3309 830 3369 nomina
860 3309 1064 3368 enuntiatione
1087 3308 1245 3387 singularia
1268 3318 1351 3379 sunt,
1376 3312 1421 3370 in·

127 3409 245 3471 tellectu
274 3407 408 3487 pluralia.
453 3427 468 3467 e
497 3411 648 3470 contrario
678 3410 877 3470 enuntiatione
906 3406 1044 3488 pluralia,
1074 3410 1226 3472 intellectu
1250 3410 1421 3489 singularia,

126 3519 158 3571 ut
180 3511 310 3572 Athenae
334 3511 472 3590 llycenae
495 3510 615 3572 Thebae
638 3511 769 3572 Puteoli:
793 3513 847 3570 ista
871 3512 968 3571 onnria
993 3514 1195 3574 enuntiatione
1218 3513 1352 3593 pluralia]
1376 3517 1420 3574 in·
1435 3536 1461 3577 ‘ao

128 3611 246 3674 tellectu
270 3610 431 3689 singularia
454 3621 531 3681 sunt.
570 3621 703 3675 ceterum
726 3632 830 3673 omnes
852 3613 985 3674 civitates
1008 3621 1085 3674 sunt.
1113 3613 1115 3692 l

196 3816 291 3881 bquiil
307 3817 423 3880 sequeris
442 3817 466 3865 A
477 3817 528 3867 BC
609 3818 819 3870 deciment*
907 3819 1004 3884 iputa
1025 3826 1108 3867 castro
1127 3845 1159 3854 —
1179 3819 1228 3869 hoc
1246 3822 1272 3869 in
1291 3823 1316 3870 ia
1329 3837 1377 3871 om.
1393 3824 1424 3884 C,

126 3886 219 3940 addc
288 3887 305 3936 8
327 3902 383 3936 nam
403 3896 541 3936 castrorum
562 3886 620 3937 iacit
638 3901 683 3936 om.
705 3888 725 3937 C
795 3887 827 3938 ln
844 3889 1043 3938 consonantibus
1066 3896 1145 3938 mutat
1165 3889 1247 3940 ΑΒΘ
1318 3893 1348 3942 11
1367 3893 1423 3954 for-

127 3966 197 4007 tasse
216 3956 262 4006 sed
280 3965 365 4005 tamen
385 3959 469 4005 omnia
487 3959 607 4019 nomina3
624 3959 673 4007 nisi
685 3962 773 4019 potins
789 3959 911 4023 qicuedom
930 3959 1080 4008 exciderunt
1095 3969 1156 4021 post
1172 3961 1193 4009 si
1214 3969 1308 4010 autem.
1328 3979 1384 4011 nom
1397 3966 1423 4012 in

128 4029 231 4092 reliquis
248 4029 321 4078 etium
333 4028 410 4089 pluro
422 4027 576 4089 perturbata
589 4035 660 4091 sunt,
675 4028 798 4085 uberiore,
817 4037 844 4077 ut
859 4030 966 4086 uidetur,
983 4030 1151 4093 disputatione
1163 4032 1187 4079 in
1199 4033 1366 4095 compendium
1382 4050 1423 4083 re-

128 4099 204 4149 dacto
277 4098 308 4147 12
328 4094 521 4163 nominativum]
545 4097 646 4146 nomina
665 4097 751 4148 Aac
822 4099 853 4148 ll
873 4096 966 4164 tiemo]
994 4098 1112 4149 dicereC
1196 4099 1228 4150 18
1248 4101 1299 4167 legi
1318 4105 1422 4167 saepius

127 4167 152 4217 Α
162 4185 171 4216 .·
190 4167 225 4228 ef.
241 4166 306 4218 Non.
325 4183 352 4230 p.
368 4167 428 4226 489,
442 4167 474 4217 en
489 4166 623 4216 Sallustius
639 4166 798 4216 historiarum
820 4169 882 4216 libro
905 4170 949 4218 llll
962 4168 1036 4217 Curio
1050 4169 1256 4219 Vulcanoliornm
1273 4173 1314 4223 die
1328 4173 1422 4222 ibidem

128 4249 250 4299 moratus,
271 4239 381 4301 Pompei.
401 4254 430 4302 p.
451 4238 500 4286 ‘227
521 4237 561 4287 ed.
584 4237 659 4286 Lind.
694 4246 775 4286 tamen
802 4237 937 4288 Sallustius
961 4239 1026 4287 dixit
1050 4240 1190 4305 ‘religione
1214 4242 1422 4292 Vulcanaliorum

127 4307 289 4373 impeditns’.
317 4308 365 4356 dno
386 4309 501 4369 exempta
520 4323 554 4356 ex
578 4307 661 4358 eodem
677 4306 793 4358 Saliustii
814 4310 867 4358 loco
890 4311 970 4370 petitu
993 4310 1049 4358 oiim
1074 4310 1205 4373 adscripto
1224 4327 1280 4362 esse
1298 4313 1422 4374 uidentur,

128 4394 192 4445 puae
214 4379 254 4428 nel
271 4381 350 4441 ipsius
367 4378 524 4442 grammatici
541 4379 695 4442 neglegentia
714 4381 753 4429 nel
770 4378 929 4428 librariorum
952 4393 1042 4429 errore
1059 4379 1165 4441 confusa
1182 4391 1248 4444 sunt,
1265 4381 1339 4431 Curio
1359 4384 1422 4432 Vul-

128 4449 283 4498 canaliorum
307 4449 349 4497 die
368 4448 462 4496 ibidem
483 4459 593 4497 moratus
613 4457 637 4497 et
656 4449 781 4514 religione
804 4449 1009 4497 Vulornalierum
1032 4450 1169 4514 impeditus
1241 4452 1345 4517 regione
1364 4455 1422 4502 nul-

128 4519 281 4569 cnnaliorum
298 4514 360 4569 Bo*
379 4518 465 4582 regior'r
485 4516 683 4568 uulcnnoliorum
701 4521 721 4570 0
738 4520 843 4585 regione
864 4517 1046 4569 ulcanalinrum
1067 4520 1091 4568 Α
1141 4520 1322 4587 21Horrrtirts]
1343 4538 1420 4573 curm.

129 4589 202 4652 1115,
223 4587 256 4640 lt)
325 4589 359 4639 25
374 4588 441 4637 veuit
460 4603 506 4638 om.
521 4589 552 4647 Α,
568 4590 630 4640 add.
648 4606 664 4638 a
735 4589 769 4640 26
784 4600 914 4653 praeterea
933 4597 991 4638 sunt
1011 4592 1112 4638 nomino
1127 4589 1212 4652 aliqua
1231 4593 1331 4641 nomiun
1348 4594 1422 4643 intel-

133 4659 251 4710 lectualia
269 4659 296 4709 id
315 4667 353 4707 est
378 4673 440 4708 sono
465 4659 514 4708 alie
539 4668 597 4709 sunt
616 4674 718 4709 numero
742 4660 791 4708 alia
812 4667 870 4708 sirnt
890 4659 990 4707 numina
1010 4659 1179 4710 enuntiatione
1195 4661 1219 4709 Α
1308 4663 1423 4727 singulu-

130 4730 169 4780 ria
187 4729 316 4780 intellectu
335 4728 444 4794 pluralia
460 4727 554 4792 A(?)B
571 4730 695 4795 singulari
715 4730 841 4780 intellectu
862 4728 953 4793 plurali
971 4731 1013 4780 Co
1084 4729 1117 4778 27
1135 4730 1276 4797 singulare]
1297 4732 1423 4798 singulari

131 4798 214 4852 ABG
283 4797 392 4868 plurale]
415 4799 506 4864 plurali
527 4800 611 4848 ABG
679 4798 713 4850 30
733 4800 904 4848 enuntiatione
928 4799 1035 4864 plnrnlia
1060 4798 1185 4849 intellectu
1205 4801 1345 4868 singularia
1364 4811 1421 4852 sunt

129 4868 177 4920 n*=
196 4871 322 4921 intellectu
348 4870 490 4936 singularia
514 4885 558 4920 orn.
579 4869 658 4921 ABG
726 4869 757 4922 31
781 4870 897 4920 ciuitates
916 4878 974 4918 snnt
990 4872 1034 4931 (os
1056 4885 1166 4922 nuusnts
1184 4872 1245 4923 odd.
1267 4871 1303 4936 B)
1323 4873 1423 4925 decidit
