3346 5498
754 338 825 401 ARS
1393 335 1433 400 77

1242 445 1409 498 presumo.

299 535 332 590 te
354 545 482 608 penes,
505 529 541 587 in
564 534 599 586 te
621 527 739 587 omnis
761 525 888 586 domus
910 523 1090 585 inclinata
1112 509 1306 586 recumbit.
1331 560 1369 570 -

157 632 198 693 Ex
219 630 275 692 bis
296 630 337 691 ad
360 639 396 691 et
417 629 511 710 apud
533 648 609 690 cunr
634 631 745 689 unius
768 646 871 689 casus
893 635 992 688 sunt:
1017 626 1095 706 apud
1118 628 1278 687 tantumln
1294 626 1359 689 loco
1375 629 1552 707 sig-390,13

156 734 260 802 nificat,
283 741 315 793 ut
336 732 430 811 ‘apud
452 733 578 793 amicum
593 736 695 801 sum’,
718 750 774 791 nec
789 748 945 810 possumus
960 729 1060 790 dicere
1083 729 1176 809 ‘apud
1192 731 1318 791 amicum
1334 729 1434 793 vado'.

156 834 187 896 ad
208 853 279 896 vero
300 837 382 895 etin
411 833 476 894 loco
504 841 533 894 et
560 833 597 893 ad
624 832 720 894 locum
748 832 905 910 significat:
934 849 1002 890 nam
1025 830 1150 891 dicimus
1172 839 1201 891 et
1229 831 1283 891 ‘ad
1306 833 1433 892 amicum

135 940 232 996 vsum’
256 944 286 997 et
306 936 361 995 ‘ad
384 937 511 996 anticum
535 935 635 1005 vado',
656 937 660 1012 Ι
680 936 758 996 sicut
781 935 869 994 etiam
892 932 1005 993 Tullius
1027 935 1127 1013 posuit
1147 935 1178 994 iu
1201 934 1295 1012 prima
1317 935 1450 994 actione.

153 1038 283 1099 ‘decem
307 1039 419 1099 liscos
441 1037 482 1098 ad
505 1044 716 1098 senatorem
739 1035 842 1097 illum
865 1035 1051 1105 relictos’,
1074 1036 1435 1114 itemipseininvectivis

153 1139 205 1200 ‘ad
233 1140 271 1201 11.
295 1139 421 1201 Lecam
446 1148 480 1199 te
503 1138 672 1200 habitare
694 1137 789 1199 velle
811 1137 965 1202 elisisti&
1004 1136 1074 1218 [‘ad
1096 1138 1222 1197 amicum
1246 1141 1305 1196 est'
1327 1136 1435 1198 dicitur

153 1249 179 1301 et
198 1240 252 1302 ‘ad
276 1244 403 1302 amicum
425 1238 541 1320 vado'].
563 1275 605 1286 —
627 1240 717 1311 Quia
744 1241 825 1300 sine
853 1239 988 1318 aliqua:
1018 1241 1085 1319 quia
1108 1240 1232 1299 dicimus
1259 1243 1369 1318 ‘usque
1398 1239 1433 1300 ad
1449 1251 1479 1299 to
1514 1227 1518 1236 ’

152 1344 274 1404 amicum
308 1343 411 1404 vado'.
449 1361 542 1422 usque
574 1352 603 1403 et
630 1341 666 1401 ad
695 1341 770 1402 dnae
797 1350 865 1402 sunt
891 1343 1133 1421 praepositiones.
1157 1374 1199 1386 -
1221 1341 1268 1401 llo
1295 1359 1336 1401 ex
1358 1359 1388 1401 e:
1418 1354 1479 1403 e18

123 1446 225 1514 vvloro,
250 1464 287 1506 ex
308 1442 414 1507 amico.
452 1443 610 1524 aliquando
632 1445 711 1505 enim
733 1462 899 1505 consonans
921 1446 1067 1523 sequitur,
1091 1463 1126 1504 on
1149 1451 1296 1522 praetura.
1332 1451 1435 1504 notan·

151 1548 216 1609 dum
249 1566 322 1609 sane
356 1547 433 1626 quod
467 1566 503 1608 en
535 1548 713 1627 praepositio
747 1554 776 1606 et
808 1554 895 1625 auget
922 1547 1088 1607 etminuit.
1111 1546 1295 1605 —Tenus
1327 1545 1478 1625 pubem

150 1658 269 1730 propter
296 1648 407 1710 bonum
435 1667 556 1718 sonum,
590 1657 713 1728 propter
739 1649 864 1727 gratiam
891 1649 986 1718 vocis,
1015 1649 1085 1709 lacit
1111 1645 1203 1727 pube·
1213 1654 1308 1707 tenus.
1351 1654 1436 1708 tenus

151 1751 318 1813 adverbium
342 1759 401 1821 est,
424 1752 492 1831 quia
514 1749 701 1831 pubetenus
724 1750 843 1815 dicitur.
880 1754 967 1812 teitus
994 1760 1024 1811 et
1049 1749 1237 1828 subiungitur
1265 1756 1295 1809 et
1315 1755 1435 1828 antepo-

152 1855 242 1914 nitur:
266 1862 296 1913 et
320 1861 405 1914 tenus
427 1854 505 1934 pube
528 1854 653 1914 dicimus
676 1862 705 1912 et
727 1852 806 1931 pube
829 1860 923 1913 tenvis.
963 1860 1095 1914 ceterum
1119 1850 1196 1930 pube
1219 1858 1305 1911 tenus
1319 1850 1437 1930 quando

121 1954 287 2024 edicimus,
312 1954 509 2034 hysterologia
544 1962 598 2015 est.
624 1950 629 2037 Ι
658 1989 700 1998 -
728 1953 899 2025 Quarum:
935 1963 995 2015 tres
1022 1954 1256 2034 praepositiones
1282 1954 1434 2031 utriusque
1445 1965 1480 2012 et

114 2107 120 2133 ,
150 2076 244 2127 casus,
267 2059 298 2116 in
321 2055 377 2117 sub
400 2062 430 2116 et
450 2055 567 2125 subter,
591 2055 709 2134 quando
731 2056 882 2117 itinerales
903 2058 1028 2123 luerint,
1052 2055 1217 2115 accusativo
1240 2071 1358 2133 semper
1372 2072 1435 2113 ser·

149 2160 241 2227 viunt;
264 2157 383 2237 quando
406 2156 529 2226 locales,
553 2156 680 2218 ablativo
702 2160 732 2218 in
756 2157 894 2219 omnibus
917 2155 1108 2237 temporibus.
1144 2174 1235 2236 super
1250 2174 1319 2216 vero
1334 2154 1372 2214 ab
1388 2154 1436 2215 lris

150 2259 233 2320 distat
248 2261 516 2338 percontrarium:
532 2260 649 2338 quaudo
672 2259 816 2320 itineralis
832 2261 930 2328 luerit,
953 2257 1079 2319 ablativo
1094 2260 1198 2327 servit,
1221 2265 1254 2319 ut
1275 2263 1329 2318 ‘eo
1345 2276 1436 2336 super
1465 2331 1471 2348 ι

150 2361 274 2441 platea’;
304 2361 422 2440 quando
445 2361 555 2429 localis,
580 2363 756 2430 accusativo,
781 2370 813 2421 ut
834 2363 962 2441 ‘super
984 2359 1169 2422 ldallum'.
1190 2396 1233 2404 —
1255 2359 1355 2420 Tunc
1377 2377 1435 2419 ac·

119 2465 308 2524 ”cusativi
331 2481 452 2524 casus:
476 2474 561 2534 tuno,
586 2463 704 2543 quando
727 2472 771 2524 est
792 2465 915 2523 mutatio
937 2462 1087 2533 locorum,
1116 2463 1313 2524 accusativum
1334 2479 1435 2522 casum

151 2574 270 2644 reguum
293 2566 413 2645 quando
428 2568 457 2626 in
474 2565 539 2626 loco
555 2566 739 2645 permansio,
764 2583 887 2626 necesso
903 2573 948 2625 est
963 2574 996 2626 ut
1010 2564 1167 2626 ablativum
1184 2570 1297 2642 regant.
1320 2571 1434 2624 utrum·

150 2686 204 2746 que
225 2686 384 2748 possumus
405 2667 518 2738 dicere,
548 2674 577 2726 et
599 2668 690 2728 ‘cado
712 2668 743 2726 in
766 2667 910 2748 plateam’
937 2685 991 2746 per
1012 2668 1212 2728 accusativum
1241 2673 1271 2726 et
1292 2665 1384 2726 ‘cado
1406 2667 1436 2725 lu

151 2768 260 2848 platea’
295 2788 349 2849 per
382 2768 549 2830 ablativum.
593 2769 644 2829 sed
673 2777 745 2830 tune
772 2769 898 2830 dicimus
925 2786 980 2847 per
1007 2770 1219 2837 accusativum,
1254 2768 1372 2847 quando
1400 2766 1437 2826 de

152 2878 225 2930 tecto
248 2889 303 2930 nos
325 2870 407 2931 verbi
429 2889 515 2931 eausa
531 2872 561 2932 in
578 2871 703 2950 plateam
720 2870 862 2931 cecidisse
877 2871 1091 2948 significamns;
1114 2882 1185 2932 tunc
1201 2889 1253 2950 per
1269 2869 1435 2937 ablativum,

121 2972 268 3052 'rimando
291 2972 332 3033 ibi
351 2971 356 3054 l
376 2980 488 3033 stantes
510 2971 651 3034 cadimus.
690 2990 761 3050 ergo
783 2973 904 3033 mutatio
927 2971 984 3032 loci
1007 2973 1077 3035 lacit
1098 2975 1293 3035 accusativum
1316 2972 1361 3032 vel
1384 2970 1437 3031 ab·

151 3074 278 3135 latirum.
300 3073 486 3153 ——Super
508 3092 612 3134 vero:
635 3092 759 3135 necesse
781 3083 826 3135 cst
848 3075 926 3134 enim
948 3082 982 3135 ut
1004 3076 1030 3133 oi
1054 3076 1135 3135 casui
1157 3076 1297 3152 iungatur
1314 3071 1327 3155 ll
1351 3090 1436 3151 prae·
1449 3090 1535 3149 391‚t

152 3178 270 3255 positio,
298 3176 347 3236 eui
375 3177 454 3237 casui
481 3175 530 3235 illa
557 3177 705 3254 iungitur,
733 3194 788 3254 pro
817 3194 874 3255 qua
902 3177 1032 3254 ponitur.
1077 3178 1216 3254 quonlam
1246 3175 1283 3235 de
1311 3174 1436 3235 ablativo

152 3280 230 3338 casui
250 3280 398 3355 iungitur,
426 3294 531 3356 super,
561 3277 680 3354 quando
703 3296 758 3357 pro
780 3276 817 3337 de
839 3279 973 3357 ponitur,
997 3277 1123 3339 ablativo
1146 3278 1234 3339 debet
1255 3279 1371 3337 sociari.
1395 3311 1438 3322 —
1495 3331 1503 3350 ,

153 3380 269 3459 Super
292 3397 392 3439 vero:
415 3397 505 3458 super
520 3379 664 3456 significat
679 3386 709 3439 et
731 3378 915 3446 adverbium,
939 3388 972 3439 ut
988 3378 1134 3457 Vergilius
1156 3381 1209 3437 ‘et
1230 3397 1341 3458 super
1363 3380 1437 3457 ipsi

122 3490 143 3528 ³⁰
155 3480 385 3542 dardanidae
407 3481 565 3539 inlensi'
587 3500 642 3559 pro
665 3483 797 3561 insuper.
830 3483 919 3558 igitur
935 3482 1002 3560 quia
1019 3479 1139 3557 longum
1156 3488 1201 3539 est
1215 3487 1329 3541 ceteras
1351 3499 1436 3560 prae·

154 3585 311 3662 positiones
332 3583 487 3663 persequi,
511 3581 639 3642 breviter
662 3581 718 3642 lroo
741 3581 963 3643 custodiendum
987 3590 1045 3650 est,
1069 3590 1115 3651 ut,
1145 3581 1263 3660 quando
1285 3583 1437 3662 praeposi·

155 3687 247 3745 tiones
267 3685 303 3744 ad
327 3702 426 3744 casum
450 3685 571 3744 minime
593 3683 774 3762 respondere
796 3683 972 3753 viderimus,
996 3683 1136 3745 adverbia
1159 3683 1352 3763 appellentur.
1385 3702 1437 3743 no-

156 3788 270 3848 tandum
293 3805 378 3854 sane,
401 3784 519 3864 (putando
541 3787 672 3848 incertae
695 3788 806 3848 luerint
826 3787 1069 3865 praepositiones,
1093 3784 1149 3845 lroc
1171 3795 1217 3845 est
1239 3804 1294 3846 nec
1316 3787 1436 3846 itinera·

220 4008 282 4057 Cod.
303 4007 382 4056 Bere.
403 4007 462 4056 11111
479 4005 508 4055 b'
515 4005 578 4058 -8,
652 4008 664 4056 1
681 4015 704 4054 te
721 4004 810 4072 penes]
831 4016 902 4057 tenes
956 4009 972 4056 2
989 4017 1049 4074 npnt
1069 4024 1125 4057 cum
1144 4009 1234 4057 uniam
1253 4008 1334 4071 (corr.
1347 4005 1437 4071 unius)

155 4092 227 4125 casos
245 4085 302 4124 sunt
323 4088 383 4141 aput
452 4076 555 4142 dapud
574 4076 681 4124 amicum
701 4091 774 4124 sunm
828 4086 889 4143 nput
907 4079 1015 4128 amicum
1086 4083 1142 4128 let
1161 4081 1185 4126 in
1206 4075 1271 4143 loco]
1293 4080 1317 4126 iu
1335 4094 1365 4125 eo
1383 4077 1438 4125 loco

219 4143 320 4210 lnam]
343 4161 390 4195 nen
443 4144 545 4212 bsum]
568 4160 641 4194 svium
658 4161 727 4196 corr.
748 4161 803 4195 sum
859 4144 952 4213 prima]
974 4164 1024 4198 una
1094 4148 1192 4199 dillos
1262 4147 1366 4196 ileean

154 4214 243 4265 dicitnr
269 4226 292 4264 et
313 4231 369 4279 unq.
388 4217 463 4266 etad
487 4218 596 4264 amicum
619 4216 685 4264 undo
708 4230 789 4279 usque
812 4215 877 4266 duae
901 4227 959 4266 sunt
984 4220 1185 4284 praepositiones
1204 4218 1260 4280 quin
1279 4219 1334 4265 sine
1353 4218 1438 4279 eliqua

154 4287 213 4348 qnia
236 4285 344 4333 dicimus
363 4301 443 4349 usqne
462 4287 494 4334 nd
511 4287 619 4335 nmirum
637 4288 704 4335 uado
723 4301 753 4334 us
771 4296 796 4335 et
811 4288 844 4334 nd
862 4287 927 4336 (lune
1009 4289 1026 4336 ll
1045 4289 1076 4335 de
1094 4300 1118 4337 et
1136 4305 1150 4336 e
1168 4287 1221 4337 lero
1236 4303 1267 4335 ex
1287 4288 1369 4335 amico

156 4354 187 4402 10
209 4356 361 4404 nextandnm
384 4372 451 4408 corr.
473 4357 609 4405 notandum
683 4357 714 4405 15
732 4356 886 4422 ysterologla
958 4357 990 4408 lo
1015 4368 1102 4421 supter
1126 4372 1192 4419 orreo
1215 4358 1294 4417 (corr.
1318 4358 1353 4404 nl.
1372 4371 1436 4403 rnna.

154 4425 409 4487 quandoJitinerales
463 4427 496 4476 at
516 4441 635 4476 decresse
648 4422 716 4476 corr'.
738 4442 840 4475 necesse
894 4428 925 4476 27
942 4426 1066 4492 iungitur]
1086 4443 1151 4475 nuno
1168 4427 1245 4493 igitur
1299 4426 1438 4475 'llldebeat

223 4494 256 4542 211
275 4496 323 4559 ipsi
338 4511 406 4548 corr,
426 4496 480 4560 ipse
550 4495 580 4545 :tt
602 4499 720 4562 prosequi
791 4496 824 4544 32
842 4498 1002 4562 appellentur
1018 4513 1085 4546 corr.
1101 4507 1186 4546 -entur

226 4684 237 4732 1
259 4692 283 4731 te
301 4682 389 4748 penes]
413 4686 490 4749 Verp.
508 4686 573 4736 Aen.
591 4685 636 4734 llll
657 4685 691 4733 bil
778 4686 836 4734 bin
857 4687 939 4749 prima
958 4683 1067 4750 actione]
1086 4689 1110 4735 in
1134 4688 1210 4735 l'err.
1230 4692 1280 4735 oct.
1299 4698 1339 4744 pr.
1359 4682 1385 4740 8,
1404 4684 1436 4730 22

223 4752 281 4801 otu
301 4752 442 4818 invectivis]
460 4756 571 4806 irrCotil.
593 4756 645 4811 1-8,
669 4756 700 4805 19
756 4755 786 4804 19
807 4771 884 4819 supet·
902 4753 1021 4821 ldalium]
1042 4759 1120 4821 Vevy,
1140 4757 1205 4807 Aen.
1228 4753 1303 4802 rost
1361 4752 1396 4802 29
1414 4763 1439 4800 et

154 4819 242 4886 super]
268 4823 347 4885 r'erp.
363 4824 424 4874 Aen.
444 4826 463 4874 ll
483 4825 514 4874 11
