3346 5498
485 404 683 467 EXCERPTA
706 401 908 464 boniensis
932 398 1023 461 1—3

733 638 777 724 II

501 809 750 883 EXCERPTA
775 808 839 881 DE
864 807 1004 923 LIBRO

315 976 1188 1077 bltltuttttttleutstt

112 1153 182 1226 DE
209 1150 493 1226 VERBORVM
522 1147 716 1224 GRAECI
739 1148 808 1222 nt*
827 1148 1005 1222 LATINI
1031 1142 1399 1219 DIFFERENTIIS

503 1286 607 1361 VEL
635 1282 1011 1360 SOOIETATIBVS

684 1492 834 1499 -——-—

322 1643 560 1705 runenestvs
583 1642 787 1705 SYMMACHO
810 1641 881 1702 SVO
904 1640 1077 1703 subvenit
1100 1639 1200 1701 metr
1233 1627 1245 1647 ⁶

198 1800 270 1858 llum
299 1799 343 1858 rel
371 1807 475 1858 natura
504 1798 549 1857 vei
572 1815 644 1857 usus
665 1796 803 1876 loquendi
833 1797 950 1872 linguas
972 1797 1104 1871 gentium
1128 1793 1283 1873 multiplici
1306 1793 1402 1852 diver·
1416 1810 1504 1867 struo

114 1902 199 1959 sitate
229 1901 386 1967 variasset,
415 1902 524 1959 ceteris
548 1906 598 1959 ant
620 1898 750 1959 anhelitu
773 1907 823 1958 ant
845 1896 935 1956 sibilo
957 1895 1175 1976 explicantibus
1204 1895 1284 1974 loqui
1308 1912 1402 1957 sumn.

114 2003 185 2061 solis
208 2019 331 2078 graecae
355 2000 521 2080 latinaeque
544 2010 574 2060 et
595 2003 658 2061 soni
681 2001 813 2080 leporem
834 2008 864 2060 et
887 2002 959 2059 artis
974 1999 1161 2077 disciplinam
1183 2006 1270 2076 atque
1293 1999 1323 2056 in
1340 1999 1402 2076 ipsa

77 2130 100 2165 ιο
117 2103 257 2182 loqrrcodi
286 2103 512 2162 mansuetudine
540 2102 669 2162 similem
696 2103 808 2163 cultum
836 2111 866 2161 et
894 2101 1164 2161 coniunctissimam
1197 2101 1402 2176 crrgomionem

114 2206 204 2265 dedit.
250 2224 317 2264 uam
345 2212 375 2263 et
402 2204 496 2264 isdem
527 2206 670 2265 orationis
697 2203 834 2283 partibus
860 2203 970 2282 absque
999 2201 1137 2265 articulo.
1167 2219 1257 2278 quern
1280 2200 1402 2260 Graecia

114 2307 175 2366 sola
203 2309 307 2369 sortita
337 2316 396 2369 est.
425 2315 455 2365 et
484 2306 578 2367 isdem
607 2325 699 2386 penes
732 2305 865 2382 singulas
893 2313 993 2384 partes
1019 2301 1278 2363 observationibus
1306 2320 1404 2362 scrnro

115 2416 239 2486 uterque
263 2407 467 2484 distinguitur,
492 2426 580 2486 pares
602 2408 665 2466 lere
689 2410 720 2467 in
743 2415 868 2485 utroque
887 2405 1073 2486 conponendi
1097 2408 1218 2482 ligurae,
1241 2412 1274 2464 ut
1295 2424 1402 2484 prope·

115 2509 234 2570 modum
257 2511 308 2589 qui
332 2511 475 2568 utramvis
497 2518 592 2570 artem
613 2509 754 2569 didicerit
776 2507 878 2569 ambas
899 2509 1024 2568 noverit.
1069 2507 1120 2567 sed
1142 2509 1212 2586 qnia
1234 2509 1276 2566 ita
1299 2515 1402 2566 natura

79 2637 101 2675 e,
116 2612 188 2675 lert,
219 2630 255 2670 oe
284 2610 357 2690 quid
384 2612 428 2670 sic
456 2630 519 2671 esse
542 2612 627 2672 alteri
650 2610 746 2670 simile
780 2612 886 2688 possit,
917 2618 948 2669 ut
970 2609 1050 2669 idern
1077 2608 1120 2668 illi
1144 2611 1182 2668 sit
1205 2605 1336 2683 (necesse
1359 2617 1404 2666 ost

115 2716 194 2774 enirn
216 2732 302 2773 ornue
325 2713 403 2792 qnod
426 2714 522 2774 simile
541 2721 587 2773 est
609 2712 706 2792 aliqua
723 2711 890 2771 differentia
908 2710 945 2770 ab
968 2729 1003 2769 eo
1026 2712 1072 2769 cui
1096 2711 1248 2769 couiertnr
1263 2707 1402 2785 recedat),

115 2816 197 2884 ideo,
226 2833 292 2874 ‹rum
321 2823 422 2892 partes
450 2816 594 2875 orationis
622 2816 652 2872 in
681 2819 804 2890 utraque
833 2812 932 2889 lingua
960 2819 1024 2871 arta
1056 2813 1134 2870 iuter
1157 2830 1187 2871 se
1210 2810 1403 2871 similitudine

116 2919 314 2987 vincirentur,
343 2917 483 2996 quasdam
513 2927 611 2976 tauron
634 2917 846 2994 proprietates,
875 2912 983 2991 quibus
1016 2931 1149 2972 seorsum
1178 2914 1403 2989 insignirentur.

115 3016 291 3085 babuerunt.
315 3038 391 3097 qnae
413 3035 522 3094 graeco
545 3019 664 3077 nomine
687 3015 827 3076 idiomata
850 3022 1000 3073 vocantur.

77 3146 103 3183 eo
200 3121 273 3179 item
297 3123 392 3199 prima
408 3121 562 3197 utriusque
579 3117 661 3177 verbi
683 3119 811 3178 societas
832 3119 863 3176 in
885 3115 941 3175 boc
964 3124 1017 3185 est,
1041 3117 1119 3195 qnod
1141 3124 1280 3176 nentrum
1302 3133 1475 3195 neruoram,
1490 3134 1520 3180 12

116 3223 145 3280 in
168 3240 254 3282 easns
277 3223 422 3289 lleetitur;
446 3220 552 3279 deiude
575 3219 652 3299 quod
676 3228 833 3298 utrumqne
856 3221 1013 3278 comitatur
1035 3237 1161 3297 persona
1178 3219 1294 3279 numeri
1310 3218 1403 3295 ligura

116 3324 285 3398 coniugatio
301 3332 418 3400 tempus
433 3320 546 3389 rutulus,
568 3339 656 3399 quern
673 3322 784 3380 Graeci
803 3320 929 3380 enclisin
944 3328 1058 3389 vocant,
1082 3320 1178 3381 batim
1217 3338 1283 3379 rum
1301 3321 1405 3380 lormis

116 3425 146 3482 in
175 3422 314 3500 ‹prralitate
338 3431 514 3501 posuerunt,
541 3439 649 3498 geniis,
677 3422 756 3500 qnod
778 3422 856 3500 apud
884 3421 1011 3482 Graecos
1042 3423 1186 3483 diathesis
1206 3430 1403 3501 nuncupatur.

117 3524 221 3583 borum
248 3525 374 3599 siugulis
397 3525 540 3602 inspectis
562 3522 713 3582 sollertius
734 3542 809 3603 qnae
832 3526 864 3584 in
887 3525 934 3584 bis
949 3525 1065 3584 diversa
1087 3534 1156 3585 sunt
1178 3544 1236 3585 non
1259 3523 1404 3585 latebunt.

79 3626 195 3687 oscirca
218 3643 313 3693 casus,
338 3634 370 3684 ut
392 3625 531 3690 (linimus,
555 3626 690 3703 utrisque
712 3627 845 3703 perlecta
864 3629 1033 3688 communio
1048 3636 1102 3688 est.
1131 3630 1226 3707 prima
1250 3628 1404 3706 utriusque

117 3725 199 3785 vorbi
223 3729 349 3786 societas
365 3735 410 3787 est
431 3728 461 3786 in
484 3727 553 3786 boc:
577 3745 644 3786 nam
667 3736 697 3786 ct
713 3737 850 3789 neutrum
873 3728 992 3788 casibus
1014 3729 1179 3790 declinatur
1200 3738 1230 3789 et
1244 3738 1404 3809 utrumqne

116 3827 256 3887 similiter
279 3830 425 3889 universis
452 3848 546 3907 paene
569 3829 689 3889 casibus
710 3833 810 3900 servit,
834 3840 865 3890 nt
888 3833 1031 3891 misereor
1053 3832 1142 3900 illius,
1166 3851 1256 3912 parco
1278 3832 1331 3901 illi,
1356 3850 1404 3891 vc·

101 3928 206 3989 'neror
229 3930 331 3995 illum..
346 3930 429 3989 venie
452 3930 488 3989 ab
511 3931 577 4000 illo,
603 3933 681 3991 nitor
708 3931 774 4001 itto;
802 3934 873 3993 itern
901 3932 1068 4012 φροντιζω
1095 3932 1211 4012 τοῦδε,
1245 3933 1405 4014 πεύθομαι

86 4028 213 4111 χτῷδε,
236 4031 324 4110 φιλῶ
347 4026 457 4091 τόνδε.
492 4032 651 4093 ablativum
681 4034 762 4094 enim
790 4034 835 4093 rel
864 4053 953 4113 quem
975 4034 1079 4095 dicunt
1101 4038 1258 4114 septimum
1280 4036 1404 4097 Graecia

79 4151 176 4198 eonon
199 4134 315 4213 recipit.
361 4134 464 4193 eadem
487 4133 546 4193 illis
568 4143 598 4194 ot
620 4137 650 4194 in
680 4139 815 4214 personis
842 4135 1007 4196 similitudo
1034 4145 1093 4205 est,
1121 4140 1190 4216 (pria
1218 4141 1249 4198 iu
1279 4147 1404 4216 utroque

118 4233 208 4296 verbo
231 4234 270 4293 iil
293 4237 413 4296 eaedem
437 4255 580 4315 personae
604 4245 682 4305 sunt,
706 4239 801 4316 prima
824 4255 905 4305 voco,
929 4239 1057 4298 secunda
1081 4257 1174 4309 vocas,
1202 4241 1289 4300 tertia
1313 4247 1404 4301 vocat.

116 4345 147 4396 et
168 4338 245 4416 apud
270 4337 334 4397 illos
357 4338 448 4398 καλῶ
472 4338 584 4411 καλεῖς
605 4337 710 4399 καλεῖ.
756 4338 827 4399 baec
850 4348 919 4400 sunt
941 4342 1004 4399 lere
1030 4359 1104 4420 qrrae
1132 4340 1243 4401 babent
1266 4343 1305 4400 ita
1328 4342 1405 4400 inter

202 4511 229 4565 B
252 4513 345 4568 codex
367 4511 516 4569 Bobiensr's
536 4530 613 4570 rrenc
644 4512 863 4570 Vindoboaensis
887 4513 925 4571 16
973 4580 979 4591 .

187 4696 199 4742 1
219 4695 345 4759 incipiunt
360 4708 441 4758 panca
460 4706 576 4759 excerpta
595 4696 626 4743 de
639 4695 701 4744 libro
714 4697 832 4746 macrobii
845 4695 978 4747 theodosii.
1005 4695 1153 4746 theodosius
1166 4722 1198 4731 -
1211 4696 1278 4746 «tien.
1301 4695 1337 4743 De
1351 4710 1405 4743 ver·

119 4761 205 4807 borum
219 4764 438 4810 -sorieratibus
462 4760 524 4810 Com
538 4761 563 4810 B
620 4763 824 4813 Srrurietatssset
835 4780 904 4815 corr.
918 4764 1064 4813 diuersitate
1077 4762 1240 4812 uoriassetB
1286 4762 1406 4813 lruoelutu

118 4827 272 4876 lienteriam
286 4833 326 4882 ed.
344 4831 420 4879 rane.
486 4833 515 4878 11
533 4829 638 4896 absque]
655 4830 768 4895 sequen
835 4834 868 4882 22
884 4832 973 4893 timeri
985 4832 1072 4882 ΜΒ
1139 4831 1261 4897 peneiisiu
1280 4830 1305 4880 B
1372 4834 1406 4882 25

118 4896 230 4944 eireasns
243 4897 268 4944 B
335 4898 368 4947 2‘1
381 4894 515 4963 misereor]
530 4914 628 4948 mereor
641 4899 665 4949 B
733 4902 766 4949 30
778 4896 897 4963 retroque]
909 4909 965 4948 ntro
979 4899 1003 4949 B
