3382 5498
336 362 379 434 20
894 361 1069 431 unocurt

363 493 384 532 p.
398 479 499 519 1873—75
511 475 535 517 P.

241 564 411 635 conuulso,
435 559 485 620 illc
507 560 604 619 suavis
627 566 671 618 est
693 556 802 618 auditu.
830 591 865 599 —
890 555 1154 636 participialia
1177 554 1285 615 verlta
1307 562 1406 615 sunt:
1430 554 1498 635 quia
1521 550 1627 617 similia

293 673 324 720 10
335 670 403 724 suut
425 660 549 740 gerundi
573 659 661 720 verba
684 661 847 738 participiis
873 659 966 719 luturi
988 660 1131 738 temporis
1153 678 1168 718 a
1192 659 1319 736 passivo.
1351 691 1386 701 -
1417 656 1558 717 Pontici
1566 659 1626 736 pia

336 764 536 824 trahuntur
559 782 574 823 a
598 761 710 822 verbo
732 760 867 821 activo:
890 762 1046 840 participia
1069 759 1202 838 regulam
1226 760 1448 838 significationis
1470 777 1540 819 suae
1562 777 1626 819 scr·

292 868 404 926 18vant
426 867 541 944 etipsa
563 870 661 924 actum
683 862 896 923 demonstrant.
925 863 1032 945 ‘El
1055 862 1254 924 ulteriore:
1284 859 1296 944 Η
1321 863 1390 941 quia
1412 860 1469 921 dua
1493 869 1627 940 tempora

335 966 446 1028 habent
467 966 591 1027 ulterius
619 973 754 1044 tempus,
784 963 878 1025 lectus
899 964 943 1025 lui
966 971 1034 1024 ante
1057 964 1174 1032 horam,
1200 960 1203 1044 l
1228 965 1317 1024 etiam
1340 970 1408 1024 ante
1430 962 1504 1023 duas
1526 962 1653 1032 hurane

290 1072 321 1119 ¹22
335 1068 464 1130 ostendit
491 1075 656 1128 retrorsum
685 1074 818 1144 tempus,
851 1065 958 1126 lectum
981 1064 1034 1126 tibi
1057 1072 1135 1135 erat,
1158 1065 1268 1126 lectum
1290 1065 1343 1126 tibi
1365 1067 1470 1127 luerat.
1498 1099 1533 1108 —-
1557 1064 1624 1126 Le-

335 1173 436 1249 geris
458 1168 514 1230 vel
537 1167 679 1247 legere:
703 1170 747 1229 sic
768 1166 904 1234 abuterc;
928 1169 1059 1246 quamvis
1082 1169 1119 1228 sit
1141 1168 1246 1228 tertiae
1269 1173 1423 1246 correptae
1445 1169 1626 1246 coniugatio
1678 1224 1680 1229 .

336 1274 397 1341 nis,
426 1279 525 1340 tamen
553 1289 570 1331 e
596 1269 787 1350 producenda
818 1276 877 1338 est,
901 1271 968 1348 quia
990 1268 1188 1330 elocutionem
1215 1268 1329 1348 implet.
1371 1268 1524 1331 sciendum
1554 1286 1626 1329 sane

337 1373 415 1452 quod
437 1371 554 1451 regulas
576 1391 667 1452 super
689 1373 790 1432 luturo
812 1370 962 1432 indicativi
984 1378 1044 1431 tam
1066 1372 1098 1431 iu
1120 1371 1236 1449 passivo
1251 1389 1338 1450 quam
1360 1371 1392 1430 in
1415 1369 1625 1432 communirel

336 1476 510 1554 deponenti,
540 1481 599 1535 tam
626 1475 658 1533 in
685 1475 781 1553 prima
808 1472 953 1552 producta
980 1491 1068 1551 quam
1098 1473 1128 1532 in
1156 1473 1284 1533 secunda
1313 1472 1457 1549 producta
1484 1490 1571 1551 quam
1594 1474 1664 1554 inm

337 1579 422 1637 tertia
450 1583 588 1655 correpta
616 1594 703 1654 quam
729 1577 761 1635 in
790 1585 891 1654 quarta
920 1573 1063 1654 producta
1090 1573 1227 1635 similiter
1253 1574 1437 1654 ponendum,
1462 1581 1494 1635 ut
1514 1574 1625 1654 prober

336 1676 474 1757 proberis
496 1677 542 1737 vel
566 1675 695 1756 proberc
718 1676 870 1756 probetur,
894 1676 1002 1738 docear
1026 1675 1143 1736 doceris
1164 1674 1211 1736 rcl
1234 1675 1341 1736 docere
1364 1676 1500 1745 docetur,
1525 1675 1624 1736 audia-

290 1787 401 1840 ‘23mur
428 1778 587 1840 audiamini
615 1778 781 1840 audiantur.
814 1814 850 1824 -
880 1778 929 1840 nd
957 1777 1160 1840 secundam
1185 1785 1219 1838 et
1242 1781 1389 1840 tertiam
1411 1796 1623 1857 personam:

335 1883 475 1961 quonlam
501 1882 627 1959 primam
660 1899 720 1940 non
753 1880 856 1949 habel,
890 1880 1036 1960 siquidem
1069 1879 1125 1940 sito
1156 1899 1244 1940 nemo
1275 1887 1375 1959 potest
1403 1882 1560 1959 imperare.
1588 1913 1624 1924 -

288 1990 321 2036 ‘25
334 1985 471 2045 Futuro
494 1981 645 2060 legitor:
669 2003 688 2038 a
715 1982 858 2061 probator
880 1981 1071 2062 probamiuor
1090 1984 1094 2056 Ι
1114 1981 1294 2061 probuntnr;
1318 1984 1360 2043 sic
1383 2002 1398 2042 a
1420 1982 1548 2043 secunda
1572 1982 1624 2042 do·
1639 2003 1663 2041 15

335 2093 418 2147 cetur
445 2084 568 2165 docetor
596 2083 767 2144 doceminor
794 2084 971 2152 doccuntor;
1000 2086 1043 2144 sic
1070 2103 1087 2143 a
1116 2093 1220 2163 quarta
1253 2085 1460 2162 coniugatione
1482 2085 1625 2164 producta

335 2187 451 2249 auditor
480 2186 597 2246 auditor
625 2185 792 2246 audimiuor
819 2186 987 2247 audiuntur.
1032 2188 1090 2246 iam
1117 2204 1173 2266 per
1195 2187 1293 2247 omnia
1316 2185 1405 2247 verba
1427 2187 1500 2247 haec
1523 2185 1624 2264 regula

290 2291 477 2369 etsequitur.
502 2323 538 2332 -
564 2287 737 2368 Optativo
760 2287 880 2348 modo:
910 2290 1055 2367 optativus
1078 2299 1123 2348 cst
1143 2290 1265 2369 proprie
1284 2293 1451 2365 proesentis
1473 2292 1623 2365 temporis.

335 2391 412 2472 qnod
440 2391 590 2471 praesenti
620 2397 754 2468 tempore
783 2398 933 2469 optamus;
960 2392 1000 2451 ita
1028 2390 1172 2452 llotratus:
1207 2411 1274 2452 nam
1304 2390 1418 2452 l‘roltus
1448 2399 1476 2451 et
1498 2389 1625 2453 Sabinus

334 2496 376 2554 sic
399 2492 501 2554 volunt
523 2490 666 2552 declinari
694 2493 855 2570 optativum
883 2511 938 2571 per
959 2491 1073 2571 singula
1091 2501 1241 2573 tempora,
1265 2512 1324 2573 quo
1346 2494 1435 2553 modo
1458 2493 1622 2553 coniuncti·
1636 2511 1662 2552 ao

336 2614 417 2666 vum,
441 2603 474 2656 ut
494 2592 641 2672 Vergilius
663 2594 941 2673 ‘fecissentque
964 2597 1130 2656 utinam'.
1163 2595 1323 2656 notandum
1347 2615 1385 2656 nc
1407 2615 1465 2674 quo
1488 2605 1624 2674 tempore

335 2699 446 2758 utinam
463 2714 518 2757 nec
533 2697 563 2755 in
579 2693 721 2772 singulari
737 2714 792 2756 nec
813 2697 844 2755 in
868 2695 973 2775 plurali
995 2699 1091 2776 prima
1113 2717 1239 2776 persona
1255 2697 1428 2777 ponendum
1452 2698 1497 2757 sit.
1518 2731 1555 2740 -
1574 2696 1622 2756 Vl*-

335 2801 427 2859 tcrlus
443 2797 552 2858 dicitur
567 2796 645 2876 quod
662 2806 729 2876 post
744 2816 885 2876 praesens
908 2805 965 2867 cst,
990 2802 1057 2877 quin
1080 2801 1274 2879 praeteritum
1290 2818 1354 2859 esse
1370 2799 1569 2876 cognoscitur.
1586 2833 1621 2841 —

218 2902 399 2980 362,1tllpsc
428 2908 473 2960 est
500 2898 605 2960 modus
631 2901 846 2969 coniunctivus,
870 2899 948 2979 quod
973 2908 1017 2960 est
1046 2909 1161 2980 tempus
1183 2900 1273 2960 luturl
1295 2903 1424 2980 optativi.
1447 2935 1484 2945 -
1509 2900 1622 2961 Futu-

335 3023 411 3064 rum
439 3001 572 3062 lectum
596 3001 655 3060 iri:
679 3002 794 3061 iuturus
815 3000 852 3060 ab
875 3003 969 3061 actim
992 3004 1022 3061 iu
1047 3022 1076 3072 e,
1101 3022 1116 3061 a
1139 3004 1254 3080 passivo
1278 3005 1308 3062 in
1331 3005 1340 3062 i
1365 3002 1495 3083 [loturus
1518 3003 1622 3063 infiniti
1637 3023 1661 3061 aa

335 3105 371 3166 alt
391 3106 484 3165 activo
510 3104 512 3184 l
537 3105 568 3163 in
592 3122 624 3172 c,
648 3121 663 3162 a
687 3104 800 3182 passivo
823 3104 852 3162 iu
876 3101 910 3183 i].
942 3137 976 3146 -
1008 3103 1214 3182 Partlcipia
1242 3105 1440 3166 trahuntur
1467 3125 1483 3165 a
1511 3103 1623 3164 verbo

223 3209 227 3237 ¹
334 3209 482 3286 passivo
505 3204 588 3265 duo:
612 3204 766 3284 participia
789 3206 1011 3282 significationis
1033 3224 1102 3265 suae
1124 3206 1307 3267 intellectum
1330 3215 1481 3268 secuntur.

849 3376 897 3436 DE
919 3375 1105 3437 novunuto

417 3494 595 3556 Adverlllum
618 3495 728 3555 dictum
751 3503 796 3554 est
818 3494 900 3563 ideo,
929 3495 1007 3574 quod
1030 3496 1219 3556 coniunctum
1243 3495 1333 3556 verbo
1355 3498 1413 3556 vim
1437 3498 1500 3557 cius
1523 3495 1620 3576 expla-

334 3604 384 3656 net
406 3606 436 3656 ct
458 3595 587 3674 impleat.
618 3615 685 3655 nam
709 3614 776 3657 cum
800 3594 865 3654 dico
888 3595 969 3670 lego,
994 3615 1049 3656 nec
1072 3596 1179 3657 dicitur
1201 3617 1288 3676 quem
1312 3598 1347 3657 ad
1371 3599 1492 3659 niodum
1515 3597 1619 3676 legam,
1634 3617 1659 3657 so

334 3699 386 3758 sed
410 3697 524 3757 adiecto
547 3696 687 3757 adverbio
710 3698 900 3776 exprimitur,
930 3704 1052 3777 utputa
1076 3698 1159 3760 verbi
1182 3702 1276 3778 gratia
1297 3699 1373 3760 benc
1396 3700 1463 3778 lego
1486 3719 1522 3760 an
1544 3699 1621 3761 male

290 3813 319 3860 17
333 3800 410 3878 lego.
434 3833 470 3844 -
495 3798 753 3877 Significatio:
782 3799 955 3876 significatio
984 3808 1029 3860 est
1050 3819 1126 3879 quac
1147 3801 1255 3880 prauae
1278 3821 1292 3861 a
1316 3821 1348 3862 se
1371 3802 1508 3863 adverbia
1533 3801 1544 3883 ll
1570 3803 1621 3863 de·

332 3901 491 3970 scenderc,
515 3907 544 3960 et
565 3901 724 3978 significari
746 3901 830 3960 cuius
852 3902 919 3961 siut.
947 3935 981 3944 —
1012 3901 1251 3981 Conparatin:
1281 3905 1323 3962 sic
1346 3911 1548 3983 conparantur
1571 3904 1621 3964 ad·

403 4107 466 4156 t'od.
486 4104 565 4155 Beroe.
587 4103 728 4156 lll3-1l*.
800 4105 816 4152 2
832 4104 957 4169 participii
976 4104 1052 4153 loturi
1123 4102 1139 4152 3
1156 4113 1271 4153 trauntur
1340 4108 1356 4154 4
1375 4107 1457 4170 ipsam
1476 4122 1544 4156 corr.
1566 4109 1621 4173 ipso

401 4179 417 4226 5
437 4186 551 4225 autorem
570 4190 639 4224 corr.
658 4177 694 4226 al.
710 4190 774 4224 mon.
794 4184 851 4223 note
869 4173 958 4222 lroram
1029 4175 1093 4222 duas
1112 4188 1170 4222 orna
1239 4176 1256 4223 tl
1276 4172 1375 4239 legetur
1398 4176 1462 4225 uelle
1480 4177 1566 4241 legere
1584 4179 1620 4226 sic

333 4245 454 4295 habutere
501 4243 598 4310 lleJet
650 4243 763 4298 illuturi
815 4243 847 4292 15
864 4253 984 4308 prountor
1000 4242 1163 4308 pronominor
1179 4252 1327 4306 promuntur
1379 4245 1569 4296 lttdociminor

335 4317 366 4366 17
387 4317 524 4366 audiuntur
595 4315 627 4365 18
646 4316 763 4378 propriae
780 4314 850 4377 qnod
936 4312 968 4361 lll
986 4313 1090 4361 caninus
1107 4329 1175 4366 corr,
1193 4313 1298 4363 sabinus
1382 4318 1416 4364 22
1434 4316 1552 4380 ponenda

333 4389 366 4436 ²7
384 4385 585 4452 significationes
655 4385 689 4435 29
707 4383 826 4449 explanat
896 4380 930 4434 30
944 4382 1051 4432 discitur
1069 4396 1138 4436 corr.
1157 4383 1249 4434 dicitur
1318 4385 1351 4438 31
1370 4386 1470 4436 abicam
1488 4385 1591 4435 obertio

404 4577 436 4628 12
461 4576 554 4625 do'ccar
581 4572 697 4622 docearis
720 4571 758 4621 vel
785 4572 892 4621 doceare
910 4571 1031 4621 doceatur
1048 4571 1192 4629 Melina,
1210 4574 1264 4627 m
1281 4589 1316 4627 ,κ
1335 4628 1369 4645 ,Ι
1427 4564 1464 4601 «’
1506 4602 1511 4610 .
1574 4597 1594 4611 ,,

1399 4623 1400 4627 ,
1435 4622 1451 4633 ,Μ
1501 4628 1503 4633 ‚
1540 4604 1559 4627 ‘l‘
1610 4606 1612 4609 ’

332 4648 409 4700 cerda
430 4648 494 4697 rods
514 4644 644 4694 emendata
668 4657 723 4692 erae
745 4640 869 4704 adparet,
891 4656 1036 4708 quarundam
1059 4646 1134 4694 con·
1398 4626 1461 4651 '‘'''‘'''²‘
1512 4613 1595 4659 *W*
1609 4640 1632 4691 ,ᾗ
1656 4652 1687 4673 .-

330 4721 414 4783 futuri
429 4719 484 4782 ipae
498 4714 674 4779 promaciano
693 4715 809 4774 porua'm
824 4711 924 4761 videtu·
992 4711 1026 4762 15
1048 4715 1147 4765 mm

330 4790 413 4851 futuri
423 4786 520 4836 candit
589 4782 621 4833 tu
639 4777 746 4847 Probus]
767 4781 803 4846 cs.
814 4779 902 4846 praef.
916 4781 965 4833 ool·
984 4781 1030 4833 llll
1046 4798 1067 4850 p·
1092 4781 1107 4816 ¹

400 4857 435 4911 33
454 4866 480 4906 et
497 4853 635 4922 signillcati
651 4851 725 4903 cuius
742 4849 884 4908 Praedicta.
895 4848 1047 4916 sunum
