3346 5498
710 378 781 440 nus
1327 382 1388 446 371

1196 491 1363 542 pum-571¹.

106 569 259 629 satisfecit.
304 567 431 646 denique
460 568 638 629 addiderunt
665 569 784 648 ‹pridam
812 570 900 630 verim
924 569 1123 650 inpersonalia
1146 572 1235 630 etiam
1258 573 1289 631 in
1312 573 1336 631 it
1359 581 1390 632 et

106 673 137 730 in
159 678 189 729 at
211 671 310 738 exire,
343 672 433 739 init,
465 679 496 730 ut
523 675 668 750 contingit
695 675 792 734 evenit
814 674 936 741 accidit,
965 675 996 734 in
1019 682 1062 740 at,
1093 681 1124 732 ut
1146 674 1227 733 iurat
1248 681 1314 733 stat.
1360 682 1390 733 et

106 791 138 831 re
163 791 245 840 vera,
270 773 417 851 siquidem
440 775 626 853 inpersonale
650 776 705 834 boc
728 784 790 845 est,
807 794 873 836 cum
890 775 1005 852 singula
1021 774 1110 835 rerba
1127 777 1319 835 enuntiantur
1335 778 1387 850 ita,

107 883 138 934 ut
160 893 277 934 ornnem
300 894 455 954 personam
478 879 599 937 contuse
624 877 743 938 trabant
764 896 860 957 neque
885 878 973 938 uliam
995 887 1107 938 certam
1130 896 1287 957 personam
1309 887 1389 939 certa

80 977 321 1054 ssignificatione
351 978 550 1056 distinguant,
579 982 678 1040 omnia
700 998 780 1059 uuae
811 982 963 1059 posuimus
990 989 1071 1040 recte
1103 980 1301 1059 inpersonalia
1325 999 1389 1039 esse

70 1097 73 1103 ·
106 1080 255 1139 dicuntur.
301 1081 428 1158 denique
452 1100 506 1141 nec
529 1082 671 1142 declinari
697 1081 699 1160 ζ
723 1090 848 1161 possunt
870 1101 925 1143 nee
947 1083 1035 1143 rdiam
1058 1083 1269 1142 discretionem
1292 1084 1389 1142 tacere

105 1200 315 1260 personarum,
350 1186 407 1243 nisi
443 1184 567 1245 adiectis
598 1187 805 1264 pronominum
841 1184 959 1246 casibus
988 1193 1018 1244 et
1045 1188 1176 1245 numeris
1204 1194 1389 1263 separentur.

106 1284 178 1363 quid
201 1286 294 1361 igitur
317 1286 352 1346 de
376 1305 465 1366 supra
489 1287 576 1347 dictis
599 1287 695 1347 modis
717 1289 842 1348 sentiam
865 1296 894 1347 et
910 1306 966 1366 qua
982 1290 1095 1347 ratione
1119 1296 1286 1357 nascanuu,
1303 1307 1391 1367 quam

107 1385 283 1446 brevissime
307 1395 411 1467 potero
434 1392 536 1468 paucis
558 1389 809 1469 conprehendam.
841 1408 875 1449 ea
897 1389 1096 1468 inpersonalia
1112 1408 1186 1468 quae
1210 1392 1241 1450 in
1264 1392 1287 1450 it
1309 1392 1390 1450 etin

69 1503 92 1542 ιο
106 1497 136 1548 at
157 1497 265 1549 exeunt
289 1489 325 1550 ab
348 1491 507 1551 indicativo
530 1492 616 1552 modo
645 1494 786 1570 temporis
815 1494 979 1571 praesentis
1001 1494 1114 1570 primae
1139 1510 1281 1570 personae
1304 1511 1321 1551 o
1343 1492 1390 1552 lit-

107 1600 170 1651 tera
205 1595 364 1652 terminato
396 1602 531 1662 manant,
566 1602 598 1653 ut
629 1596 768 1671 contingo
801 1596 960 1672 contingit,
995 1598 1063 1654 iuro
1091 1596 1180 1654 iuvat.
1225 1594 1276 1653 sed
1305 1594 1390 1654 aliam

106 1695 252 1774 quandam
276 1695 521 1771 significationem
544 1695 698 1764 exhibent,
729 1714 796 1756 cum
818 1697 1018 1776 inpersonalia
1041 1696 1224 1764 efficiuntur,
1249 1715 1337 1775 quam
1359 1699 1391 1756 in

98 1798 169 1879 ‚ipsa
199 1797 354 1875 positionis
381 1816 450 1857 suae
479 1801 681 1859 enuntiatione
716 1797 861 1858 obtinent.
906 1800 1034 1878 denique
1062 1807 1093 1858 et
1125 1800 1271 1875 contingit
1304 1800 1390 1858 tertia

106 1918 232 1978 persona
261 1906 305 1958 est
333 1898 465 1958 eiusdem
493 1900 571 1960 modi
602 1909 632 1960 et
659 1903 816 1979 temporis,
852 1909 881 1960 et
909 1903 980 1961 item
1003 1903 1093 1961 iurat.
1137 1901 1190 1960 sed
1213 1919 1271 1960 non
1293 1903 1391 1962 omnia

68 2011 93 2051 1⁵
108 2003 211 2062 tertiae
235 2019 377 2081 personae
401 2000 491 2061 rerba
514 2003 644 2062 efficient
666 2002 885 2081 inpersonalem
907 2003 1040 2070 modum,
1065 2011 1096 2062 ut
1118 2011 1163 2061 est
1185 2003 1318 2062 incendit
1340 2023 1390 2064 au·

108 2111 209 2162 trrrrrat.
255 2120 325 2179 ergo
349 2121 416 2161 cum
440 2103 625 2182 inpersonaie
648 2106 720 2165 iacit
742 2107 886 2181 contingit
913 2113 963 2165 aut
991 2107 1085 2173 iurat,
1109 2105 1222 2164 deserit
1243 2106 1390 2182 significa·

108 2207 217 2265 tionem
246 2223 343 2272 suam,
372 2224 459 2284 quam
490 2205 620 2265 babebat
647 2208 677 2266 in
706 2214 810 2266 natura
834 2206 916 2266 verbi
941 2209 1066 2286 positam
1090 2224 1143 2286 per
1168 2214 1299 2285 tempora
1323 2227 1390 2287 per-

109 2325 253 2386 sonasque
270 2309 427 2367 currentis.
459 2326 526 2367 nam
543 2308 628 2368 aiitcr
650 2310 821 2387 accipimus
846 2328 911 2369 cum
935 2308 1008 2368 dicit
1024 2307 1164 2386 Virgilius
1187 2309 1310 2369 ‘iurat
1332 2313 1390 2370 ire

106 2418 142 2469 et
171 2409 303 2469 ridere
326 2409 464 2469 Dorica
492 2412 635 2471 eastra’
665 2419 694 2470 et
715 2413 807 2470 ‘stat
829 2429 936 2471 casus
958 2428 1142 2470 renovare
1166 2417 1317 2480 omnes’,
1341 2421 1392 2472 aut

65 2527 174 2571 rorum
197 2512 301 2571 Cicero
330 2511 403 2571 dicit
431 2512 596 2572 ‘accidit
623 2532 701 2572 cum
729 2515 803 2572 iste
832 2531 848 2572 a
871 2512 992 2573 Gnaeo
1014 2511 1213 2573 Dolabella
1237 2514 1390 2592 effiagi-

107 2616 251 2681 tasset⁷,
281 2619 330 2671 aut
358 2630 424 2672 eum
453 2613 611 2676 Terentius
638 2616 712 2676 dicit
739 2617 889 2675 ‘evenit
917 2615 1072 2675 senibus
1100 2613 1276 2675 ambobus
1298 2618 1389 2685 iter,

106 2716 164 2775 iiii
187 2718 224 2774 in
247 2715 416 2776 Lemnum
440 2724 479 2775 ut
500 2719 628 2776 esset'.
658 2736 749 2796 porro
772 2717 873 2786 aliter,
898 2718 922 2777 si
946 2719 1014 2777 iuro
1035 2719 1227 2785 iurasiurat,
1251 2721 1391 2795 contingo

105 2819 252 2895 contingis
280 2819 425 2893 contingit
453 2818 488 2877 ad
517 2837 709 2897 personarum
744 2828 840 2879 actum
875 2821 1105 2897 varietatemque
1140 2819 1278 2878 refertur.
1324 2839 1390 2880 cmu

105 2938 176 2996 ergo
199 2919 473 2987 animadvertimus
497 2920 575 2980 unde
599 2929 772 2989 nascautur,
795 2920 867 2981 iliud
890 2921 982 2981 nibiio
998 2923 1096 2981 minus
1110 2920 1235 2999 quodin
1251 2929 1391 3000 promptu

64 3031 166 3090 esest,
198 3023 274 3080 scire
306 3022 505 3081 necessarium
529 3030 588 3090 est,
619 3041 676 3082 non
705 3025 803 3083 omnia
832 3025 967 3091 omnino,
992 3026 1069 3082 sieut
1091 3022 1167 3090 dixi,
1192 3022 1390 3100 inpersonalia

105 3124 199 3191 eisrci,
224 3141 298 3202 quiae
322 3124 377 3182 ista
401 3125 515 3182 ratione
539 3130 710 3184 nascunttu.
741 3144 816 3205 quae
839 3143 908 3184 vero
931 3127 962 3184 in
986 3132 1015 3183 et
1037 3132 1160 3192 crerint,
1186 3123 1258 3184 duas
1281 3126 1391 3185 formes

105 3225 225 3285 babent.
257 3226 364 3303 partim
394 3227 472 3285 enim
502 3225 537 3286 ab
566 3226 725 3286 indicativo
753 3228 895 3305 temporis
923 3229 1088 3305 praesentis
1110 3227 1223 3304 primae
1245 3245 1389 3305 personae

104 3348 122 3387 o
144 3329 243 3388 littera
266 3329 424 3386 terminato
439 3336 573 3397 manant,
597 3337 629 3388 ut
644 3329 733 3388 sedeo
749 3329 834 3389 sedes
850 3328 942 3388 sedet.
971 3328 1022 3387 sed
1044 3327 1116 3388 haee
1133 3327 1222 3387 simili
1245 3328 1388 3407 exemplo,

104 3439 137 3489 ut
154 3430 189 3489 de
213 3427 419 3508 superioribus
441 3430 585 3498 diximus,
610 3450 667 3490 non
690 3432 753 3490 iere
768 3448 886 3510 semper
909 3430 1109 3509 inpersonalia
1124 3438 1228 3498 erunt,
1245 3432 1303 3491 nisi
1320 3449 1387 3509 per·

175 3687 187 3736 l
208 3685 270 3734 satis
292 3684 351 3734 tacit
369 3701 436 3734 corr.
454 3686 516 3734 sotis
536 3685 595 3734 iecit
608 3688 633 3734 L
647 3687 708 3734 satis
727 3684 789 3734 iecit
808 3685 840 3734 M
909 3686 925 3734 2
944 3685 1084 3750 continguit
1100 3685 1182 3733 euenit
1198 3684 1295 3733 accedit
1314 3686 1346 3734 M

103 3755 239 3817 3quidem
257 3770 325 3803 corr.
344 3756 468 3818 siquidem
481 3757 514 3804 M
566 3755 760 3820 impersonalem
776 3755 835 3805 ML
887 3756 1166 3805 enuntianturomnem
1184 3755 1291 3804 BML:
1312 3770 1390 3804 euon-

105 3827 198 3876 tiautur
217 3835 242 3874 et
260 3839 359 3874 omnem
380 3840 514 3890 personam
531 3825 636 3874 confuse
655 3825 737 3874 trabat
753 3841 834 3888 neque
852 3824 903 3875 uilo
919 3835 987 3874 certo
1006 3827 1079 3874 istam
1099 3823 1285 3891 significatione
1302 3826 1390 3876 distin-

106 3905 168 3962 guat
186 3893 326 3945 Sicdmdus
396 3898 533 3945 directam
554 3904 579 3944 ut
597 3910 678 3958 neque
698 3895 773 3944 ruram
793 3903 886 3944 certem
907 3909 1038 3960 personam
1058 3903 1126 3944 certe
1143 3894 1328 3959 significatione
1347 3897 1390 3944 de·

104 3968 208 4032 signant
227 3966 259 4014 M
345 3975 437 4014 certam
456 3965 724 4031 certasigniticetioue
743 3966 883 4031 distingunt
903 3967 957 4015 BL
1043 3965 1130 4014 (inec
1154 3965 1240 4013 eiinari
1261 3964 1322 4014 ML

103 4039 120 4086 8
137 4035 197 4099 quid
216 4036 292 4100 igitur
311 4034 353 4096 (si’
372 4036 481 4084 seuciam
499 4050 627 4098 supercer.
641 4038 675 4084 at.
689 4052 754 4090 man.
767 4034 803 4097 B)
821 4037 949 4100 desupra
968 4034 1041 4084 dictis
1060 4034 1143 4083 modis
1161 4049 1210 4098 quo
1222 4033 1314 4082 BML
1330 4034 1391 4096 quid

105 4106 183 4167 igitur
202 4105 233 4152 de
252 4120 329 4168 supra
345 4105 419 4154 dictis
433 4104 514 4153 modis
527 4113 551 4152 et
569 4120 617 4168 qua
636 4104 774 4156 Sicimdrrs
826 4113 963 4155 noscuntur
978 4119 1051 4167 quam
1071 4104 1219 4153 breuissime
1239 4114 1265 4152 ut
1284 4113 1391 4167 potuero

105 4175 137 4224 M
206 4175 331 4237 epaonis
350 4175 435 4223 uerbis
454 4175 666 4238 comprehendam
686 4176 710 4224 B
780 4173 813 4225 10
831 4177 861 4225 ab
881 4175 1016 4223 indicatiuo
1034 4174 1109 4224 modo
1127 4182 1242 4237 tempore
1261 4175 1390 4238 praesenti

106 4245 187 4311 primu
204 4259 313 4309 persona
327 4243 352 4293 B
368 4245 399 4292 ab
416 4244 553 4294 iudicetiuo
572 4246 647 4294 modo
669 4246 750 4309 prime
764 4260 872 4308 persono
890 4255 1003 4308 tempore
1021 4245 1148 4309 praesenti
1166 4243 1227 4292 ML
1281 4243 1310 4292 11
1330 4256 1389 4292 eon·

103 4317 193 4379 tingue
214 4313 403 4378 continguitM
456 4313 487 4364 13
505 4315 644 4378 eontinguit
662 4315 695 4364 M
749 4316 781 4365 15
798 4314 913 4364 efficiunt
928 4314 984 4363 BL
1033 4324 1059 4362 ut
1077 4323 1116 4362 est
1136 4313 1247 4361 incendit
1265 4311 1392 4375 (incendit

102 4386 129 4433 in
142 4399 220 4449 marg.
235 4384 296 4434 edd.
312 4383 356 4446 M)
370 4394 412 4432 eru
427 4392 537 4432 autumat
547 4383 607 4434 ΒΜ
617 4393 644 4433 ut
656 4384 769 4433 incendit
782 4393 911 4433 autuomat
922 4386 946 4434 L
1000 4383 1032 4433 16
1050 4383 1192 4448 continguit
1204 4382 1237 4430 M
1286 4382 1318 4431 18
1334 4397 1390 4430 eum

103 4453 196 4503 dicitur
215 4453 332 4519 uirgilius
351 4455 421 4502 iuuat
435 4454 522 4502 uidere
539 4464 622 4504 castre
640 4456 727 4503 dorico
741 4456 778 4504 L:
802 4456 879 4518 Verp.
895 4454 958 4503 Aen.
978 4453 998 4501 11
1016 4453 1049 4503 27
1104 4453 1135 4503 19
1153 4449 1212 4515 etat]
1232 4451 1309 4513 Verp.
1324 4452 1389 4504 Aen.

104 4526 123 4573 ΙΙ
143 4524 194 4573 750
264 4533 306 4572 aut
330 4540 386 4572 curn
409 4525 488 4572 cicero
513 4523 573 4571 dicit
592 4524 616 4572 B
640 4535 682 4572 out
700 4525 782 4573 cicero
801 4523 862 4572 dicit
879 4525 903 4573 L
922 4524 1001 4571 cicero
1021 4523 1119 4580 (adeor.
1138 4525 1254 4585 inmarg.
1271 4520 1390 4583 otendit)

105 4594 148 4642 M:
164 4592 214 4641 Cic.
234 4595 258 4641 in
281 4596 357 4642 Verr.
373 4601 424 4645 oct.
443 4609 494 4645 sec.
519 4594 526 4640 1
545 4595 588 4655 21,
606 4592 639 4644 113
689 4594 723 4645 20
742 4608 823 4659 agneo
843 4590 968 4641 dolobella
986 4592 1041 4642 BL
1059 4606 1141 4657 agneo
1160 4589 1289 4640 dorobeile
1308 4591 1388 4651 (corr.

103 4662 242 4726 dolobella)
263 4663 294 4710 M
349 4664 505 4727 ebagitasset
526 4661 558 4709 M
613 4665 643 4713 21
666 4661 759 4728 evenit]
785 4661 1002 4715 serenorum.
1023 4662 1125 4724 1215
1179 4660 1295 4709 sensibus
1314 4661 1338 4709 L

102 4730 187 4781 221111
205 4749 250 4782 orn.
266 4733 297 4781 M
349 4733 420 4782 aliter
437 4735 589 4798 percebot
606 4732 679 4783 oiiter
697 4734 818 4799 porroM
869 4741 893 4782 et
905 4732 1043 4797 continguo
1057 4733 1078 4780 ie
1097 4732 1116 4779 it
1130 4732 1162 4780 M
1213 4729 1247 4778 23
1266 4727 1391 4778 referatur

103 4802 158 4851 BL
207 4818 263 4850 cum
283 4819 344 4869 ergo
365 4804 621 4853 oninradnerteremus
639 4807 663 4855 L
682 4820 739 4854 curn
758 4818 819 4853 uero
838 4802 1097 4852 animaduerteremus
1116 4800 1146 4849 M
1199 4800 1233 4849 24
1251 4798 1318 4848 unde
1333 4812 1390 4847 nus·

104 4880 195 4920 cuntur
215 4872 277 4920 BM
347 4875 381 4925 26
400 4873 465 4922 effici
483 4881 589 4939 possunt
608 4875 655 4924 nisi
674 4890 738 4939 qnae
758 4874 788 4923 M
857 4881 950 4922 exeunt
967 4873 991 4922 in
1008 4872 1073 4922 dues
1090 4871 1185 4920 formes
1203 4870 1296 4920 cadunt
1312 4869 1344 4918 M
