3346 5498
719 360 893 441 naevum
1386 356 1450 421 aes

1246 482 1267 522 μ.
1282 467 1383 511 aeae-so
1399 466 1423 511 r.

160 551 239 610 rium
261 548 397 626 Imperii,
427 548 571 607 scrinium
600 549 720 615 scrinii,
750 546 926 626 Capitolium
949 547 1104 627 Capitolii,
1128 549 1287 610 tentorium
1316 549 1448 619 tentorii,

162 634 325 694 armarium
347 634 468 692 armarii
492 631 648 712 [solarium
670 632 787 700 solarii,
811 635 1023 693 armentarium
1046 636 1218 694 armentarii
1242 634 1293 694 ubi
1316 641 1448 694 armenta

160 715 338 798 ponuntur],
362 719 490 797 spatium
512 719 616 796 spatii,
640 718 802 778 sacrarium
825 720 948 778 sacrarii
974 716 1072 798 [locus
1093 721 1124 778 in
1147 738 1205 799 quo
1228 737 1311 780 saera
1335 737 1448 798 ponun-

160 801 242 883 tur];
265 805 308 863 sic
323 803 475 864 horarium
490 802 618 871 horarii,
643 802 783 863 solarium
806 803 922 871 solarii,
946 806 1103 863 tectorium
1127 807 1246 865 tectorii
1272 803 1449 885 [tentorium

134 890 297 957 stentorii,
327 887 358 947 id
381 895 426 947 est
447 886 671 948 tabernaculum
699 885 860 967 militum],
894 888 1069 949 viridarium
1098 889 1248 959 viridarii,
1282 890 1448 969 pomerium

161 974 287 1054 pomerii
312 971 408 1052 [locus
431 980 497 1052 post
519 971 646 1052 muros],
670 973 850 1032 sacrificium
873 973 1023 1042 sacrificii,
1045 974 1150 1035 lolium
1172 974 1246 1044 lolii,
1270 975 1377 1035 solium
1400 993 1447 1033 so·

160 1058 211 1128 lii,
233 1060 437 1118 testimoninm
460 1059 640 1126 testimonib
664 1059 707 1118 sic
729 1060 876 1118 rosarium
898 1061 1020 1128 roserii,
1050 1061 1195 1119 aviarium
1218 1061 1322 1119 ariarii
1353 1057 1450 1138 [locus

160 1143 206 1203 vel
229 1143 316 1203 sedes
338 1141 468 1221 avium],
493 1145 649 1218 augurium
673 1145 804 1220 augurii,
828 1144 992 1222 auspicium
1016 1145 1151 1223 auspicii,
1175 1147 1299 1204 exitium
1325 1143 1328 1220 l
1353 1146 1447 1212 exitii,

161 1228 284 1289 exilium
306 1228 405 1297 exilii,
429 1228 596 1306 prodigium
619 1227 765 1307 prodigii,
789 1228 931 1288 auxilium
953 1229 1072 1297 auxilii,
1097 1229 1279 1309 praesidium
1295 1228 1448 1308 praesidii,

124 1328 149 1367 10
161 1316 269 1374 atrium
292 1315 376 1380 atrii,
400 1315 558 1393 aucupium
582 1315 715 1391 aucupii,
744 1313 925 1373 adiutorium
947 1314 1103 1383 adiutorii,
1132 1317 1314 1392 manprium
1336 1315 1447 1374 manci·

131 1401 220 1479 ·pii,
249 1398 360 1458 dolimn
388 1397 469 1458 dolii.
515 1404 560 1458 est
588 1405 617 1457 et
644 1398 700 1458 alia
729 1399 822 1458 torma
850 1401 970 1475 generis
997 1402 1110 1467 neutri,
1140 1418 1215 1478 quae
1245 1418 1298 1477 per
1320 1418 1355 1459 us
1377 1401 1447 1466 exit,

160 1491 194 1544 ut
214 1483 271 1543 boc
293 1501 385 1562 pecus
406 1483 495 1544 buius
517 1484 635 1562 peeoris
656 1483 726 1543 huic
750 1485 850 1562 pecori
872 1483 929 1544 boe
951 1502 1074 1563 pecuso
1096 1503 1187 1562 pecus
1204 1482 1241 1544 ab
1263 1484 1317 1543 boc
1339 1501 1447 1563 pecore

160 1568 239 1629 haee
256 1585 364 1648 pecora
387 1568 492 1629 borum
514 1586 655 1648 pecorum
682 1567 729 1628 his
757 1568 918 1648 pecoribus
945 1569 1020 1629 baec
1043 1588 1150 1648 pecora
1172 1588 1189 1629 o
1212 1587 1317 1648 pecora
1341 1568 1378 1628 ab
1401 1568 1448 1628 bis

160 1652 330 1734 pecoribus.
376 1653 411 1712 ad
439 1654 515 1713 hane
540 1653 698 1713 formulam
725 1653 940 1714 declinabimus
973 1654 1057 1714 uleus
1085 1654 1200 1722 ulcera,
1230 1654 1346 1714 lacinus
1375 1653 1446 1713 laci·

124 1755 249 1807 isnora,
273 1738 365 1798 vellus
393 1739 518 1808 vellera,
547 1741 645 1799 viscus
672 1740 800 1807 viscera,
830 1758 882 1800 rus
904 1757 988 1808 rura,
1018 1742 1065 1800 ius
1086 1741 1165 1808 iura,
1189 1756 1293 1798 nemus
1315 1757 1446 1805 nemora,

161 1831 264 1901 tergus
291 1829 425 1900 tergora,
456 1831 560 1902 pectus
587 1831 723 1902 pectora,
752 1842 845 1900 genus
872 1842 996 1901 genera,
1026 1824 1142 1903 pondus
1169 1823 1316 1903 pondera,
1340 1841 1448 1902 corpus

161 1927 301 1988 corpora,
326 1907 416 1968 decus
431 1909 553 1977 deeora,
570 1909 660 1969 sunus
674 1909 793 1977 lunera,
816 1909 904 1969 lenus
918 1911 1039 1975 fenera,
1064 1908 1128 1968 olus
1143 1910 1240 1976 olera,
1264 1909 1336 1968 litus
1350 1908 1445 1976 litora,

161 2012 236 2074 opus
250 2010 354 2072 opera,
378 1993 471 2054 rudus
486 1994 608 2061 rudera,
632 2002 680 2053 tus
694 2002 777 2063 tura,
801 2001 918 2074 tempus
931 2001 1074 2073 tempora,
1097 1993 1202 2054 foedus
1216 1993 1346 2061 foedera,
1371 2001 1446 2055 ster-

160 2097 214 2139 cus
235 2086 381 2146 stercora,
411 2097 486 2138 onus
513 2097 618 2147 onera,
647 2078 724 2139 latus
752 2079 854 2139 latera.
899 2088 945 2139 est
971 2079 1028 2138 alia
1056 2081 1173 2157 species
1195 2081 1315 2156 generis
1338 2080 1446 2146 neutri,

122 2181 236 2243 acquae
264 2165 398 2225 continet
426 2166 544 2224 nomina
573 2166 604 2223 in
631 2181 668 2222 ur
695 2165 848 2232 exeuntia,
878 2171 911 2224 ut
938 2164 993 2223 boe
1020 2181 1156 2224 murmur
1178 2164 1266 2224 buius
1288 2166 1448 2224 murmoris

160 2249 231 2309 huie
258 2250 400 2308 murmori
429 2249 485 2308 boc
513 2266 648 2308 murmur
675 2266 692 2307 o
722 2266 856 2308 murmur
878 2248 914 2309 ab
937 2248 993 2309 hoe
1015 2267 1166 2309 murmore
1194 2249 1268 2308 haec
1296 2268 1446 2310 murmora

159 2334 265 2394 horum
294 2351 476 2394 murmorum
504 2333 552 2393 bis
582 2332 783 2394 murmoribus
815 2333 888 2393 baec
919 2352 1070 2394 murmora
1105 2354 1122 2394 o
1150 2352 1301 2395 murmura
1329 2333 1366 2393 ab
1399 2333 1446 2394 bis

160 2418 371 2480 murmoribus.
402 2418 438 2478 ad
460 2418 535 2478 bane
558 2417 715 2478 formulam
738 2418 846 2479 similia
869 2418 1048 2488 declinabis,
1072 2426 1105 2479 ut
1127 2418 1202 2480 ebur
1225 2418 1325 2489 ebora,
1349 2420 1447 2479 lemur

160 2506 287 2571 femora,
311 2502 435 2582 sulphur
457 2503 610 2581 sulpbora,
634 2502 734 2580 fulgur
755 2503 881 2581 fulgora.
916 2503 968 2563 sed
991 2523 1027 2564 ex
1049 2504 1105 2564 bac
1127 2504 1252 2564 lormula
1275 2523 1333 2564 non
1355 2504 1446 2565 multa

121 2591 367 2656 reinveniuntur,
391 2588 554 2666 quomodo
576 2606 670 2667 pauca
693 2595 761 2648 sunt
783 2591 903 2666 generis
925 2591 1035 2657 neutri,
1058 2608 1133 2668 quae
1158 2591 1188 2649 in
1211 2608 1245 2648 or
1267 2598 1392 2658 exeunt,
1415 2598 1447 2649 ut

159 2691 290 2734 marmor
317 2674 406 2733 buius
431 2675 590 2734 marmoris
616 2673 686 2733 huic
715 2676 854 2734 marmori
883 2673 939 2735 hoe
968 2693 1097 2734 marmor
1126 2694 1143 2734 o
1169 2692 1299 2733 marmor*
1327 2673 1363 2734 ab
1391 2674 1446 2733 hoc

159 2776 315 2819 marmore.
361 2760 404 2817 sic
431 2776 542 2838 aequor
569 2777 713 2838 aequora,
743 2778 794 2819 eor
821 2759 920 2819 corda.
965 2760 1021 2819 alia
1050 2761 1166 2837 speeies
1188 2761 1308 2836 generis
1335 2761 1444 2826 neutri,

159 2863 234 2923 quae
261 2845 393 2902 eontinet
421 2845 538 2904 nomina
567 2845 598 2903 in
626 2862 660 2903 ar
687 2843 828 2922 syllabam
851 2846 1005 2914 exeuntia,
1034 2851 1066 2903 ut
1088 2845 1134 2903 lar
1156 2843 1245 2904 buius
1267 2844 1357 2904 larris
1378 2842 1446 2903 huic

159 2931 232 2989 larri
256 2929 382 2988 hoctar
405 2947 422 2987 o
445 2929 492 2988 lar
514 2928 550 2987 ab
573 2927 630 2988 boe
652 2929 747 2997 larre3
770 2931 801 2988 in
824 2928 931 3007 plurali
954 2937 1016 2988 tres
1031 2947 1116 2989 casus
1137 2927 1228 2988 habet
1250 2927 1328 2988 solos
1350 2931 1445 2987 nomi-

120 3029 146 3068 ao
160 3015 291 3075 nativum
314 3013 387 3073 baec
408 3014 504 3082 tarra,
529 3013 728 3073 accusativum
751 3013 889 3073 similiter
911 3013 984 3072 baec
1007 3013 1104 3082 tarra,
1128 3014 1293 3072 vocatisum
1316 3034 1334 3072 o
1354 3014 1444 3073 sarra.

160 3118 217 3159 non
242 3097 332 3157 babet
355 3116 426 3173 ergo
448 3099 611 3174 genitivum
635 3098 765 3157 dativum
788 3106 817 3157 et
839 3097 1008 3158 ablativum.
1034 3093 1038 3177 Ι
1062 3097 1140 3157 uude
1163 3099 1282 3176 triptota
1306 3098 1446 3158 dicuntur

159 3186 190 3244 in
213 3183 335 3261 plurali,
360 3183 389 3242 id
412 3192 458 3242 est
480 3185 570 3241 trium
593 3200 729 3250 casuum,
753 3189 786 3241 ut
808 3190 876 3242 sunt
898 3185 979 3243 iura:
1002 3200 1061 3241 non
1083 3182 1210 3243 dicimus
1225 3182 1331 3243 borum
1346 3185 1444 3242 iurum

159 3269 206 3328 his
228 3267 359 3334 iuribus,
388 3285 444 3326 nec
471 3285 573 3327 aerum
596 3266 732 3336 aeribus,
761 3285 817 3326 nec
845 3267 999 3327 meliorum
1023 3265 1176 3335 mollibus,
1205 3275 1235 3326 et
1257 3267 1314 3328 alia
1336 3286 1444 3347 pauca:

160 3371 214 3413 nec
243 3354 322 3411 enim
351 3351 440 3411 multa
468 3358 547 3411 sunt.
592 3352 667 3412 banc
696 3368 768 3427 ergo
797 3352 922 3412 sormam
944 3370 1069 3412 numero
1091 3357 1204 3412 tantum
1228 3352 1371 3429 singulari
1394 3352 1444 3412 de-

122 3437 295 3497 aselinabis.
334 3442 363 3494 et
386 3436 441 3495 boo
464 3443 566 3495 nectar
589 3439 734 3504 nectaris,
758 3435 836 3496 lasar
858 3435 962 3498 lasaris
984 3444 1014 3496 et
1035 3438 1145 3505 instar,
1169 3437 1247 3516 quod
1271 3444 1316 3497 est
1338 3437 1444 3498 simili·

160 3523 230 3583 tudo
255 3520 321 3600 [sed
345 3529 407 3580 tres
429 3539 514 3580 casus
535 3519 662 3590 babent,
686 3523 900 3581 nominativum
923 3524 1121 3582 accusativum
1144 3529 1174 3581 et
1195 3520 1392 3603 vocativum],
1416 3530 1446 3582 et

160 3613 229 3666 sunt
250 3606 367 3665 numeri
390 3612 503 3664 tantum
525 3605 693 3682 singularis.
725 3605 781 3666 alia
804 3608 920 3685 species
942 3609 1061 3684 generis
1083 3609 1192 3675 neutri,
1216 3626 1291 3686 quae
1313 3608 1445 3667 continet

159 3693 276 3752 nomina
306 3692 336 3748 in
365 3708 398 3748 er
426 3691 579 3759 exeuntia,
608 3691 660 3750 sed
688 3693 804 3751 numeri
832 3698 945 3752 tantum
968 3691 1141 3769 singularis,
1171 3692 1227 3751 boc
1249 3694 1336 3771 piper
1357 3692 1446 3752 buius

159 3777 273 3854 piperis
295 3774 364 3832 buic
386 3776 484 3853 piperi
507 3775 562 3834 boc
591 3779 677 3855 piper
705 3795 723 3835 o
752 3779 838 3857 piper
865 3775 901 3836 ab
924 3777 980 3836 boc
1002 3779 1118 3856 pipere.
1162 3777 1198 3838 ad
1221 3777 1298 3837 bano
1318 3778 1443 3838 formam

229 4010 244 4056 2
263 4007 385 4057 solarium
403 4010 489 4059 solarii
508 4014 637 4061 tectorium
651 4013 747 4062 tectorii
767 4015 945 4063 armentarium
962 4012 1134 4064 marmentarii
1152 4010 1386 4076 (armamentarium
1406 4028 1444 4062 ar-

159 4079 316 4128 mamentarii
330 4079 474 4140 Putscbius)
493 4080 637 4145 spaciums·
655 4082 787 4133 Putacltius
849 4083 865 4134 3
884 4083 955 4133 loeus
972 4084 997 4131 in
1010 4098 1060 4148 qno
1079 4097 1152 4133 sacru
1170 4093 1298 4147 ponuntur
1315 4099 1360 4133 om.
1375 4097 1392 4140 ς
1417 4102 1424 4117 ⁴

159 4151 175 4198 4
193 4147 321 4196 horarium
339 4148 434 4198 horarii
452 4149 584 4201 Putsebius
602 4153 712 4202 orarium
727 4154 803 4201 orarii
821 4155 866 4208 Fe
935 4153 1055 4202 solarium
1073 4152 1160 4203 solarii
1179 4167 1248 4202 corr.
1264 4152 1383 4202 salarium
1403 4167 1443 4200 ss-

160 4218 215 4266 lsrii
234 4217 258 4264 F
273 4218 392 4267 salarium
413 4219 500 4267 salarii
519 4228 536 4275 ς
598 4224 727 4271 tectorium
743 4251 778 4260 —
796 4222 902 4271 militum
921 4237 1001 4279 orne
1062 4224 1079 4272 6
1098 4222 1168 4271 locus
1184 4232 1242 4287 post
1262 4236 1347 4271 moros
1366 4237 1411 4273 om.
1428 4235 1445 4277 ς

229 4288 243 4335 7
264 4287 333 4337 locus
353 4288 390 4335 vel
407 4289 481 4337 sedes
499 4292 584 4338 avium
604 4307 650 4342 om.
672 4305 688 4347 ς
741 4292 758 4342 8
776 4292 892 4357 agurium
912 4293 996 4357 agurii
1014 4293 1040 4340 F
1098 4291 1222 4342 tatanus
1242 4289 1342 4355 lunera]
1363 4306 1444 4340 zuuus

161 4357 296 4405 ruueroF
364 4356 395 4407 18
415 4358 518 4406 foedera
536 4360 560 4407 id
579 4370 617 4411 est
635 4364 748 4425 paetaF
814 4361 848 4410 20
866 4360 941 4409 buius
958 4363 1093 4410 murmuris
1110 4363 1222 4412 etrics'n
1240 4363 1376 4425 reliquias

159 4424 323 4494 aeramina]
348 4428 546 4478 nominatiqu
614 4430 648 4482 33
667 4446 713 4480 nec
733 4445 892 4479 aeranemm
914 4430 1014 4479 aeribus
1033 4431 1238 4480 adaeramentum
1259 4446 1304 4479 nec
1320 4432 1345 4479 F
1410 4428 1444 4477 31

159 4496 236 4544 multa
251 4507 317 4544 sunt.
344 4496 406 4545 baec
422 4499 521 4546 nomino
542 4499 566 4546 in
586 4516 628 4549 um
648 4508 753 4566 ponunt.
777 4508 817 4549 eat
834 4500 900 4549 enim
919 4514 1018 4549 morum
1034 4500 1128 4549 farrum
1145 4501 1169 4548 in
1186 4500 1299 4565 genitiuo
1318 4499 1401 4547 dicere
1418 4499 1442 4545 iu

160 4567 211 4613 dat.
231 4565 270 4614 bis
284 4566 393 4615 fartibus
411 4574 434 4614 et
450 4568 473 4616 in
494 4567 544 4619 abl.
564 4569 595 4617 ab
612 4569 653 4621 bis
674 4570 791 4622 torribus.
811 4568 876 4617 bane
896 4569 921 4618 F
936 4569 1015 4619 multa
1033 4580 1099 4620 sunt.
1119 4570 1157 4620 sic
1175 4585 1221 4618 nec
1237 4568 1326 4617 borum
1347 4567 1442 4615 farrum

160 4636 184 4682 in
198 4636 312 4700 genitiuo
333 4652 469 4701 possumne
488 4637 570 4687 dicere
587 4647 629 4690 aut
648 4641 673 4689 in
693 4640 779 4689 datico
798 4639 838 4687 bis
857 4638 976 4688 fatribus.
993 4638 1091 4695 hones
1151 4638 1184 4690 34
1202 4637 1343 4687 declinabis
1359 4646 1444 4687 nector

158 4718 174 4758 ς
227 4704 260 4755 35
276 4705 356 4754 lassor
368 4707 448 4768 (corr.
466 4707 544 4767 iasar)
560 4707 663 4759 lassaris
673 4710 698 4759 F
715 4710 795 4759 lasser
807 4708 911 4757 lasseris
924 4721 942 4764 ς
954 4707 1020 4758 laser
1034 4708 1124 4760 laseris
1139 4709 1284 4758 Putaclliua:
1304 4709 1338 4769 cf.
1349 4707 1441 4773 srapm.

160 4774 223 4824 Bob.
237 4775 269 4823 de
288 4791 350 4826 nom.
368 4793 394 4839 p.
417 4775 464 4826 131
485 4778 525 4829 ed.
548 4779 623 4828 Vinci.
695 4780 729 4831 36
754 4779 799 4828 sed
817 4777 892 4828 babet
910 4785 961 4828 tres
979 4793 1054 4829 casus
1072 4788 1167 4829 tanturn
1184 4792 1251 4831 nom.
1269 4791 1324 4830 aee.
1341 4786 1365 4826 et
1384 4792 1441 4829 uoc.

160 4851 184 4890 et
199 4852 237 4891 est
252 4847 384 4901 numeris
454 4855 478 4894 et
497 4861 541 4895 om.
560 4849 586 4896 F
