3346 5498
667 364 903 426 COblblENTVlll
1370 359 1429 424 251

1249 483 1270 525 p.
1284 471 1371 512 are-so
1384 469 1409 510 ι.

139 564 203 624 aut,
226 556 251 615 si
273 573 332 615 non
354 555 446 616 luerit
467 572 585 623 nomen,
610 551 683 615 nihil
705 553 784 614 aliud
808 565 852 614 est
873 555 929 614 nisi
951 553 1138 623 adverbium:
1165 570 1224 613 non
1246 557 1433 631 potestesse

138 675 307 736 pronomen
330 665 380 717 aut
401 657 597 736 participium,
622 655 675 716 sed
697 658 795 718 statim
818 655 990 718 adverbium
1013 656 1090 717 lacit.
1136 651 1302 734 pronomen
1324 661 1380 714 est:
1408 653 1433 715 si

139 767 187 820 est
215 777 396 839 pronomen,
426 758 517 827 bene;
553 759 578 818 si
608 767 749 828 nonest,
780 758 951 821 adverbium
981 767 1035 819 est.
1081 760 1177 818 ornnis
1198 775 1269 837 pars
1291 756 1432 816 orationis

138 861 256 923 deiecta
278 881 293 922 a
317 862 530 940 significatione
554 862 601 921 sui
624 861 653 922 in
677 860 848 921 adverbium
872 879 990 940 semper
1018 859 1104 921 cadit.
1150 877 1313 937 numquam
1334 866 1434 937 potest

85 971 124 1011 ⁶⁵
139 964 206 1024 fieri
228 971 262 1024 ut
283 965 314 1024 in
337 963 415 1024 aliud
438 963 532 1024 cadat.
567 970 693 1042 utputa
716 962 867 1023 videamus
890 962 1039 1040 exempla:
1062 961 1146 1032 lalso,
1168 961 1217 1023 hio
1239 960 1329 1022 lalsus
1344 958 1433 1020 buius
1527 993 1531 1000 ·

129 1052 306 1126 'falsi'lruic
335 1063 423 1135 lalsn,
453 1065 567 1126 dativus
594 1073 647 1125 est.
692 1065 877 1126 inveniamus
906 1064 1116 1125 elocutionem:
1150 1061 1223 1124 lalso
1252 1070 1303 1123 aut
1325 1080 1432 1121 nornen

138 1166 231 1227 habet
252 1168 426 1244 significare,
451 1174 511 1244 aut,
527 1169 552 1228 si
569 1185 628 1227 non
644 1168 789 1246 signifieat
805 1185 922 1235 nomen,
947 1169 1003 1226 erit
1017 1165 1198 1226 adverbium.
1229 1182 1296 1226 narn
1320 1162 1433 1224 ‘lalso

139 1270 317 1348 queritur
351 1269 393 1330 de
426 1277 559 1330 natura
593 1288 657 1329 sua
692 1286 809 1348 genus
839 1269 1064 1338 humanum',
1102 1267 1150 1327 bie
1179 1264 1351 1328 adverbium
1380 1273 1433 1325 est.

140 1373 212 1431 item
236 1388 401 1450 pronomen
424 1378 453 1431 et
475 1371 655 1440 adverbium,
680 1378 713 1431 ut
734 1380 779 1432 est
800 1372 860 1451 qui.
905 1388 1026 1450 possum
1049 1370 1139 1429 etita
1162 1368 1272 1437 dicere,
1297 1368 1365 1444 ‘qui
1389 1374 1434 1427 est

96 1484 125 1522 1⁰
140 1475 193 1551 qui
216 1472 270 1533 tibi
292 1472 364 1533 lecit
381 1474 557 1534 iniuriam'?
586 1475 611 1534 si
634 1475 674 1533 ita
696 1472 801 1538 dicam,
825 1472 913 1534 modo
935 1489 1101 1551 pronomen
1124 1471 1189 1530 erit.
1220 1471 1246 1530 si
1268 1469 1348 1530 dicas
1370 1468 1433 1546 ‘qui

139 1575 233 1634 scisi'
266 1550 321 1654 pro
344 1592 379 1636 eo
402 1575 481 1652 quod
504 1584 549 1635 est
572 1574 659 1644 unde,
684 1593 754 1636 ecce
773 1577 778 1652 Ι
797 1577 855 1635 iam
878 1593 937 1635 non
961 1582 1006 1635 est
1028 1591 1209 1653 pronomen.
1240 1571 1293 1632 sed
1316 1578 1362 1632 est
1383 1570 1433 1631 ad·

139 1674 284 1737 verbium.
329 1679 400 1738 item
422 1695 500 1756 pone
523 1679 579 1737 erit
600 1676 739 1737 verbnm:
777 1684 858 1738 muta
882 1683 1051 1745 accentum,
1082 1675 1204 1736 etlaeit
1226 1673 1304 1754 pone'
1327 1674 1434 1734 eterit

139 1778 322 1840 adverbium.
366 1781 437 1839 item
461 1778 594 1859 prolecto
617 1778 735 1858 quando
757 1778 883 1839 dicimus
906 1777 976 1858 [pro
1004 1776 1103 1838 brevis
1133 1785 1178 1838 est
1206 1776 1295 1838 modo
1317 1773 1432 1856 modo].

141 1888 172 1940 et
194 1881 381 1961 participium
411 1889 455 1940 est
482 1889 512 1941 ει
534 1880 716 1941 adverbium.
762 1882 786 1940 si
808 1882 848 1939 na
870 1879 966 1950 dicas,
996 1880 1148 1960 ‘prolecto
1179 1878 1251 1939 mibi
1275 1877 1312 1938 ad
1335 1876 1433 1938 villam

93 1990 125 2033 1⁵
140 1981 213 2044 illud
236 1984 386 2060 negotium
409 1984 554 2061 contigit',
579 1981 635 2043 tale
659 1991 703 2042 εει
725 2000 759 2042 ac
781 1983 806 2042 si
829 1982 943 2042 diceres
965 1982 1046 2043 ‘cum
1062 1981 1215 2061 proiectus
1231 1999 1336 2053 essem,
1360 1979 1433 2041 illud

138 2085 293 2162 negotium
316 2083 388 2144 mibi
410 2085 560 2162 corrrigit'.
606 2102 676 2163 crgo
700 2084 788 2144 modu
811 2084 999 2163 participium
1024 2091 1077 2144 cst.
1111 2084 1137 2143 si
1158 2083 1216 2143 boc
1239 2082 1328 2150 dieas,
1352 2082 1433 2161 ‘pro-

139 2185 220 2246 iecto
242 2196 351 2265 quanto
373 2188 465 2264 magis
487 2188 639 2265 magisque
661 2186 819 2255 arbitror',
844 2185 932 2246 modo
955 2184 1128 2246 adverbium
1152 2194 1205 2245 est.
1244 2196 1313 2245 ante
1335 2193 1434 2264 potest

139 2297 172 2347 ει
192 2288 373 2366 praepositio
395 2307 459 2349 esse
482 2296 511 2347 et
532 2287 719 2349 adverbium:
749 2288 834 2348 ‘ante
857 2287 1028 2368 tempium',
1059 2288 1147 2349 modo
1169 2287 1350 2367 praepositio
1374 2292 1431 2355 cst;

138 2391 228 2449 ‘ante
251 2389 348 2477 lecit',
372 2390 460 2450 modo
483 2389 653 2450 adverbium
677 2397 731 2450 est.
776 2409 844 2451 narn
872 2392 1009 2470 quotiens
1031 2407 1117 2451 casus
1139 2397 1317 2468 sequuntur,
1347 2405 1433 2468 prae·

93 2491 250 2570 repositio
273 2499 332 2558 cst;
362 2493 596 2569 quotiensnon,
619 2490 791 2552 adverbium
820 2500 875 2553 est.
920 2501 952 2553 ιιι
976 2500 1074 2572 potest
1101 2499 1131 2553 et
1158 2493 1330 2553 coniunctio
1359 2508 1432 2560 esse,

138 2599 239 2672 potest
262 2601 291 2653 et
313 2592 499 2654 adverbium:

293 2703 330 2756 ut
351 2695 440 2767 vidi,
465 2703 502 2755 ut
526 2697 636 2776 perii,
661 2705 699 2757 ut
721 2715 775 2757 me
798 2697 915 2757 nialus
937 2696 1095 2759 ulrstulit
1119 2715 1239 2756 error:

139 2799 170 2857 in
193 2796 344 2876 prioribus
370 2795 443 2857 lucis
472 2800 641 2859 coniunctio
665 2806 723 2866 est,
752 2801 782 2859 in
810 2800 975 2878 posteriore
1002 2796 1175 2858 adverbium
1204 2805 1257 2857 εει.
1302 2796 1376 2856 Ιιειιε
1405 2801 1434 2855 ει

137 2900 306 2959 interiectio
329 2907 373 2959 est
395 2909 424 2958 et
445 2898 635 2960 adverbium:
660 2902 685 2961 si
708 2900 790 2960 dieas

95 3014 125 3055 ra
292 2999 384 3061 bens
407 3003 517 3062 etiam
540 3021 685 3063 mensas
707 3004 973 3070 consumimus,
997 3001 1120 3080 inquit
1142 2999 1259 3068 lulns,

139 3099 230 3162 modo
252 3103 419 3163 interiectio
441 3115 500 3171 cst;

293 3203 400 3273 benS,
424 3207 564 3283 inquit,
589 3207 759 3274 iuvencS,
784 3214 990 3266 monstrate
1013 3223 1186 3273 mearum,
1207 3207 1212 3276 Ι

140 3303 230 3366 modo
252 3305 422 3366 adverbium
447 3317 491 3369 est
512 3307 707 3368 inclamantis.
753 3324 825 3385 ergo
848 3307 928 3368 vides
957 3326 1061 3368 omnes
1089 3314 1191 3386 partes
1219 3307 1361 3366 orationis
1383 3305 1432 3365 lra-

140 3406 214 3467 bere
237 3406 382 3484 quandam
406 3410 613 3486 cognationem
636 3427 702 3468 enm
726 3408 875 3469 adverbio.
913 3428 980 3470 nam
1003 3410 1027 3468 si
1050 3407 1173 3469 desierit
1195 3426 1261 3468 εεεε
1283 3407 1363 3486 quod
1378 3415 1432 3476 est,

97 3529 126 3570 ao
140 3507 216 3568 nihil
238 3517 282 3569 est
304 3507 381 3568 alind
405 3512 460 3569 nisi
483 3509 666 3579 adverbium,
711 3513 795 3571 utin
818 3512 938 3571 nomine
960 3510 1042 3585 lalso,
1066 3512 1097 3571 in
1119 3510 1296 3590 pronomine
1318 3510 1378 3588 qui,
1401 3511 1432 3569 in

139 3608 232 3670 verbo
255 3628 348 3689 pone,
376 3613 407 3670 in
430 3614 587 3690 participio
610 3614 759 3691 prolecto,
787 3614 818 3672 in
841 3615 1049 3674 coniunctione
1078 3623 1120 3683 ut,
1151 3615 1182 3672 in
1210 3612 1432 3691 praepositione

139 3717 224 3781 ante,
252 3713 282 3771 in
310 3713 515 3773 interiectione
545 3713 628 3775 heus.
675 3732 747 3792 ergo
775 3733 878 3775 omnes
905 3721 1004 3794 partes
1032 3716 1173 3775 orationis
1201 3732 1269 3774 cum
1292 3711 1433 3774 adverbio

76 3824 81 3830 ·
138 3814 346 3891 cognationem
369 3814 487 3874 babent.
533 3816 584 3876 sed
608 3815 710 3895 plane,
734 3818 788 3884 ait,
811 3819 843 3876 in
865 3816 911 3876 his
932 3816 1023 3878 rebus
1044 3815 1140 3894 aliqua
1164 3816 1361 3877 discernimus
1383 3835 1431 3876 ac·

138 3921 240 3982 centu,
264 3932 353 3975 sensu
377 3914 483 3994 aliqua.
528 3936 595 3994 nam
620 3936 698 3991 ecee,
723 3926 755 3978 ut
776 3916 945 3996 intellegam
970 3918 1112 3998 prolecto,
1137 3917 1256 3996 quando
1280 3924 1326 3979 est
1341 3919 1432 3997 parti·

96 4018 267 4095 ancipitum,
296 4017 412 4092 quando
442 4019 629 4089 adverbium,
659 4038 749 4080 sensu
772 4019 919 4080 discerno.
965 4027 998 4081 nt
1024 4029 1123 4081 autem
1148 4019 1318 4097 intellegam
1344 4038 1431 4099 pone,

138 4118 198 4177 boc
225 4134 285 4176 non
314 4116 408 4178 solnm
437 4119 575 4181 discerno
602 4140 707 4191 sensu,
742 4121 794 4182 sed
828 4125 916 4183 etiam
944 4130 1078 4184 accentu.
1124 4141 1196 4201 ergo
1223 4124 1254 4183 in
1282 4120 1431 4201 plerisque

138 4218 317 4296 significatio
340 4223 397 4279 erit
419 4240 454 4280 ex
478 4231 611 4291 accentu,
635 4224 665 4282 in
687 4222 837 4303 plerisque
860 4227 917 4286 erit
939 4244 974 4286 ex
997 4244 1096 4287 sensu.

225 4318 289 4379 lloe
317 4322 395 4399 quod
424 4322 558 4384 dicturus
586 4333 631 4385 est
659 4324 742 4386 valde
770 4326 856 4387 nobis
879 4335 924 4387 est
944 4326 1031 4396 utile,
1056 4335 1087 4386 ut
1109 4327 1249 4395 sciamus,
1284 4343 1372 4402 quem
1395 4323 1430 4384 ad
1443 4308 1502 4435 ffl:
1515 4310 1548 4426 {⁷

211 4509 227 4558 7
246 4487 322 4573 laiso]
340 4510 402 4560 Sall.
416 4510 501 4575 lupi
576 4511 608 4560 lt
623 4521 648 4561 ει
665 4514 825 4579 participium
841 4522 865 4561 et
883 4512 1031 4562 aduerbium
1049 4513 1100 4563 BG
1119 4523 1144 4562 et
1160 4512 1310 4563 aduerbium
1327 4520 1352 4559 et
1370 4525 1429 4575 pnr-

136 4579 257 4659 tinipium
275 4579 298 4626 A
384 4582 416 4630 15
435 4582 559 4645 contingit
579 4581 636 4631 AB
727 4584 758 4634 16
777 4583 883 4664 contigit
899 4583 1036 4649 (contingit
1051 4583 1119 4648 AB)
1137 4583 1295 4661 participium
1314 4590 1352 4629 εει
1367 4594 1428 4646 ergo

136 4648 224 4784 'suffit
236 4664 266 4766 lb
278 4647 457 4771 {gblntngiine
472 4652 1078 4787 essssllptgieptogegttoeptfflSalaminemgrangis&
1089 4649 1383 4787 ἓνῗυῑιῐεὺὲἶωᾶθιῖα
1402 4658 1429 4697 m

136 4799 165 4838 nt
186 4787 329 4852 periBCo
348 4794 460 4854 ..peri¹
481 4793 505 4841 A
576 4793 609 4841 25
628 4793 692 4841 heus
706 4791 792 4860 etiam]
817 4795 895 4858 Verp.
916 4793 982 4844 Aen.
1002 4795 1046 4842 l'll
1067 4793 1116 4844 llll
1203 4791 1235 4839 27
1254 4787 1427 4858 heininquit]

140 4859 224 4923 Verg-
244 4858 309 4908 Aen.
329 4857 405 4910 1321
477 4862 510 4913 33
529 4864 706 4930 cognationem
729 4863 914 4919 dommoruna
932 4864 1143 4936 significationem
1161 4860 1243 4915 ABG
