3346 5498
121 1616 208 1677 tete

122 1686 207 1744 atne

223 399 264 463 98
793 401 946 464 POMPElI
992 448 995 452 <

249 522 270 563 p.
284 512 305 549 8.
318 512 330 549 9
345 508 366 549 Ι,.

223 593 247 650 si
276 590 331 650 boc
360 588 454 649 solnm
484 589 578 658 dicas,
604 589 757 650 ‘mortuns
780 593 852 658 est',
881 588 1051 666 ambignum
1074 595 1133 655 est,
1157 604 1216 665 qno
1238 584 1344 644 alleotu
1367 582 1433 650 boc,
1446 601 1515 662 per·

224 690 336 752 tulecis.
381 691 462 752 rides
489 710 561 769 ergo
589 693 657 771 qnia
686 690 758 751 haec
786 689 929 769 particula
959 691 1133 768 interposita
1156 687 1294 766 exprimit
1316 685 1403 746 nobis
1425 685 1516 745 animi

223 795 353 854 allectus.
400 811 467 853 nam
497 793 652 873 aliquoties
678 791 759 853 illam
786 792 1008 870 ambiguitatem
1037 791 1188 851 discernit.
1234 806 1304 848 ecce
1327 787 1387 847 dixi
1409 787 1464 848 tibi
1487 794 1517 847 et

223 897 341 955 nomina
363 896 489 973 partium
514 902 543 954 et
565 894 716 962 ordinem,
740 903 769 955 et
792 912 884 973 qnare
906 895 945 954 ita
968 901 1087 954 vocatae
1109 900 1187 961 snut,
1213 898 1242 951 et
1264 907 1355 967 qnare
1378 890 1444 968 ipso
1467 907 1515 948 or·

223 996 291 1056 tlluc
315 999 429 1073 positae
452 1003 529 1057 snat.

307 1098 438 1159 ltiximns
466 1116 537 1176 ergo
566 1099 705 1175 quoniam
739 1096 815 1157 bene
850 1098 920 1157 lecit
946 1097 1091 1164 Donatus,
1125 1104 1241 1176 partem
1268 1092 1348 1153 illam
1381 1094 1514 1171 priorem

222 1198 353 1260 scribere
375 1199 550 1267 infantibus,
574 1201 769 1279 posteriorem
793 1199 938 1260 omnibus.
978 1207 1021 1259 est
1045 1200 1123 1258 enim
1146 1196 1267 1257 robusta
1290 1203 1319 1255 et
1340 1194 1432 1254 utilis.
1468 1196 1513 1254 iu·

222 1302 309 1361 cboat
332 1321 347 1360 a
371 1300 476 1362 litteris
499 1303 552 1361 ista
574 1301 718 1381 particula
742 1319 818 1380 qnae
839 1300 961 1361 uberior
984 1307 1028 1360 est
1050 1307 1080 1360 et
1102 1299 1191 1359 habet
1213 1305 1378 1358 tractatum.

742 1487 791 1549 ΒΕ
814 1486 986 1549 LITTERIS

307 1608 426 1667 tlnustat
454 1606 530 1686 apntl
560 1624 663 1667 omnes
692 1607 879 1667 Carmentem
903 1606 1066 1685 Nympbam
1094 1603 1188 1669 illam,
1219 1602 1350 1664 Euandri
1378 1610 1513 1674 matrem,
1528 1627 1551 1663 to

222 1727 296 1787 qnae
319 1710 486 1769 Nicostrata
510 1708 678 1777 dicebatur,
707 1706 812 1767 latinas
841 1707 955 1767 litteras
977 1708 1134 1766 invenisse.
1179 1707 1242 1783 ipsa
1264 1707 1393 1784 primum
1418 1712 1514 1766 trans-

223 1809 340 1870 tulitin
369 1810 480 1871 ltaliam
508 1808 614 1871 latinas
636 1809 758 1869 litteras.
805 1808 861 1869 boc
884 1808 1026 1870 habemus
1048 1808 1131 1867 initio
1153 1806 1241 1876 Livii,
1274 1815 1303 1867 et
1325 1807 1515 1868 ‘Euander

224 1913 276 1971 vir
309 1911 498 1971 mirabilis
532 1913 779 1971 veneratione
813 1910 1056 1978 litteracnm’,
1091 1911 1212 1969 omnino
1243 1908 1332 1969 rerba
1360 1916 1430 1970 sunt
1457 1911 1514 1969 ista

222 2013 309 2082 litii,
335 2015 406 2073 ‘rei
429 2032 545 2073 norae
567 2015 666 2073 iuter
688 2013 801 2073 rudes
824 2010 1020 2072 bomiues'.
1066 2018 1136 2070 tnnc.
1159 2013 1287 2088 primum
1310 2017 1514 2089 apparuerunt

221 2113 345 2175 litterae.
376 2112 379 2195 1
409 2113 526 2175 litterae
554 2114 648 2175 dictae
677 2123 744 2174 sunt
766 2114 821 2174 ltac
844 2116 973 2181 ratione,
1004 2113 1085 2189 qnasi
1107 2110 1263 2189 legiterae,
1287 2112 1365 2189 quod
1387 2111 1551 2190 legenti-m

222 2216 275 2276 bns
297 2218 354 2276 iter
377 2215 549 2295 praebeant.
593 2234 662 2275 aaut
685 2218 785 2295 utiquc
808 2215 1002 2275 adtendentes
1024 2214 1138 2273 litteras
1161 2211 1320 2292 implemus
1343 2212 1512 2274 lectionem.

222 2335 291 2395 ergo
314 2316 359 2376 rel
382 2317 449 2377 iden
472 2317 566 2378 dictae
590 2326 659 2377 snut
680 2317 811 2386 litterae,
835 2315 880 2377 vel
904 2316 970 2376 ideo
993 2314 1071 2394 qnod
1094 2313 1221 2392 legendo
1243 2317 1400 2375 iterentur.
1446 2334 1513 2376 nam

221 2437 287 2478 eum
312 2421 371 2478 sint
393 2418 501 2488 Xlllll,
525 2427 624 2480 tamen
648 2421 744 2478 varias
767 2419 947 2477 conexiones
970 2418 1093 2484 iaciunt,
1117 2415 1146 2475 id
1171 2423 1217 2477 est
1240 2416 1514 2478 variaar'elocutio·

221 2538 298 2580 nent.
343 2536 415 2597 ergo
439 2520 476 2581 ob
499 2520 574 2580 bano
598 2538 715 2580 cattsam
738 2519 833 2579 dietae
855 2526 925 2578 snat
946 2517 1076 2584 litterae,
1100 2517 1145 2578 rel
1168 2517 1245 2596 quod
1268 2517 1435 2595 legentibus
1457 2521 1515 2580 iter

221 2621 383 2700 praebeant
405 2621 450 2681 vel
474 2620 550 2700 qnod
574 2620 700 2698 legendo
723 2623 877 2680 iterentur.
910 2622 982 2680 istae
1005 2620 1121 2680 litterae
1144 2619 1220 2698 apud
1244 2622 1371 2680 maiores
1392 2630 1550 2682 nostrosao

220 2742 279 2783 uon
303 2724 423 2783 luerunt
445 2721 551 2791 Xlllll,
576 2722 627 2782 secl
650 2722 722 2782 xvi.
754 2730 855 2800 postea
879 2721 994 2782 additae
1017 2727 1087 2783 sunl
1109 2720 1192 2780 aliae.
1231 2722 1272 2781 ita
1295 2723 1382 2783 etiam
1405 2730 1513 2784 tracta-

222 2834 303 2885 turus
332 2831 388 2893 est,
420 2829 453 2884 nt
481 2823 586 2884 doceat
616 2824 686 2883 olim
715 2822 777 2883 XVl
800 2824 906 2892 luisse,
936 2831 1037 2912 postea
1067 2842 1101 2883 ex
1130 2823 1280 2902 superllno
1303 2822 1418 2885 additas
1441 2823 1512 2886 alias

220 2925 332 2986 litteras
355 2934 385 2986 et
407 2927 498 2986 lactas
520 2924 619 2984 xttltt.
651 2924 794 2984 babemus
816 2923 873 2984 boc
896 2926 925 2984 in
949 2924 1032 2985 libris
1054 2926 1089 2985 ad
1105 2925 1214 2985 Attium
1237 2923 1315 3003 apud
1339 2926 1512 2994 Varronem,

220 3036 249 3087 et
271 3047 323 3087 cur
346 3035 389 3087 tot
411 3029 469 3088 sint
493 3034 522 3087 et
543 3045 634 3106 quare
659 3046 693 3085 eo
716 3026 820 3086 ordine
848 3028 961 3105 positae
990 3034 1019 3086 et
1040 3045 1131 3106 qnare
1153 3026 1246 3086 isdem
1271 3027 1441 3087 nominibus
1463 3046 1513 3088 vo-

220 3138 332 3189 centur.
379 3137 448 3189 snnt
475 3135 572 3188 antem
603 3127 718 3188 litterae
740 3127 844 3195 XXlll,
875 3129 911 3188 de
934 3127 1039 3205 quibus
1061 3135 1241 3189 tractaturus
1263 3145 1337 3189 snm.
1382 3129 1434 3190 sed
1456 3128 1549 3191 haere

290 3369 303 3418 1
329 3382 443 3417 mortuns
468 3375 506 3416 est
526 3367 674 3432 ambiguum
693 3376 731 3416 est
747 3367 771 3415 t
793 3376 907 3417 mortuns
925 3376 963 3415 cst
982 3366 1032 3430 (eat
1052 3383 1096 3420 out.
1117 3367 1150 3429 C)
1167 3367 1191 3415 itt
1211 3366 1274 3429 (lam
1294 3369 1335 3416 A?
1353 3381 1420 3417 corr.
1439 3367 1462 3415 itt
1482 3366 1512 3431 a)

179 3437 511 3501 ·ambignttmestAllC
560 3437 798 3499 dpartittmom,A
848 3436 1057 3485 uocataABGL
1106 3436 1290 3501 apostnsnm
1304 3473 1509 3490 .............

220 3508 337 3570 qnoniam
355 3507 378 3554 Α
397 3507 481 3570 posita
499 3518 557 3554 snut
573 3507 685 3554 diximus
702 3508 726 3554 icl
747 3511 761 3556 e
779 3519 804 3556 et
822 3510 944 3556 rationem
959 3506 1056 3555 ordinis
1075 3509 1146 3569 (quia
1166 3515 1221 3570 post
1240 3520 1330 3554 nomen
1351 3507 1454 3555 uerbum
1472 3518 1512 3555 est

220 3586 244 3624 ct
262 3587 319 3640 post
335 3577 437 3624 uerbum
457 3577 617 3640 participium
635 3577 695 3625 add.
714 3581 738 3633 ct
758 3592 820 3641 ergo
838 3579 956 3639 qnoniam
977 3578 1018 3625 Cn
1037 3578 1121 3640 posita
1138 3585 1197 3624 suut
1217 3576 1330 3625 diximus
1348 3577 1375 3624 itl
1392 3580 1406 3626 ὃ
1426 3588 1450 3624 et
1470 3591 1510 3625 ra·

219 3648 312 3693 tiutrem
329 3645 426 3693 ordinis
446 3646 610 3706 posteriorem
628 3646 754 3693 omnibus.
794 3648 908 3695 lliximus
930 3661 990 3709 ergo
1010 3647 1129 3706 qnoniam
1149 3646 1187 3694 B:
1216 3645 1300 3709 posita
1320 3656 1379 3694 sunt
1397 3646 1519 3695 diximus·

220 3729 282 3779 ergo
303 3715 422 3776 ‹qttttniam
441 3715 503 3760 berte
523 3715 587 3762 dixit
607 3715 714 3763 donatus
736 3725 830 3777 partem
851 3717 918 3764 illam
937 3718 1044 3778 priorem
1063 3717 1171 3764 scribere
1189 3715 1328 3763 inl'autibus
1342 3718 1510 3779 posteriorem

220 3783 346 3831 omnibns.
365 3794 403 3831 est
419 3783 521 3830 robusta
534 3781 565 3831 ‘et
583 3785 661 3832 utilis.
681 3783 798 3832 ineboata
816 3784 934 3833 alitteris
949 3787 1026 3849 igitur
1044 3799 1104 3850 pars
1118 3787 1166 3833 ista
1185 3800 1250 3848 quae
1269 3785 1371 3833 uberior
1388 3797 1427 3835 est
1446 3801 1510 3850 qnae

220 3851 294 3900 babet
313 3862 443 3901 tractatum
463 3867 527 3912 quae
546 3854 620 3902 etiam
640 3854 790 3918 exponenda
811 3864 849 3902 est
867 3854 983 3903 inclinata
1002 3864 1040 3903 cst
1057 3869 1072 3903 a
1092 3856 1191 3904 litteris.
1222 3856 1265 3902 illa
1284 3869 1345 3902 uero
1363 3869 1423 3919 pars
1441 3857 1511 3920 prior

220 3922 280 3970 uiltil
302 3921 376 3970 babet
397 3922 551 3970 dificultatis.
579 3925 627 3970 ista
644 3925 728 3986 itaque
745 3924 776 3971 de
794 3924 883 3972 litteris
901 3925 932 3973 dc
951 3926 1047 3973 sillabis
1066 3925 1097 3972 de
1111 3925 1217 3987 pedibus
1232 3925 1263 3972 de
1277 3926 1423 3974 accentibus
1436 3923 1511 3974 habet

220 3993 344 4039 uindicaui
364 3991 537 4039 dilicultntcm.
558 3993 615 4054 quis
636 3994 731 4054 primus
751 3991 842 4040 latinas
865 3993 960 4043 litteras
973 3995 1092 4059 repperit.
1114 3994 1217 4042 Constat
1239 3994 1261 4041 L
1330 3998 1347 4043 d
1366 3994 1509 4043 benefecit

219 4063 294 4111 ltGa
314 4061 376 4109 bene
393 4061 458 4108 dixit
472 4061 496 4107 A
550 4059 657 4127 partem]
673 4070 750 4110 artem
765 4063 853 4111 Atro.
872 4067 920 4115 aed
935 4065 1001 4112 inA
1020 4064 1077 4111 olim
1095 4064 1145 4124 snit
1158 4064 1256 4112 Partem
1311 4063 1509 4127 iposterinrem

219 4132 335 4179 omuibus
353 4130 398 4178 ltor
416 4133 470 4179 loco
483 4145 527 4178 ora.
541 4131 566 4179 B
619 4131 635 4179 8
653 4140 784 4179 tractatum
804 4144 902 4181 constat
915 4133 999 4182 Atre
1052 4133 1082 4181 tr
1101 4134 1173 4182 initio
1193 4135 1245 4182 liuii
1260 4132 1285 4181 B
1293 4133 1349 4183 Co*
1367 4134 1439 4182 initio
1454 4134 1509 4183 libri

220 4203 243 4249 Α
250 4202 274 4248 L
327 4209 352 4248 ct
370 4200 481 4247 eunuder
494 4201 581 4262 inquid
597 4201 636 4248 nir
650 4200 682 4253 L.
702 4202 799 4250 uidetur
815 4203 969 4252 scribentium
983 4219 1038 4252 erae
1055 4213 1078 4250 et
1091 4205 1191 4251 omniuo
1207 4204 1282 4252 rerba
1296 4212 1355 4251 sunt
1371 4205 1420 4253 ista
1433 4203 1510 4259 Livii,

219 4269 338 4320 Euander
353 4270 391 4318 rit
409 4269 531 4318 mirabilis
548 4272 706 4319 ueneratione
722 4273 860 4320 litterarum
875 4275 986 4321 reiciet
1008 4274 1062 4322 Lt'n.
1080 4273 1097 4325 l.
1111 4275 1135 4335 7,
1149 4273 1166 4322 8
1186 4274 1301 4321 Ettander
1313 4299 1347 4308 —
1359 4274 1511 4322 venerabilis

221 4343 258 4390 rir
275 4339 397 4388 miraculo
415 4339 561 4399 litterarum,
579 4341 614 4388 rel
635 4355 715 4389 travae
729 4341 794 4390 inter
812 4343 888 4392 rudes
907 4345 998 4390 artium
1018 4343 1134 4392 ltnmines
1188 4344 1217 4392 ll
1236 4343 1291 4392 linit
1312 4343 1371 4392 Cet
1389 4346 1414 4392 itt
1433 4344 1510 4392 lr'tnrtt

219 4412 248 4460 a*
270 4411 313 4459 lini
331 4410 384 4458 BL
451 4406 498 4472 rei]
519 4425 560 4457 res
578 4409 602 4456 L
673 4411 781 4459 bominis
800 4413 824 4460 ,t
895 4411 926 4462 15
952 4412 1029 4477 lucip.
1050 4413 1080 4461 de
1102 4414 1192 4464 littera.
1219 4413 1315 4462 litterae
1334 4413 1510 4476 qnaredlctae

219 4491 286 4532 sunt.
312 4480 409 4529 litterae
429 4478 510 4527 dictae
528 4491 586 4528 suut
605 4481 641 4528 t:
658 4482 787 4542 inscriptio
805 4484 836 4530 de
855 4481 937 4529 littera
955 4492 1013 4531 unte
1033 4490 1199 4533 correctorem
1216 4483 1267 4543 fuit
1284 4487 1310 4531 t'rt
1323 4485 1347 4530 A
1402 4482 1433 4533 16
1452 4498 1510 4532 nam

218 4565 324 4601 nanctae
349 4564 394 4599 trac
421 4549 545 4611 utiqueC
611 4552 770 4600 intendentes
795 4551 819 4600 Α
891 4550 1010 4600 lectiones
1030 4554 1122 4602 Atre:
1147 4552 1279 4600 lectionem
1302 4566 1364 4617 ergo
1387 4553 1428 4601 uel
1452 4555 1510 4603 ideo

220 4623 302 4669 dictae
320 4631 377 4668 sunt
397 4618 493 4667 litterae
510 4620 576 4681 quod
596 4620 718 4685 legendos
734 4623 856 4670 iterantur
873 4619 897 4667 L
969 4622 1000 4671 tu
1018 4623 1058 4670 uel
1076 4623 1142 4685 quod
1162 4622 1305 4684 legentibus
1322 4623 1371 4669 iter
1389 4626 1511 4687 praebent

220 4690 259 4738 uel
281 4692 347 4752 qnod
366 4687 473 4754 legendo
493 4689 653 4738 iteranturL
675 4691 715 4737 uel
734 4696 800 4753 quod
820 4692 917 4740 leuatae
936 4692 1057 4740 iterentur
1076 4693 1166 4741 troes
1189 4695 1213 4739 t'rt
1231 4696 1340 4741 titur-aa
1410 4692 1442 4742 tt
1463 4693 1508 4743 sed
1543 4748 1544 4751 Ἴ

219 4805 289 4874 xvt]
312 4811 357 4858 scd
375 4808 457 4860 XXUl
478 4810 500 4858 L
572 4809 605 4860 23
623 4809 655 4857 atl
674 4810 762 4859 attium
779 4812 836 4861 BC
852 4813 884 4860 nd
904 4762 981 4860 abunt
1002 4815 1026 4860 Α
1041 4813 1073 4860 ad
1093 4813 1185 4859 actium
1204 4814 1244 4862 J..-
1261 4813 1294 4872 cf.
1320 4814 1461 4864 Wilmartna
1477 4815 1510 4865 de

224 4880 302 4931 Varr.
323 4880 364 4932 lib.
380 4895 484 4946 prauam.
503 4894 530 4944 p.
553 4879 600 4930 tlt
618 4896 673 4946 sqq.
744 4883 952 4931 resonantem
973 4880 1064 4932 nea*
1083 4894 1141 4930 sunt
1159 4881 1206 4929 ltuc
1228 4884 1251 4931 Α
1258 4881 1283 4932 h
