3346 5498
224 394 286 460 652
780 399 959 462 lldCllOBll

250 520 271 561 p.
287 508 329 547 1²3.
339 507 368 546 ‘'ll
383 504 410 545 V.

224 598 374 668 grassatur
395 591 516 650 iteratio
537 597 583 648 est
605 608 620 648 a
643 590 794 665 graditur:
818 589 939 649 Plautus
962 592 993 648 in
1015 587 1150 648 Rudente

372 694 493 753 sicine
517 692 576 752 hic
598 693 635 751 in
658 692 779 752 umida
802 699 906 751 veste
930 689 1202 769 grassabimur,

224 792 380 854 Sallustius
401 796 498 854 ‘cum
520 794 689 853 inierior
717 795 813 853 omni
837 795 893 854 via
916 794 1188 870 grassaretur’.
1233 791 1312 852 hanc
1335 793 1479 853 formam
1506 793 1539 852 in

145 931 148 936 ·
224 898 340 975 graecis
362 894 461 957 nullus
482 897 579 974 potuit
602 896 746 955 invenire.

627 1078 674 1124 DE
697 1076 893 1124 GENERIBVS
917 1077 1106 1127 VERBORVM
1544 1075 1556 1113 ⁵

122 1207 211 1265 cunt
308 1201 388 1272 Quae
412 1202 518 1263 Gracci
542 1197 711 1272 διαθέσεις
732 1202 896 1280 appellant,
920 1201 1017 1262 Latini
1040 1220 1150 1278 genera
1173 1189 1419 1262 nominaverunt.
1454 1195 1529 1260 διά·

223 1305 321 1375 caere
347 1311 444 1364 autem
473 1303 532 1363 hoo
556 1303 703 1380 significat
731 1303 807 1382 apud
836 1304 979 1372 Graecos
1008 1302 1087 1382 quod
1116 1304 1193 1382 apud
1217 1304 1341 1385 Latinos
1372 1303 1527 1364 adiectus

223 1424 290 1465 narn
313 1413 343 1465 et
364 1407 415 1484 qui
438 1408 499 1482 agit
522 1406 623 1484 etqui
647 1407 758 1482 patitur
780 1413 879 1465 rrronte
903 1404 1049 1465 adficitur.
1094 1405 1145 1464 sed
1168 1407 1306 1484 qnoniam
1333 1406 1365 1464 in
1390 1406 1526 1465 nomini·

223 1506 279 1567 bus
301 1507 511 1568 discretionem
528 1524 651 1565 sernum
667 1523 776 1582 genera
793 1507 994 1583 distinguunt,
1018 1524 1085 1565 eum
1109 1506 1305 1567 masculinum
1328 1525 1346 1567 a
1369 1507 1523 1568 feminino

222 1627 276 1688 per
299 1609 349 1669 illa
372 1615 560 1686 segregetur,
586 1607 652 1666 ideo
667 1607 929 1668 discernendorum
947 1626 1063 1687 quoque
1087 1608 1254 1667 adfectuum
1279 1617 1380 1669 notam
1405 1627 1522 1687 genera
1536 1619 1560 1658 ¹⁰

223 1711 435 1771 vocitaverunt.
481 1728 567 1768 omnc
595 1711 687 1786 igitur
715 1708 837 1769 verbum
866 1710 944 1789 apud
972 1709 1105 1778 Latinos,
1132 1710 1209 1788 quod
1232 1708 1286 1769 sub
1309 1713 1523 1791 proportionis

223 1812 459 1874 observationem
483 1810 576 1878 cadit,
600 1818 650 1869 aut
672 1830 689 1869 o
712 1819 762 1871 aut
785 1830 818 1870 or
841 1808 953 1889 syllaba
976 1813 1167 1880 terminatur,
1192 1813 1268 1871 sieut
1291 1815 1349 1872 iam
1373 1815 1521 1893 superius

223 1915 335 1974 dictum
358 1921 413 1973 est.
443 1916 469 1972 si
493 1933 509 1971 o
533 1915 625 1972 luerit
646 1913 851 1980 terminatum,
875 1920 925 1972 aut
947 1915 1076 1973 activum
1099 1921 1144 1973 est
1166 1921 1216 1972 aut
1238 1921 1396 1984 neutrum;
1422 1917 1448 1974 si
1473 1934 1518 1979 or.

223 2025 273 2076 aut
295 2018 444 2096 passivum
473 2015 581 2075 dicitur·
610 2022 660 2073 ant
687 2014 838 2093 deponens
866 2022 917 2075 aut
938 2032 1104 2074 commune.
1148 2017 1276 2075 activum
1299 2015 1413 2075 dicitur
1437 2016 1519 2095 quod

223 2120 254 2176 in
276 2136 294 2176 o
316 2118 426 2177 desinit
448 2124 478 2175 et
499 2134 621 2176 necesse
645 2115 735 2175 habet
758 2123 807 2176 aut
829 2114 927 2175 dativo
950 2123 999 2176 aut
1022 2119 1189 2177 accusativo
1211 2119 1293 2193 iungi
1315 2125 1478 2197 potestque
1503 2135 1553 2177 rr»

223 2218 322 2278 littera
345 2225 464 2297 recepta
488 2219 518 2276 in
541 2218 686 2296 passivam
704 2219 831 2276 transire
855 2217 1098 2289 declinationem,
1122 2227 1154 2278 ut
1177 2219 1243 2278 dico
1265 2218 1337 2285 tibi,
1362 2220 1458 2279 caedo
1475 2230 1518 2288 te,

224 2320 306 2379 dicor
330 2339 345 2380 a
368 2328 412 2388 te,
443 2318 550 2378 caedor
579 2338 595 2377 a
621 2326 662 2377 te.
707 2327 855 2378 neutrum
878 2319 987 2378 dieitur
1009 2320 1103 2399 quod,
1127 2339 1194 2381 eum
1218 2323 1248 2380 in
1270 2340 1288 2380 o
1310 2319 1437 2390 desinit,
1463 2321 1518 2382 ali·

223 2439 281 2500 quo
304 2439 340 2480 ex
363 2421 410 2480 lris
433 2420 570 2504 deficitur
592 2427 621 2479 et
644 2437 659 2478 r
681 2421 817 2498 accipere
840 2438 899 2480 non
922 2426 1033 2499 potest,
1057 2430 1091 2481 ut
1113 2422 1177 2482 volo
1199 2423 1264 2480 viro
1286 2420 1379 2481 valeo.
1419 2426 1518 2502 passi·

224 2540 291 2582 vnm
314 2522 424 2581 dicitur
447 2522 539 2601 quod,
572 2539 639 2580 cum
661 2522 693 2579 in
717 2539 731 2579 r
754 2519 882 2580 litteram
906 2521 1037 2590 desinat,
1067 2526 1173 2583 amissa
1201 2542 1234 2583 ea
1262 2530 1361 2602 potest
1382 2525 1417 2584 in
1442 2527 1518 2585 aeti·

160 2607 164 2614 ³
223 2643 291 2684 vum
314 2625 413 2685 redire
437 2632 467 2683 et
489 2641 610 2682 necesso
634 2620 724 2681 hahet
740 2621 867 2681 ablativo
883 2625 963 2682 casui
987 2625 1108 2693 sociari,
1133 2633 1165 2684 ut
1187 2625 1295 2706 caedor
1316 2644 1332 2683 a
1356 2633 1384 2684 te
1410 2627 1554 2692 caedua·

223 2726 308 2785 dicor
331 2745 346 2785 a
369 2733 398 2785 te
421 2724 498 2784 dico.
530 2734 559 2784 et
581 2732 614 2783 ut
636 2722 754 2783 lucilius
775 2723 962 2801 explanetur,
986 2728 1113 2785 activum
1138 2735 1196 2794 est,
1221 2726 1271 2786 ubi
1296 2725 1389 2786 altero
1407 2737 1517 2805 agente

224 2826 298 2887 alter
319 2828 446 2905 patitur,
470 2827 678 2904 passivumque
702 2831 760 2892 est,
790 2825 906 2903 qnando
933 2826 1027 2886 altero
1049 2829 1180 2905 patiente
1203 2845 1295 2906 penes
1317 2827 1448 2889 alterum
1471 2839 1518 2890 est

170 2992 174 3009 .
223 2937 315 2988 actus.
347 2946 413 2987 nam
437 2928 528 2988 multa
551 2928 639 2987 etiam
663 2945 680 2984 o
704 2927 861 2986 terminata
883 2929 1016 3005 passivae
1033 2930 1259 3005 significationis
1273 2935 1355 2999 sunt,
1379 2938 1414 2989 ut
1430 2930 1517 3008 algeo

223 3031 337 3100 esurio;
361 3029 412 3088 sed
436 3031 575 3108 quoniam
598 3029 720 3087 minime
744 3027 836 3086 altero
851 3028 981 3106 patiente
997 3048 1089 3108 penos
1112 3030 1237 3090 alterum
1260 3039 1304 3090 est
1326 3037 1422 3101 actus,
1446 3033 1518 3093 ideo

223 3148 278 3190 nec
300 3133 416 3209 passiva
445 3130 600 3190 dicuntur:
629 3146 792 3207 rursusque
821 3128 908 3207 plura
937 3139 1007 3190 sunt
1029 3134 1059 3190 in
1083 3151 1100 3190 o
1123 3133 1260 3191 exeuntia
1290 3131 1401 3211 quibus
1430 3143 1553 3195 aetusas

223 3232 331 3312 aliquis
353 3233 445 3300 inest,
469 3238 501 3291 ut
523 3239 592 3291 nato
614 3229 734 3291 ambulo
757 3248 860 3295 curro:
884 3231 935 3290 sed
958 3235 1097 3311 qnoniam
1120 3235 1242 3293 minime
1266 3233 1359 3293 altero
1381 3234 1517 3297 iaciente

223 3333 297 3393 alter
319 3336 446 3412 patitur,
477 3352 535 3393 non
558 3334 667 3401 activa,
696 3332 747 3391 sed
771 3340 876 3391 neutra
899 3341 928 3392 et
951 3333 1082 3394 absoluta
1106 3334 1257 3396 dicuntur.
1303 3334 1434 3415 denique
1458 3356 1517 3397 nec

223 3435 320 3497 dativo
343 3444 392 3496 ant
415 3437 579 3495 accusativo
603 3433 646 3492 rel
671 3431 798 3493 ablativo
820 3435 929 3494 sociari
953 3429 1106 3512 possunt:'
1122 3454 1188 3495 nam
1211 3454 1265 3495 nec
1288 3444 1358 3496 nato
1379 3437 1440 3499 tibi
1464 3449 1515 3500 aut

211 3545 251 3601 te
274 3545 325 3598 aut
347 3554 435 3596 curro
458 3534 514 3595 tibi
538 3543 589 3595 aut
611 3552 699 3593 curro
722 3543 750 3593 te
775 3553 829 3594 nec
852 3537 952 3595 esurio
975 3556 990 3596 a
1014 3544 1042 3597 te
1066 3546 1114 3598 aut
1137 3537 1220 3615 algeo
1243 3558 1259 3597 a
1283 3545 1311 3596 te
1334 3537 1381 3597 vel
1406 3542 1518 3620 vapulo

222 3646 290 3698 ate
313 3638 456 3705 dicimus,
484 3636 561 3717 quod
584 3654 643 3695 non
666 3642 710 3695 est
732 3635 871 3704 latinum,
900 3637 952 3697 sed
976 3638 1079 3716 vapulo
1107 3646 1135 3697 tc
1159 3638 1310 3698 caedente.
1356 3639 1555 3718 deponensso

222 3740 332 3800 dicitur
354 3740 432 3819 qnod
455 3742 485 3799 in
509 3758 543 3798 or
565 3737 684 3818 quidem
707 3735 830 3805 desiuit,
855 3737 907 3797 sed
930 3741 1036 3799 amissa
1060 3758 1075 3798 r
1097 3740 1195 3801 littera
1219 3740 1342 3800 latinum
1365 3759 1433 3802 esse
1458 3747 1517 3805 mi·

223 3843 301 3901 nime
331 3847 441 3919 potest,
472 3840 619 3919 habetque
647 3839 795 3898 interdum
826 3839 954 3919 aliquam
981 3843 1141 3909 actionem,
1172 3843 1304 3921 quamvis
1332 3845 1451 3921 passiva
1476 3835 1519 3907 sit

222 3941 395 4010 declinatio,
419 3949 452 4001 ut
474 3959 582 4020 sequor
605 3940 699 3999 luctor
720 3940 824 4020 loquor
845 3943 964 4000 intueor
986 3942 1139 4012 demolior,
1164 3951 1193 4003 et
1216 3943 1317 4003 itidem
1339 3948 1517 4022 passionem

223 4050 337 4104 tantum
364 4043 465 4111 modo,
495 4045 538 4100 uti
568 4060 673 4101 nascor
701 4044 811 4120 patior;
839 4041 971 4101 sednon
995 4053 1039 4103 est
1062 4047 1224 4123 passivum,
1249 4047 1388 4125 quoniam
1414 4067 1517 4129 neque

223 4147 254 4204 in
277 4147 404 4205 activum
427 4143 504 4202 redit
527 4141 623 4203 ablata
645 4162 660 4201 r
682 4140 793 4208 littera.
818 4161 913 4221 noque
936 4147 1064 4222 patiente
1088 4143 1181 4207 altero
1203 4145 1325 4207 alterius
1347 4154 1394 4207 est
1418 4151 1516 4212 admi·
1531 4179 1556 4217 ⁸5

169 4293 171 4296 Α
224 4248 369 4307 nistratio.
401 4262 555 4304 commune
579 4244 689 4303 dicitur
712 4244 789 4323 quod
811 4247 842 4304 in
865 4264 899 4303 or
922 4246 1041 4325 quidem
1065 4247 1189 4318 desinit,
1214 4256 1246 4308 ut
1268 4248 1433 4326 deponens,
1458 4272 1518 4314 nec

222 4366 237 4407 r
260 4347 357 4408 littora
382 4364 483 4407 carere
506 4353 617 4424 potest,
642 4346 692 4405 sed
716 4355 872 4425 utramque
895 4349 1002 4426 recipit
1025 4350 1285 4425 significationem,
1310 4358 1370 4410 tam
1393 4360 1519 4431 agentis

222 4468 308 4528 quarn
332 4450 483 4529 patientis.
528 4447 655 4526 denique
685 4449 772 4507 ctiam
800 4447 847 4507 his
875 4447 994 4508 casibus
1021 4451 1167 4527 iungitur,
1198 4451 1306 4531 quibus
1328 4455 1461 4516 activum
1486 4469 1519 4519 et

222 4555 388 4629 passivum,
414 4559 446 4610 ut
468 4551 610 4608 criminor
635 4557 663 4608 te
686 4551 830 4608 criminor
853 4569 869 4610 a
892 4557 936 4618 te,
960 4551 1077 4610 osculor
1092 4561 1120 4613 te
1136 4554 1252 4613 osculor
1275 4575 1289 4613 a
1313 4564 1352 4614 te.
1383 4565 1417 4617 et
1439 4558 1517 4621 haee

291 4807 349 4853 lin
367 4801 491 4870 Rudente]
510 4805 615 4865 1,4,31
687 4803 892 4868 eurstingunn
962 4808 992 4855 12
1004 4808 1206 4858 terminanturB
1274 4808 1518 4879 3lpatiorlpotior

223 4870 247 4918 B
314 4875 346 4922 37
363 4869 423 4937 tam]
441 4886 516 4936 quam
535 4870 704 4923 cormamu
