3346 5498
422 392 816 474 arcemarmmsm
842 407 1025 471 xiii-riv
1318 403 1381 469 613

1188 529 1210 569 p.
1223 515 1281 555 atto
1294 516 1319 555 47
1332 513 1355 555 Ρ.

92 596 368 680 περισπωμένων,
383 597 454 677 βοῶ
468 597 613 679 βοώμεν,
634 597 717 678 τιμῶ
739 597 897 678 τιμῶμεν,
920 597 1006 658 modo
1022 615 1047 655 ω
1063 599 1094 656 in
1109 615 1151 656 ov
1166 595 1381 674 diphthongum

93 710 248 772 mutantes,
272 703 357 761 utin
379 703 475 780 prima
499 708 529 760 et
551 702 638 761 tertia
661 695 938 779 περισπωμένων,
962 698 1030 759 νοῶ
1052 697 1217 778 νοοῦμεν,
1243 695 1381 777 φανερύ

93 804 326 883 φανερούμενε
349 805 381 864 in
404 803 529 882 reliquis
550 810 658 872 autem,
682 801 712 862 id
735 811 780 863 est
803 801 957 880 harytonis
978 799 1117 861 omnibus
1140 799 1298 860 ueletiam
1321 816 1382 858 πε-

93 901 314 986 ρισπωμένων
336 907 461 974 luturis,
490 923 516 964 ω
540 906 571 964 in
593 923 611 964 ο
635 904 862 973 transferentes,
885 898 972 981 λέγω
995 897 1152 982 λέγομεν,
1179 896 1284 980 τρέχω
1305 896 1381 980 τρέ-

66 1023 79 1062 a
92 1025 205 1086 χομεν,
227 1001 408 1085 θεραπεύω
430 1001 682 1086 θεραπεύομεν,
705 1001 840 1085 λαλήσω
868 1000 1073 1085 λαλήσομεν,
1109 999 1197 1063 ἐάσω
1224 997 1380 1082 ἐάσομεν,

92 1100 279 1187 ύρχυρύσω
307 1101 561 1187 ἄργυρωσομεν.
607 1107 736 1167 secunda
765 1106 889 1186 pluralis
917 1125 933 1166 a
956 1108 1043 1166 tertia
1065 1105 1209 1182 singulari
1233 1106 1380 1164 nascitur:

92 1211 206 1288 primae
229 1209 347 1289 quidem
371 1216 402 1268 et
423 1209 570 1269 secundae
594 1210 728 1287 syzygiae
752 1203 1017 1287 περισπωμένων
1039 1209 1161 1268 instanti
1178 1226 1214 1267 τε
1229 1206 1379 1275 addentes,

93 1317 183 1371 ποιεῖ
202 1317 338 1390 ποιεῖτε,
360 1309 425 1392 βοᾷ
446 1309 559 1389 βοᾶτε,
582 1312 613 1370 iu
636 1313 723 1372 tertia
746 1328 816 1370 vero
838 1309 973 1371 ultimum
996 1305 1078 1369 ι’ωτα
1106 1311 1182 1368 inv
1204 1315 1350 1369 mutantes
1375 1304 1379 1387 Ι

92 1423 122 1473 et
144 1413 222 1473 idem
245 1430 281 1473 τε
303 1413 459 1482 addentes,
489 1418 613 1493 χρυσοῖ
637 1411 820 1490 χρυσούτεε
850 1420 879 1472 at
907 1414 938 1472 in
961 1410 1098 1471 omnibus
1125 1409 1278 1490 barytonis
1299 1421 1328 1470 et
1349 1412 1381 1470 in

56 1532 81 1571 ιο
94 1512 359 1595 περισπωμένων
387 1514 497 1575 luteris
525 1516 621 1593 ipsum
650 1509 731 1574 loire
753 1513 890 1574 ultimum
913 1512 1102 1574 detrahentes
1130 1522 1159 1573 et
1183 1513 1307 1573 eandem
1330 1512 1381 1572 ad·

93 1616 197 1676 dentes
219 1615 360 1696 syllabam
382 1635 429 1694 τε,
452 1609 572 1695 πέμπει
595 1612 749 1703 πέμπετε,
772 1610 881 1694 τρέχει
895 1611 1038 1694 τρέχετε,
1052 1603 1192 1675 ἆθλεύει
1207 1607 1380 1693 ἀθλεύετε,

92 1713 225 1798 ποιήσει
247 1713 413 1797 ποιήσετε,
437 1709 629 1797 ἅροτριύσει
651 1710 875 1799 ἆροτριεὶσετε,
900 1710 1036 1796 idoneae
1058 1712 1228 1796 λόρύσετε.
1264 1718 1382 1777 tertiam

92 1838 208 1898 quoque
231 1837 383 1898 personam
406 1818 553 1898 pluralem
575 1820 736 1880 eorundem
751 1819 910 1880 verborum
933 1819 970 1879 de
992 1821 1088 1898 prima
1109 1819 1241 1880 eiusdem
1265 1819 1380 1878 numeri

93 1921 203 1982 iaciunt
224 1939 287 2000 μεν
310 1924 582 2000 marmaniam,
606 1929 636 1981 et
657 1924 726 2001 quia
755 1921 881 2001 pluralis
908 1922 996 1981 tertia
1024 1938 1142 2000 semper
1170 1923 1262 1999 exigit
1289 1939 1380 2000 paen-

56 2039 81 2079 15
95 2022 231 2083 ultimam
254 2023 380 2102 longam,
405 2022 472 2084 ideo
494 2025 524 2083 in
547 2023 757 2103 praesentibus
778 2025 1005 2103 perispomenis,
1029 2025 1060 2083 in
1077 2021 1186 2103 quihus
1200 2023 1256 2083 hoc
1271 2024 1380 2092 ereuit,

92 2124 186 2184 solam
214 2125 284 2185 lacit
306 2128 496 2186 mutationem
519 2124 665 2204 syllabae,
695 2133 726 2184 ut
749 2125 893 2195 diximus,
927 2144 990 2205 μεν
1012 2127 1044 2186 in
1066 2138 1112 2204 σι,
1135 2124 1302 2205 φιλοῦμεν
1324 2143 1381 2203 φι-

92 2225 205 2296 λοῦσι,
235 2226 382 2307 τιμῶμεν
408 2226 545 2307 τιμῶσι,
569 2226 803 2307 στεφανοῦμεν
825 2227 1041 2307 στεφανοῦσι.
1072 2235 1101 2287 at
1123 2229 1154 2287 in
1177 2225 1330 2306 barytonis
1352 2236 1383 2285 et

93 2330 124 2388 in
147 2324 412 2409 περισπωμένων
434 2330 543 2389 luituris
566 2327 648 2388 addit
668 2327 866 2407 paenultimae
889 2349 923 2407 ν,
945 2336 979 2389 nt
999 2328 1117 2406 longam
1133 2347 1169 2389 er
1185 2328 1268 2389 brevi
1284 2329 1381 2396 iaciat,

93 2427 211 2510 ἔχομεν
238 2428 368 2509 ἔχουσι,
398 2427 571 2511 πέμπομεν
598 2426 782 2512 πέμπουσι,
805 2425 995 2512 λαλήσομεν
1022 2425 1221 2511 λαλήσουσι;
1250 2449 1269 2490 ο
1301 2432 1382 2491 enim

54 2531 207 2602 salibara,
232 2550 299 2592 eum
322 2533 399 2612 apud
421 2533 487 2593 illos
510 2532 685 2594 naturaliter
707 2534 878 2612 corripitur,
907 2533 1022 2593 adiecta
1044 2552 1067 2592 υ
1088 2532 1273 2612 producitur,
1296 2533 1382 2592 utin

93 2633 263 2695 nominibus
286 2629 369 2714 κόρη
392 2630 503 2714 κόρος,
526 2629 633 2716 κούρη
656 2635 789 2715 κοῦρος,
805 2626 974 2715 Ὄλυμπος
997 2625 1192 2714 Ούλυμπος,
1219 2632 1381 2711 eademque

94 2744 222 2798 retracta
244 2738 414 2816 corripitur,
437 2732 596 2815 βούλεται
617 2732 764 2816 βόλεται,
787 2731 973 2816 τετράπους
994 2732 1164 2817 τέτραπος.
1201 2753 1288 2795 omne
1311 2751 1382 2811 ergo

37 2901 38 2904 ,
94 2837 216 2899 verbum
238 2857 377 2916 graecum
407 2839 484 2919 quod
515 2842 545 2900 in
569 2852 603 2900 σι
625 2841 798 2921 reppereris
826 2839 982 2898 terminari
1011 2839 1117 2899 tertiae
1150 2853 1294 2916 personae
1316 2835 1381 2915 plu·

94 2941 165 3002 ralis
188 2959 253 3002 esse
277 2943 435 3020 pronuntia
457 2950 581 3020 excepto
605 2936 688 3011 ε’σσί,
712 2940 788 3021 quod
812 2940 916 3008 solum,
939 2957 1005 2999 oum
1029 2941 1071 2999 sic
1095 2939 1213 3009 desinit,
1237 2937 1382 2999 secundae

55 3050 148 3111 esest,
172 3044 254 3102 euius
275 3045 372 3122 prima
396 3039 475 3124 ε’σμί
494 3053 524 3102 et
549 3041 674 3123 pluralis
700 3045 796 3121 prima
825 3036 937 3122 έσμέν.
982 3043 1079 3101 omnia
1107 3052 1204 3128 autem
1231 3040 1321 3101 verba
1351 3041 1381 3100 in

92 3164 129 3224 μι
152 3152 266 3206 rnutant
286 3165 323 3224 μι
345 3147 375 3204 in
399 3143 499 3224 σίγμα
523 3153 553 3204 et
575 3146 686 3205 iaciunt
700 3143 859 3204 secundam
876 3161 1042 3222 personam,
1066 3139 1151 3223 φήμλ
1168 3137 1245 3221 φής,
1266 3139 1383 3222 τίθημι

93 3245 199 3327 τίθης.
233 3249 276 3306 sic
292 3245 436 3306 debuerat
452 3242 534 3326 ε’σμλ
554 3243 624 3305 ἔσσ.
648 3245 700 3305 sed
722 3247 791 3325 quia
814 3245 895 3306 nulla
917 3244 1031 3325 syllaba
1053 3247 1084 3305 iu
1108 3247 1259 3323 geminum
1281 3242 1383 3324 σίγμα

94 3349 228 3431 desinit,
247 3348 380 3409 additum
408 3356 453 3407 est
476 3344 569 3427 ἰῶτα,
594 3342 684 3424 ἐσσί,
707 3356 737 3407 et
757 3356 880 3428 propter
907 3346 1103 3408 dillerentiam
1131 3366 1147 3407 a
1170 3346 1299 3408 secunda
1321 3349 1382 3407 sin·

92 3450 186 3527 gulari
215 3452 303 3509 tertia
332 3468 473 3528 persona,
502 3467 577 3529 quae
599 3448 740 3510 similiter
762 3444 839 3510 έσσί
858 3448 1002 3510 debuerat
1024 3449 1098 3519 lieri,
1128 3448 1287 3528 assumpsit
1308 3446 1382 3517 ταῦ,

55 3546 176 3610 sotori.
205 3549 295 3611 verba
318 3554 397 3611 onim
422 3554 452 3611 in
474 3571 511 3631 μι
533 3553 690 3611 terminata
718 3554 837 3613 tertiam
865 3570 1024 3632 personam
1051 3553 1082 3612 iu
1111 3564 1146 3611 σι
1171 3552 1306 3621 mittunt,
1330 3548 1382 3610 dl-

94 3647 178 3712 δωσι
199 3647 318 3732 ἵστησι.
354 3672 440 3713 omne
463 3647 691 3732 παρατατικόν
712 3654 888 3715 naturaliter
911 3656 942 3714 in
964 3672 1005 3713 ον
1027 3657 1204 3714 terminatur
1226 3660 1256 3714 et
1277 3670 1383 3714 serim·

94 3752 161 3813 dam
183 3771 341 3833 personam
364 3774 386 3815 ν
407 3758 438 3816 iu
461 3754 563 3835 σίγμα
584 3755 725 3816 mutando
740 3764 770 3817 et
790 3758 856 3817 oin
872 3775 887 3816 ε
903 3755 1109 3816 transferendo
1125 3756 1242 3833 figurat,
1266 3752 1384 3833 ἔλεγον

25 3908 29 3915 .
94 3853 222 3934 ἔλεγες,
255 3853 376 3937 ἔφερον
409 3855 540 3938 lorpes:
569 3859 657 3918 tertia
685 3857 722 3918 de
750 3857 880 3918 secunda
907 3857 1028 3920 ultimae
1057 3857 1173 3919 litterae
1196 3857 1382 3918 detractione

94 3957 239 4036 procedit.
283 3959 334 4018 sed
364 3959 442 4039 quod
470 3961 679 4040 perispomena
707 3961 738 4020 in
760 3978 824 4020 ουν
847 3958 891 4019 vel
921 3961 952 4020 in
975 3977 1024 4018 ων
1046 3959 1200 4030 desinunt,
1236 3953 1384 4021 ἐκάλουν

55 4079 81 4119 ω
96 4054 264 4138 έχρύσονν
293 4054 433 4141 ἐτίμων,
467 4062 590 4122 duarum
619 4060 799 4142 syllabarum
827 4063 858 4122 in
881 4079 969 4122 unam
991 4064 1156 4123 contractio
1188 4063 1270 4124 lecit.
1315 4079 1382 4122 nam

94 4165 242 4239 integrum
266 4170 329 4222 erat
346 4159 486 4225 έκύλεον
501 4159 666 4244 ἑχρύσοον
687 4160 835 4244 έτίμαον,
858 4182 894 4224 ex
916 4182 974 4243 quo
997 4182 1064 4224 cum
1086 4163 1193 4226 breves
1215 4165 1290 4226 duae
1312 4182 1382 4224 eon·

95 4263 266 4333 trahuntur,
294 4266 324 4324 in
348 4285 437 4327 unam
461 4266 577 4344 longam
599 4267 778 4327 coalescunt.
819 4266 888 4327 ideo
909 4283 926 4326 ε
948 4273 978 4326 et
1000 4285 1018 4326 o
1040 4275 1108 4327 eto
1130 4273 1199 4327 eto
1221 4269 1253 4328 in
1276 4284 1318 4326 ον
1340 4267 1381 4327 la·

161 4488 177 4536 ‘3
195 4495 329 4545 mutantes,
345 4501 395 4551 pro
406 4502 456 4552 quo
466 4487 625 4538 scribendum
637 4494 695 4537 erat
706 4497 825 4545 mutatur,
843 4502 878 4536 ειν
894 4488 1051 4552 neplepeatio
1062 4489 1225 4551 eoeeerptoria
1235 4491 1316 4538 orben
1327 4501 1383 4536 ease

94 4554 206 4610 m'detur,⁸
223 4557 281 4604 item
294 4555 365 4616 infra
377 4555 572 4618 transferentes,
585 4556 718 4616 addentes,
731 4566 857 4604 mutantes
870 4562 917 4605 ete.
988 4554 1123 4606 ὅλαλεσω
1137 4556 1292 4620 λαλεσσμεν
1304 4554 1329 4603 Ρ

95 4627 111 4672 o
128 4634 153 4670 at
170 4624 194 4671 iu
206 4639 229 4702 μ
245 4635 290 4671 aut
307 4624 332 4671 in
346 4624 370 4672 P
438 4627 467 4673 11
485 4614 637 4686 dotatas}
654 4623 814 4674 αθλεοεται
826 4622 851 4672 P
918 4623 949 4671 12
965 4615 1112 4688 ποιήσετε]
1129 4636 1280 4690 ποιήσεται
1293 4622 1318 4671 Ρ

95 4683 269 4805 ἆροτριασεή
283 4703 462 4755 ατρορειασει
474 4692 500 4740 Ρ
567 4693 599 4743 19
616 4682 775 4755 λαλήσομεν
791 4683 944 4756 λαλήσονσι
957 4689 1037 4740 Ianus
1054 4692 1213 4756 αλλησομεν
1230 4691 1383 4757 αλλησουοι

98 4759 120 4806 Ρ
186 4761 219 4808 23
235 4758 340 4877 perulis
357 4768 382 4809 et
399 4759 518 4810 hocloco
537 4767 563 4808 et
578 4761 650 4824 infra
667 4761 700 4808 ‘29
718 4766 744 4808 et
765 4762 798 4810 30
820 4761 910 4808 delevit
927 4757 1008 4808 Ιοεαω
1076 4761 1109 4809 29
1132 4754 1254 4826 persona]
1278 4758 1382 4825 pluralis

98 4826 119 4873 Ρ
186 4829 219 4876 30
250 4826 297 4878 στί
311 4826 390 4877 Ianus
407 4829 519 4879 εοσιτΡ
585 4823 734 4893 personam]
753 4827 857 4893 pluralis
871 4827 895 4876 Ρ
960 4818 1383 4894 δθέχρύσοννΙαπαοεχρνσεον

95 4895 120 4943 Ρ
186 4894 880 4976 37εοιοοιῳιεοειοίοοοΙοπαεεειοίοουΡ
