3382 5498
684 335 858 399 urcvttc
1359 332 1423 399 513

1221 455 1242 496 p.
1256 444 1358 485 litlot-ort
1370 443 1394 484 P.

139 527 241 600 tralia,
265 545 340 608 quae
363 545 422 587 nou
444 527 595 605 accipiunt
617 543 632 584 r
654 523 793 594 litteram,
818 530 850 585 ut
872 523 944 585 cado
968 519 1037 602 (uon
1060 525 1139 584 enim
1162 524 1289 585 dicimus
1311 524 1422 603 cador),

139 617 212 676 item
233 632 288 674 ruo
311 611 521 692 (nequeenim
544 611 670 671 dicimus
692 609 790 690 ruer),
819 610 896 670 facio
920 606 1026 689 (neque
1050 611 1129 670 enirn
1152 608 1279 671 dicimus
1307 608 1421 691 lacior),

139 703 212 762 item
236 696 368 777 fulgesco
390 699 513 758 mitesco
536 697 669 757 fervesco
692 693 807 773 algesco
830 702 967 774 torpesco
993 714 1140 773 conpesce
1168 698 1321 773 nigresco:
1350 695 1424 756 baec

137 786 235 847 omnia
263 803 278 845 r
305 782 435 843 litteram
464 799 522 842 uon
551 780 663 841 babent
695 788 725 841 et
760 780 899 840 dicuutur
928 777 1075 841 neutralia
1110 778 1215 859 [verba
1247 780 1423 849 inchoativa,

111 884 213 951 equae
242 875 350 930 exeunt
378 869 410 927 in
437 865 515 946 sco].
561 884 633 943 ergo
661 864 807 926 neutralia
835 867 1008 927 memineris
1035 884 1196 944 numquam
1223 866 1380 927 admittere
1408 885 1424 926 r

136 954 276 1016 litteram.

218 1056 383 1117 Remanent
411 1054 470 1114 duo
498 1054 554 1114 alia
583 1052 687 1123 rerba,
716 1071 791 1132 quae
814 1056 981 1114 communia
1010 1052 1149 1114 dicuntur
1177 1059 1207 1113 et
1234 1053 1422 1132 deponentia.

135 1142 187 1203 sed
210 1143 376 1202 communie
391 1140 459 1200 ideo
482 1139 631 1209 dicuntur,
655 1141 724 1217 quia
747 1141 943 1199 communiter
965 1138 1054 1199 simul
1076 1146 1179 1199 tenent
1194 1138 1249 1198 sub
1272 1156 1330 1198 uno
1352 1157 1425 1198 sone

136 1229 263 1289 activum
278 1235 308 1287 et
323 1226 486 1305 passivum,
509 1242 568 1304 quo
589 1224 676 1284 modo
698 1225 728 1283 in
751 1222 921 1284 nominibus
942 1242 1036 1302 genus
1051 1243 1205 1284 commune
1223 1225 1331 1284 dicitur
1346 1223 1423 1303 quod

98 1314 123 1354 ¹⁰
136 1321 166 1374 et
186 1310 381 1372 masculinum
404 1318 484 1369 tenet
500 1317 529 1369 et
544 1310 720 1369 femininum
736 1307 790 1369 sub
807 1327 866 1368 uno
883 1327 969 1378 sono,
993 1317 1025 1368 ut
1042 1310 1181 1369 sacerdos
1196 1308 1241 1368 vel
1257 1309 1358 1377 bomo,
1376 1308 1424 1367 hic

136 1397 252 1458 ethaeo
276 1394 415 1456 sacerdos
436 1396 522 1463 facit,
545 1394 595 1454 bic
618 1401 647 1453 ct
669 1394 741 1453 baec
763 1394 860 1454 borno.
889 1395 933 1454 sic
949 1401 980 1454 et
994 1395 1067 1455 baec
1085 1393 1173 1454 verba
1189 1394 1329 1454 dicuntur
1344 1413 1423 1453 corn·

135 1483 236 1542 munia
258 1487 288 1540 et
315 1499 473 1558 nunrquarn
502 1480 653 1558 deponunt
675 1497 690 1538 r
717 1478 859 1548 litteram,
884 1498 920 1539 ne
944 1498 1003 1540 non
1031 1481 1091 1540 sint
1114 1480 1219 1549 latina,
1242 1487 1275 1540 ut
1296 1478 1422 1546 osculor,

135 1568 161 1627 si
183 1565 270 1627 tollas
290 1583 306 1625 r
328 1564 456 1625 litteram
485 1574 515 1626 et
543 1565 624 1624 dicas
652 1563 766 1634 osculo,
795 1583 854 1625 uon
882 1573 927 1625 est
953 1565 1086 1625 latinum.
1135 1572 1165 1624 et
1187 1564 1327 1632 dicimus,
1357 1582 1425 1623 cum
1474 1584 1483 1602 ·

136 1653 265 1728 agimus,
300 1649 418 1710 osculor
446 1655 489 1719 te;
517 1650 587 1710 dum
615 1656 712 1709 autern
740 1652 870 1728 patimur
898 1657 928 1710 et
955 1649 992 1712 ab
1023 1650 1081 1711 alio
1110 1650 1270 1718 allicimur,
1299 1648 1426 1708 dicimus

97 1737 122 1777 ¹⁵
136 1736 254 1797 osculor
277 1755 292 1794 a
316 1743 355 1794 te.
400 1735 443 1794 sic
466 1736 608 1795 criminor
632 1742 675 1803 te,
699 1753 757 1794 nou
780 1736 922 1795 crimino:
951 1754 1017 1795 curn
1041 1738 1186 1795 actionem
1215 1735 1424 1811 significamus,

135 1821 233 1882 idest
260 1839 326 1880 cum
353 1821 466 1879 crimen
494 1818 655 1887 obicimus,
691 1821 835 1880 criminor
864 1828 892 1880 te
921 1820 1062 1889 dicimus;
1091 1839 1158 1880 curu
1186 1827 1285 1880 autem
1312 1820 1425 1879 crimen
1472 1832 1477 1841 ’

138 1905 224 1966 nobis
252 1903 395 1973 obicitur,
425 1906 569 1964 criminor
592 1923 607 1963 e
630 1911 658 1963 tc
682 1904 821 1974 dicimus,
850 1905 880 1964 id
903 1911 948 1964 cst
969 1906 1082 1966 crimen
1105 1925 1121 1964 a
1144 1912 1173 1965 te
1196 1905 1298 1973 audio,
1329 1911 1359 1964 ct
1382 1910 1427 1967 est

135 1992 311 2068 significatio
334 1990 469 2068 passiva,
494 1989 680 2050 declinantur
703 1999 800 2050 autem
823 1989 896 2049 llaec
919 1989 1023 2059 rerba,
1048 1998 1079 2050 ut
1101 1992 1263 2069 superiore,
1288 2007 1342 2069 per
1363 2006 1425 2048 mo·

136 2076 189 2136 dos
210 2083 342 2154 tempora
365 2093 517 2153 personas
561 2081 695 2153 tempore
723 2077 872 2153 praesenti
895 2077 1039 2135 criminor
1062 2077 1231 2136 criminaris
1252 2075 1427 2135 criminatur

97 2161 328 2221 ”criminamur
342 2160 541 2219 criminamini
565 2160 777 2228 criminantur,
801 2162 961 2239 praeterito
984 2161 1150 2239 inperfecto
1165 2158 1347 2221 criminabar
1369 2159 1426 2218 cri-

137 2242 299 2306 minabaris
320 2241 534 2304 criminabatur
556 2243 788 2305 criminabamur
811 2245 1049 2306 criminabamini
1071 2244 1317 2314 criminabantur,
1340 2262 1426 2325 prae·

127 2332 228 2390 ‘terito
250 2329 383 2408 perfecto
405 2331 581 2389 criminatus
603 2347 666 2389 sum
690 2338 788 2391 esest
812 2326 815 2409 1
840 2331 988 2391 criminati
1011 2348 1112 2391 sumus
1134 2333 1207 2391 estis
1228 2338 1311 2400 suut,
1340 2347 1426 2408 prac-

137 2415 226 2477 terito
248 2413 538 2493 plusquamperfecto
566 2416 742 2475 criminatus
764 2433 844 2475 cram
867 2434 933 2475 eras
954 2424 1018 2476 erat
1038 2417 1188 2477 criminati
1204 2434 1322 2476 eramus
1337 2416 1428 2474 cratis

137 2507 235 2568 erant,
264 2500 365 2559 futuro
392 2497 576 2559 criminabor
603 2499 811 2560 criminaberis
837 2500 1046 2562 criminabitur
1073 2500 1299 2562 criminabimur
1326 2501 1427 2559 crimi-

96 2583 281 2645 uolumini
304 2582 553 2643 criminabuntur.
596 2586 790 2662 imperativus
811 2591 909 2645 aretem
932 2586 1036 2647 modus
1059 2605 1177 2665 semper
1207 2588 1237 2646 in
1260 2586 1307 2646 bis
1328 2583 1429 2644 rerlris

136 2672 169 2730 in
191 2670 321 2737 reexit,
346 2677 378 2728 ut
399 2669 480 2728 dices
503 2670 663 2729 criminere
686 2669 784 2738 illurn,
814 2670 842 2730 id
866 2678 912 2730 cst
933 2673 1046 2731 crimen
1073 2671 1117 2731 illi
1141 2673 1254 2748 ingere.
1299 2670 1428 2747 optativo

86 2792 90 2799 ·
136 2753 223 2815 modo
245 2755 302 2823 sic,
327 2755 438 2813 utinam
461 2755 638 2814 criminarer
660 2756 862 2815 criminareris
884 2758 1096 2817 criminaretur
1118 2758 1346 2816 criminaremur
1368 2754 1426 2812 cri·

137 2840 326 2900 minarcmini
354 2840 600 2908 criminarentur,
635 2840 797 2918 praeterito
830 2841 962 2919 perfecto
990 2843 1110 2901 utinam
1130 2843 1306 2900 criminatus
1332 2857 1427 2899 essem

136 2942 219 2985 esses
240 2931 319 2983 esset
341 2925 490 2984 criminati
513 2942 646 2984 essemus
667 2926 772 2985 essetis
794 2933 907 2993 essent,
937 2926 1037 2986 futuro
1063 2927 1177 2985 utinam
1205 2926 1347 2985 criminer
1369 2924 1427 2983 cri·

98 3018 126 3059 30
138 3010 263 3069 mineris
279 3008 456 3068 criminetur
472 3010 665 3068 criminemur
680 3009 879 3068 criminemiui
893 3011 1099 3070 criminentur.
1136 3011 1323 3070 coniunctivo
1341 3008 1428 3068 modo

139 3112 206 3154 cum
229 3094 373 3154 criminer
395 3094 564 3153 crimineris
586 3094 760 3153 criminetur
782 3095 976 3155 criminemur
997 3097 1198 3155 criminemiui
1221 3096 1427 3161 criminentur,

137 3179 299 3259 praeterito
321 3178 489 3256 inperfecto*
507 3196 574 3237 cum
603 3179 780 3237 criminarer
803 3180 1007 3240 criminareris
1027 3181 1239 3240 criminaretur
1254 3181 1428 3239 criminare·

138 3281 205 3324 mur
220 3263 457 3322 criminaremini
478 3264 723 3331 criminarentur,
746 3265 909 3341 praeterito
932 3266 1064 3342 perfecto
1087 3283 1153 3325 cum
1177 3266 1351 3324 criminatus
1373 3265 1429 3322 sim

138 3350 180 3409 sis
202 3349 240 3408 sit
263 3349 414 3407 criminati
438 3349 531 3406 simus
554 3350 620 3407 sitis
642 3349 712 3416 sint,
743 3350 905 3426 praeterito
928 3349 1217 3428 plusquamperfecto
1239 3367 1306 3408 cum
1328 3349 1428 3408 crimi-

97 3442 125 3484 ³⁵
141 3440 228 3493 natus
250 3450 346 3492 essem
369 3451 450 3491 esses
472 3441 551 3491 essct
572 3433 722 3492 criminati
746 3450 879 3491 essemus
901 3436 1008 3493 essetis
1031 3441 1143 3504 essent,
1174 3443 1307 3512 tempore
1329 3434 1430 3494 futuru

139 3535 208 3578 cum
230 3518 403 3577 criminatus
426 3535 477 3574 ero
500 3518 560 3576 eris
583 3518 640 3576 erit
662 3517 809 3576 criminati
827 3519 938 3578 crimus
955 3520 1038 3578 eritis
1053 3527 1150 3581 erunt.
1196 3519 1282 3580 medo
1303 3519 1428 3583 infinite.

138 3620 226 3682 quem
249 3601 379 3661 (linimus
400 3601 497 3661 nullas
519 3601 685 3679 siguificare
707 3619 862 3680 personas,
886 3603 959 3663 facit
981 3605 1183 3683 inpraesenti
1206 3605 1374 3672 criminari,
1398 3604 1428 3662 in

70 3725 73 3737 ·
137 3689 300 3766 praeterito
324 3687 513 3745 criminatum
544 3705 623 3755 csse,
654 3688 683 3746 in
712 3686 812 3746 futuro
834 3689 1025 3748 criminatum
1049 3692 1097 3749 iri.
1147 3690 1182 3750 ad
1206 3690 1281 3749 benc
1302 3690 1428 3749 formam

136 3773 304 3831 communia
327 3770 417 3831 rerba
440 3770 604 3831 declinabis
625 3773 684 3839 sic,
707 3770 810 3832 bortor
832 3773 951 3834 osculor
973 3773 1111 3834 nidificor
1133 3774 1246 3835 iaculor
1261 3780 1342 3834 tutor
1359 3790 1428 3832 con-

98 3871 126 3910 eo
138 3854 218 3917 solor
240 3866 357 3915 scrutor
381 3874 480 3915 moror
502 3856 622 3915 lencror
644 3855 794 3934 amplexor
816 3858 914 3927 furor,
944 3858 1022 3918 unde
1045 3868 1090 3919 cst
1111 3861 1194 3920 furor
1216 3860 1327 3919 furaris
1348 3859 1428 3918 fura·

136 3949 200 4009 tur,
230 3943 356 4000 comitor
384 3941 526 4000 recordor
554 3943 732 4001 reminiscor
759 3951 918 4020 percontor
946 3945 1044 4004 minor
1073 3952 1173 4021 gestor
1200 3947 1299 4023 piscor
1321 3944 1430 4003 odoror

137 4041 268 4104 aucupor
291 4043 382 4083 venor
405 4024 588 4104 contemplor
610 4026 747 4104 speculor
768 4035 868 4088 sector
891 4047 1016 4088 veneror
1041 4030 1146 4107 dignor
1174 4047 1280 4110 precor
1302 4031 1429 4089 miseror

137 4109 226 4171 rader
250 4107 294 4188 [id
318 4117 363 4170 est
386 4110 473 4170 fidem
496 4110 577 4190 dico]
602 4112 766 4170 calumnior
788 4119 818 4171 ct
840 4113 910 4182 alia,
940 4133 1015 4193 quae
1044 4112 1212 4194 numlquam
1241 4114 1392 4192 deponunt
1414 4131 1430 4172 r

137 4194 279 4257 litteram,
315 4213 382 4254 nam
411 4198 436 4254 si
465 4196 630 4274 deponunt,
659 4195 748 4256 latina
772 4216 829 4257 non
853 4206 930 4258 suut.
975 4200 1042 4276 quis
1065 4201 1143 4259 cuim
1168 4201 1248 4260 dicat
1270 4201 1429 4259 reminisco

95 4286 188 4340 mant
209 4279 334 4339 recordo
356 4280 400 4340 rel
425 4299 514 4359 preco
538 4280 582 4340 rel
605 4280 693 4358 digno
716 4281 760 4341 rel
789 4283 891 4343 secto?
927 4302 998 4360 orgo
1021 4286 1193 4346 memineris
1217 4285 1290 4345 baec
1313 4299 1430 4361 semper

138 4450 441 4463 ..ρ-...-

207 4552 225 4602 ὖ
244 4552 390 4601 memineris
409 4566 510 4617 semper
530 4565 667 4615 numquam
687 4552 734 4606 re
812 4549 829 4600 8
847 4554 905 4616 quia
925 4561 949 4601 et
967 4555 1132 4603 communiter
1149 4555 1174 4603 F
1256 4554 1287 4604 14
1306 4551 1430 4601 efficimur

137 4618 290 4671 etdiclmua
308 4620 333 4671 F
384 4621 418 4672 ‘20
433 4621 459 4671 id
476 4631 513 4672 ert
531 4622 629 4672 crimini
643 4621 679 4670 illi
696 4621 812 4685 ingerere
829 4623 851 4670 F
917 4622 952 4672 ac
970 4621 1053 4688 eruut]
1074 4625 1139 4673 erim
1155 4625 1179 4673 F
1244 4622 1278 4673 dil
1291 4621 1430 4673 declinabis

138 4702 207 4755 qnae
224 4690 265 4741 ele
282 4689 307 4741 F
375 4691 495 4743 consulor
512 4693 538 4742 F
604 4690 638 4742 40
652 4706 737 4742 moror
754 4690 887 4742 Panemo
900 4693 994 4742 morior
1012 4693 1057 4749 Fe
1110 4693 1249 4759 amplector
1267 4707 1299 4741 ex
1320 4691 1390 4740 furor
1410 4695 1434 4744 F

136 4756 320 4883 triplatam?
331 4758 437 4840 [urere
503 4762 539 4813 42
555 4760 650 4829 dlqnor
663 4775 759 4813 memor
773 4768 817 4810 aut
832 4776 956 4812 memoror
971 4777 1060 4828 precor
1078 4766 1199 4815 misereor
1217 4762 1297 4812 endor
1314 4763 1394 4812 nudor
1410 4765 1432 4813 F
