3346 5498
530 409 728 470 Excenr‘m
753 409 929 469 PARlSle
954 409 1019 469 xlii
1359 402 1421 466 623

1217 513 1387 566 pmon

130 598 207 659 unde
236 616 310 678 quae
341 601 371 656 in
400 618 443 677 ῆν
465 598 618 665 desinunt,
648 604 681 656 ut
702 596 762 674 ζῆν
784 595 905 674 πεινῆν
927 593 1041 673 διψῆν,
1071 615 1128 654 ιιοιι
1152 604 1220 654 sont
1242 597 1420 662 communia,

128 702 179 761 sed
207 700 322 768 dorira,
353 708 384 759 nt
411 693 505 777 ὁρῆν.
551 698 684 759 eiusdem
712 705 781 758 sant
809 698 926 757 dialecti
955 706 985 756 et
1011 716 1086 775 ‹yuae
1117 699 1146 755 in
1175 716 1211 755 εν
1233 703 1355 765 exeant,
1391 705 1422 755 nt

128 796 195 863 άπδ
218 801 279 862 τοῦ
310 808 404 861 νοεῖν
431 798 509 862 νοέν
531 810 562 861 et
583 788 649 860 άπδ
671 800 732 859 τοῦ
755 796 986 880 δασμῆφορεῖν
1008 793 1241 878 δασμῆφορέν;
1271 798 1340 858 lieet
1362 799 1422 857 sint

130 915 160 966 et
182 905 350 965 eommunia
373 906 404 963 in
427 921 474 972 εν,
498 903 549 961 sed
574 904 756 979 integritatis
779 904 966 962 extremitate
983 903 1126 982 praecisa,
1151 898 1190 958 nt'
1204 908 1249 958 est
1271 891 1336 959 άπό
1360 898 1421 958 τοῦ

103 1006 242 1086 τιέμεναι
264 1004 355 1085 ἔμεν,
378 997 443 1064 άπὸ
466 1004 526 1064 τοῦ
550 999 689 1084 δόμεναι
705 999 817 1083 δόμεν,
855 1006 981 1082 perlecti
1005 1005 1147 1082 temporis
1162 1002 1315 1062 indicativi
1331 1002 1421 1061 Grae·

129 1126 230 1168 eorum
253 1109 339 1166 tertia
365 1124 489 1184 persona
513 1109 564 1166 lini
587 1125 641 1165 suo
659 1106 774 1166 adiecta
797 1125 853 1165 ναι
868 1105 979 1185 syllaba
995 1108 1101 1166 transit
1124 1107 1154 1164 in
1170 1097 1420 1183 άπαρέμφατον,

128 1208 289 1287 πεποίηκε
310 1204 545 1287 πεποιηκέναι,
575 1204 686 1286 λέλεχε
709 1203 889 1286 λελεχέναι.
933 1208 1029 1267 Latini
1053 1209 1165 1286 primae
1189 1225 1331 1284 personae
1353 1224 1421 1283 per·
1436 1215 1483 1263 163
1495 1213 1526 1262 V.

128 1312 197 1371 lecti
221 1310 333 1371 addant
354 1311 536 1387 geminatum
558 1329 588 1369 ss
610 1318 640 1369 et
663 1330 687 1378 e,
711 1309 772 1368 dixi
801 1310 922 1369 dixisse.
968 1310 1072 1369 Graeci
1096 1307 1100 1388 ἶ
1124 1302 1345 1387 άπαρέμφατα
1369 1327 1420 1367 sua

128 1415 221 1472 activa
245 1415 275 1471 in
298 1431 333 1470 αι
355 1411 520 1471 desinentia
544 1430 598 1491 per
620 1429 724 1471 omnes
750 1410 942 1471 semivocales
971 1411 1085 1470 litteras
1118 1412 1274 1488 proferant
1297 1417 1420 1487 excepto

91 1515 159 1592 ιοζ,
183 1512 311 1574 στεῖλαι
338 1520 449 1593 νεῖμαι
470 1513 592 1593 χρῆναι
620 1520 754 1593 σπεῖραι
780 1511 901 1590 νοῆσαι
923 1508 1013 1584 λέξαι
1035 1507 1176 1590 γράψαι;
1206 1519 1328 1589 excepta
1352 1519 1421 1571 sunt

128 1606 218 1675 εἶπαι
246 1610 302 1674 καὶ
331 1610 483 1693 ἐνέγκαι,
511 1634 586 1694 quae
610 1614 671 1675 sola
694 1633 751 1675 non
775 1613 967 1674 semivocales
995 1617 1099 1674 sortita
1127 1623 1209 1687 sarit,
1240 1613 1290 1672 sed
1314 1620 1419 1674 nantas.

126 1718 241 1797 passiva
264 1736 334 1776 vero
354 1736 409 1795 per
425 1735 514 1778 anain
529 1724 643 1777 tantum
658 1717 788 1777 litteram
803 1718 830 1776 θ
844 1719 1036 1794 proferantur
1051 1718 1215 1794 praeniissa
1231 1721 1282 1773 aid
1296 1714 1418 1793 liquida,

126 1815 291 1897 κεκάρθαι
312 1817 463 1879 τετίλθαι
486 1814 665 1898 έρράνθαι,
688 1827 738 1878 ain
761 1831 790 1886 σ,
815 1813 973 1896 λέγεσθαι
996 1817 1179 1896 φιλεῖσθαι,
1204 1825 1253 1876 ant
1268 1817 1360 1876 altera
1383 1836 1417 1876 ex

127 1922 215 1980 nimis
237 1940 312 2000 tynae
337 1929 478 1981 roeantnr
500 1917 641 1990 δασεῖαι,
665 1920 693 1980 id
717 1928 762 1979 est
784 1922 845 1980 sire
868 1939 897 1998 χ,
920 1926 953 1979 ut
975 1914 1148 1997 νενύχθαι,
1172 1921 1232 1978 sire
1256 1938 1290 1997 φ,
1315 1926 1347 1978 ut
1362 1937 1419 1995 ye-

89 2017 288 2101 ιεγράφθαι.
334 2041 402 2082 enni
429 2024 527 2084 Latini
557 2023 669 2083 nullam
698 2023 846 2082 inlinitum
874 2020 1105 2100 monosyllabum
1134 2020 1276 2089 habeant,
1311 2021 1417 2081 Graeei

127 2126 302 2202 paucissima
326 2123 446 2191 liabent,
471 2144 545 2203 qnae
569 2126 742 2184 referantur
764 2125 799 2184 ad
823 2123 914 2185 selani
936 2123 1094 2184 secundam
1117 2122 1278 2200 συζυγίαν
1300 2136 1416 2202 περισ-

126 2222 306 2306 πωμένων,
332 2233 363 2284 ut
385 2220 474 2306 σπῆν
496 2225 595 2306 θλᾷν.
640 2229 751 2287 etenira
778 2232 877 2286 πνεῖν
905 2231 977 2304 χεῖν
1005 2221 1077 2303 ῥεῖν
1106 2245 1164 2285 ιιοιι
1193 2232 1261 2284 sant
1289 2227 1415 2302 integra,

125 2327 176 2387 sed
205 2347 240 2386 ex
270 2327 422 2387 collisione
450 2335 616 2387 eontracta:
641 2330 702 2388 soit
724 2330 803 2388 enim
826 2328 981 2404 integritas
1003 2322 1120 2386 πνέειν
1142 2323 1230 2405 χέειν
1253 2321 1357 2407 ῥέειν,
1387 2337 1417 2387 et

125 2429 222 2489 medio
245 2447 260 2488 ε
282 2428 434 2488 subtracto
457 2431 488 2489 in
511 2448 599 2490 auam
613 2429 753 2509 syllabam
776 2437 845 2489 sunt
867 2429 985 2488 redacta
1008 2437 1038 2488 et
1060 2448 1096 2488 ex
1111 2430 1239 2489 themate
1256 2429 1415 2490 verboram

86 2547 111 2588 so
125 2532 247 2591 vernant
273 2526 364 2590 πνέω
399 2525 462 2608 χέω
492 2526 566 2611 ρ’ἑω.
612 2532 725 2592 nullum
754 2535 833 2593 enim
861 2549 1000 2609 graecum
1030 2530 1151 2591 verbum
1174 2524 1416 2612 άπαρέμφατον

124 2651 159 2692 ιιι
183 2632 274 2691 verbo
298 2634 328 2691 in
353 2651 378 2690 ω
402 2633 556 2693 desinente
579 2636 689 2695 lactum
712 2654 770 2695 non
793 2634 919 2694 eundem
943 2651 1099 2693 nnnierum
1122 2633 1300 2711 syllabarum
1323 2640 1414 2701 tenet,

122 2737 227 2813 quiin
250 2734 346 2813 prima
370 2737 516 2814 positione
545 2735 628 2795 verbi
652 2737 717 2806 luit,
740 2735 809 2796 νοῶ
832 2742 934 2805 νοεῖν,
958 2733 1041 2815 τιμά
1064 2732 1171 2815 τιμάν,
1196 2734 1309 2814 χρυσῶ
1332 2753 1414 2813 χρυ-

123 2834 223 2905 σούν,
254 2832 359 2915 τρέχω
387 2831 533 2916 τρέχειν,
563 2832 676 2897 τύπτω
705 2832 859 2898 venno:
889 2839 932 2897 sie
948 2831 1045 2921 πνέω
1069 2832 1194 2905 πνέειν,
1228 2833 1291 2914 χέω
1313 2831 1413 2916 χέειν,

123 2933 188 3018 ῥέω
211 2934 311 3017 ῥέειν,
335 2958 370 2998 ex
393 2938 503 3018 quibas
524 2945 624 2998 πνεῖν
646 2946 718 3017 χεῖν
740 2935 813 3018 ῥεῖν
828 2946 897 2999 sant
919 2940 1005 2998 laeta.
1039 2931 1261 3017 άπαρέμφατα
1284 2957 1359 3017 qnae
1382 2942 1413 3000 in

85 3059 143 3098 εευ
170 3037 329 3107 desiinrnt,
358 3040 442 3099 side
472 3038 561 3099 verbo
583 3047 652 3099 sunt
673 3043 897 3119 perisynnneno,
927 3043 1035 3101 antisse
1058 3060 1078 3099 ν
1106 3049 1135 3099 et
1158 3048 1279 3117 accepta
1302 3040 1412 3119 syllaba

121 3142 203 3200 σθαι
226 3144 340 3202 laeiunt
361 3161 397 3200 ex
421 3160 452 3199 se
476 3143 599 3219 passiva,
623 3148 733 3201 ποιεῖν
755 3144 939 3209 ποιεῖσθαι,
964 3140 1063 3221 τιμάν
1085 3136 1252 3221 τιμᾶσθαι,
1284 3138 1412 3220 δηλοῦν

121 3239 320 3321 δηλοῦσθαι.
353 3242 458 3321 ιχιιοιΙεῖ
481 3244 541 3302 sint
562 3242 598 3301 de
623 3242 774 3322 barytono‚
799 3246 887 3304 eliani
911 3263 923 3302 ι
943 3245 1090 3312 amittunt,
1115 3238 1226 3321 λέγειν
1242 3238 1409 3322 λέγεσθαι,

120 3339 266 3423 γράφειν
288 3339 490 3422 γράφεσθαι.
536 3346 611 3404 nunt
632 3352 661 3403 et
683 3344 720 3403 de
743 3345 903 3405 indicativo
925 3347 1054 3425 passivo:
1079 3353 1172 3433 mutat
1194 3348 1273 3405 enim
1295 3366 1313 3405 τ
1336 3349 1367 3407 in
1389 3359 1410 3406 σ

121 3443 176 3502 καὶ
197 3447 223 3505 θ
245 3453 276 3504 et
298 3447 369 3504 laeit
390 3437 642 3525 άπαρὲμφατον.
688 3465 742 3505 nee
765 3447 859 3507 solnm
882 3447 937 3506 boe
960 3450 989 3507 in
1012 3448 1162 3525 praesenti
1185 3453 1328 3525 ternpore,
1357 3449 1408 3509 sed

81 3554 148 3605 aret
168 3547 199 3604 in
221 3549 383 3624 praeterito
406 3555 436 3605 et
459 3549 574 3615 laturo,
603 3546 749 3626 φιλεῖται
771 3547 960 3627 φιλεῖσθαι,
988 3546 1168 3627 πεφίληται
1190 3549 1407 3628 πεφιλῆσθαι,

118 3642 344 3724 φιλῆθῆσεται
379 3643 642 3728 φιληθῆσεσθαι.
694 3657 739 3709 est
772 3658 803 3709 et
836 3649 892 3710 alia
925 3651 1098 3727 diligentior
1126 3650 1294 3711 observatio
1328 3655 1407 3712 eirea

118 3746 376 3828 παρακείμενον.
423 3768 489 3809 nam
512 3753 649 3830 quotiens
672 3754 702 3811 in
726 3752 904 3830 paemdtima
934 3752 1023 3812 habet
1045 3773 1074 3822 x,
1105 3760 1175 3813 tane
1197 3755 1304 3813 amissa
1327 3762 1406 3814 ntra-

105 3868 174 3927 ·que
198 3849 308 3928 syllaba
336 3861 366 3910 et
388 3861 508 3931 accepta
537 3855 619 3913 σθαι
647 3856 678 3914 in
701 3841 988 3933 passivum'transit,
1011 3849 1237 3934 πεπατηκέναι
1259 3857 1405 3936 πεπατῆ-

116 3950 208 4020 σθαι,
231 3948 448 4029 γεγελακέναι
474 3951 692 4032 γεγελάοθαι,
717 3951 923 4017 πεπλακέναι
946 3952 1153 4018 πεπλάσθαιε
1185 3966 1235 4018 aot
1257 3959 1407 4019 interdum

79 4055 178 4116 ιεθαι
201 4052 291 4112 solam
315 4057 423 4134 accipit
446 4058 510 4115 sine
533 4070 568 4125 σ,
593 4057 643 4116 sed
667 4065 737 4119 tane
759 4061 897 4138 quotiens
920 4068 987 4120 ante
1010 4080 1030 4119 κ
1053 4060 1164 4138 liquida
1192 4063 1350 4138 reperitur,
1375 4068 1407 4120 at

117 4149 302 4214 τετιλκὲναι
318 4156 476 4226 τετίλθαι,
493 4153 694 4237 κεκαρκέναι
709 4156 883 4239 κεκάρθαι,
907 4158 1107 4241 έρραγκέναι
1124 4157 1303 4241 έρράνθαι;
1328 4165 1405 4223 ande

116 4257 300 4334 intellegitur
323 4261 354 4318 in
370 4259 460 4319 verbo
482 4279 511 4338 γ,
535 4261 614 4339 qnod
637 4263 694 4322 run
715 4271 782 4323 ante
805 4281 835 4332 κ,
859 4259 1001 4344 δυνάμει
1023 4284 1044 4324 ν
1065 4266 1168 4325 inisse.
1212 4266 1318 4344 quodsi
1340 4283 1403 4325 πα-

117 4358 314 4438 ρακείμενος
341 4364 454 4421 activus
482 4361 586 4422 babuit
615 4365 645 4423 in
667 4365 848 4443 paenultima
871 4374 921 4425 aut
943 4386 968 4445 φ
992 4374 1043 4425 ant
1064 4384 1093 4443 χ,
1117 4374 1188 4426 tnnc
1212 4361 1216 4443 Ι
1239 4370 1405 4447 qnoque&

116 4464 233 4540 accipit,
256 4457 463 4542 γεγραφέναι
484 4460 685 4545 γεγράφθαι,
709 4460 886 4546 νενυχέυαι
909 4463 1083 4547 νενύχθαι.
1121 4468 1219 4528 Latini
1241 4471 1335 4529 laturi
1357 4472 1401 4530 in·

182 4684 196 4731 7
213 4683 307 4748 λελεχε
326 4699 372 4733 om.
386 4684 417 4742 P,
434 4685 524 4749 πάσχι
594 4689 625 4735 10
642 4683 756 4752 χρῆναι]
775 4688 886 4751 χρεῖναι
903 4687 928 4735 Ρ
996 4691 1026 4737 11
1045 4689 1132 4737 sortita
1149 4686 1194 4736 sed
1208 4687 1299 4738 multas
1313 4690 1337 4739 P

116 4752 147 4798 13
164 4751 325 4814 καικαρθαι
342 4753 366 4801 Ρ
433 4751 572 4816 φιλεσθαι
589 4754 614 4803 P
681 4754 912 4804 terebrantur?
977 4758 1009 4806 ⁸29
1027 4756 1073 4805 sed
1091 4757 1303 4820 inpraeteritoP
1368 4761 1401 4808 30

114 4818 252 4883 πεφιλητε
270 4820 450 4887 πεφιλῆσθαι
472 4821 702 4888 πεφιληθῆσεται
719 4821 976 4888 aspernamento
993 4825 1018 4872 P
1084 4826 1116 4873 36
1134 4840 1321 4888 καικαριιεναι
1339 4843 1400 4876 και·

114 4884 223 4947 καρθαι
240 4889 262 4936 Ρ
328 4890 361 4938 37
373 4900 431 4938 aare
443 4904 460 4938 ιι
472 4907 490 4954 p
502 4901 562 4938 ante
574 4906 590 4955 χ
603 4891 628 4939 Ρ
693 4892 726 4941 39
738 4885 888 4956 νενοχέναι
900 4910 918 4957 p
930 4906 1044 4957 νεχεναι
1060 4890 1082 4940 Ρ
