3346 5498
258 377 318 442 196
794 379 948 444 Pultruu

280 502 301 542 p.
315 488 440 530 uuo-281„

254 577 305 630 aut
332 569 379 628 bic
410 586 511 628 manes
539 574 589 628 aui
616 567 664 627 hie
692 570 788 629 mania
815 576 866 628 aut
893 569 995 629 nescio
1022 567 1092 647 quid
1122 565 1188 628 tale.
1233 584 1322 644 quem
1357 567 1392 628 ad
1421 568 1542 629 modum

253 668 397 729 habemus
419 670 517 729 lacere
540 671 707 747 genetivum
730 669 891 748 pluralem?
913 669 1018 730 borum
1034 670 1199 730 maniorum
1216 688 1253 729 an
1269 668 1375 730 borum
1392 670 1544 732 manium?

252 771 296 832 vel
320 790 406 850 quem
430 772 467 831 ad
489 770 610 832 modum
632 769 761 832 dativum
783 779 813 832 et
834 769 993 833 ablativum
1016 770 1179 850 pluralem?
1201 772 1248 831 bis
1270 779 1300 832 et
1320 770 1359 832 ab
1381 771 1429 832 bis
1450 774 1544 832 mani·
1566 843 1569 852 Ι

253 871 307 932 bus
330 891 367 932 an
391 875 504 933 manis?
532 891 592 934 noa
614 874 732 934 invenio
755 872 903 951 regulam,
932 871 983 933 sed
1006 873 1097 933 redeo
1120 871 1156 932 ad
1178 861 1324 933 rationem
1347 872 1461 934 Donati.
1507 872 1544 941 da
1569 856 1576 863 ¹

148 992 152 999 ·
251 992 360 1034 nomeu
394 976 482 1035 etiam
515 993 639 1037 numero
673 973 830 1052 singulari,
865 973 943 1051 quod
976 975 1156 1034 nominativo
1189 972 1297 1054 plurali
1329 977 1360 1036 in
1389 994 1421 1036 es
1449 981 1569 1036 ereata

250 1075 353 1154 agiles¹
373 1074 535 1157 [manes];·
549 1095 618 1137 ecce
645 1076 701 1137 boc
728 1095 837 1138 nomeu
864 1077 895 1135 10
918 1094 950 1136 00
973 1077 1047 1146 exit,
1076 1084 1106 1137 et
1128 1075 1200 1137 illud
1227 1095 1336 1138 nomen
1364 1079 1395 1137 in
1418 1096 1450 1138 es
1473 1078 1544 1138 exit.

250 1177 296 1237 iac
319 1180 487 1255 genetivum
510 1176 669 1258 pluralem,
693 1178 799 1239 borum
822 1176 956 1254 agilium;
980 1179 1023 1238 sic
1045 1178 1136 1239 babes
1151 1178 1250 1239 iacere
1265 1177 1371 1240 borum
1394 1180 1542 1240 manium:

251 1277 296 1339 bis
324 1286 353 1339 et
380 1279 417 1339 ab
446 1280 492 1340 bis
520 1278 660 1358 agilibus;
694 1281 737 1339 sic
766 1277 857 1339 babes
884 1280 983 1339 iacere
1010 1279 1057 1340 bis
1084 1288 1113 1340 et
1134 1279 1172 1341 ab
1194 1280 1241 1340 bis
1263 1281 1408 1342 manibus.
1452 1279 1545 1341 babes

250 1380 369 1458 quidem
392 1380 445 1441 bas
467 1381 586 1460 regulas
608 1380 766 1451 tenendas,
783 1379 947 1442 seeundum
965 1399 1090 1461 quarum
1106 1383 1236 1461 rigorem
1252 1384 1367 1463 possint
1382 1380 1542 1450 declinari;

248 1489 347 1543 tamen
375 1485 452 1544 scire
480 1482 571 1544 debes
598 1484 726 1544 maiores
753 1491 870 1543 nostros
898 1484 953 1544 ista
981 1486 1101 1545 nomina
1127 1486 1245 1546 numeri
1267 1482 1387 1563 pluralis
1408 1503 1463 1563 pro
1486 1502 1539 1544 sua
1555 1502 1580 1543 ro

220 1594 223 1599 ·
249 1581 366 1644 licentia
389 1584 556 1664 protulisse.
600 1584 708 1645 licebat
735 1584 809 1653 illis,
840 1593 869 1646 et
895 1584 1034 1647 dicebant
1056 1584 1161 1646 borum
1192 1587 1358 1647 maniorura
1381 1598 1411 1647 et
1433 1586 1541 1647 borum

247 1687 389 1747 manium.
435 1705 491 1766 qua
513 1687 646 1747 ratione?
668 1687 807 1766 quoniam
830 1704 890 1747 000
912 1694 1029 1765 poterat
1051 1689 1093 1747 eis
1115 1687 1236 1748 obicere
1258 1689 1427 1767 inperitiam
1449 1704 1541 1765 regu·

248 1786 293 1848 lae
315 1787 441 1849 sublatio
463 1790 579 1849 numeri
601 1785 777 1870 sialgularis.
822 1787 900 1848 unde
928 1787 984 1849 lroc
1006 1788 1181 1868 probamus,
1211 1791 1254 1850 sic
1277 1789 1442 1850 declinasse
1465 1791 1538 1849 anti·

248 1892 342 1969 quos?
365 1891 458 1952 habes
480 1893 510 1950 in
532 1890 655 1951 Horatio
947 1895 951 1903 '

399 1991 622 2054 anciliorum
645 2000 680 2052 et
703 1992 863 2052 nominis
886 1999 921 2052 et
943 1999 1051 2071 togae
1554 2011 1579 2051 aa

399 2093 552 2155 oblitus:

247 2195 421 2261 anciliorum
444 2196 523 2257 iacit.
569 2204 667 2257 tamen
691 2212 749 2256 non
772 2201 857 2274 potes
880 2197 908 2257 ei
931 2195 1143 2257 contradicere.
1188 2197 1297 2275 quare?
1330 2194 1435 2256 ancilia
1458 2196 1537 2255 enim

247 2299 362 2357 numeri
385 2305 455 2358 sunt
477 2305 590 2359 tautum
611 2297 734 2379 pluralis
755 2296 921 2359 secuudum
942 2299 1103 2372 rationem,
1127 2315 1304 2377 quamquam
1327 2296 1486 2375 legerimus
1507 2298 1539 2357 in

247 2379 376 2477 vergilio
399 2399 599 2480 ‘laevaque
621 2399 743 2463 ancile
765 2398 952 2478 gerebat’.
980 2400 1051 2459 item
1070 2398 1268 2461 vulcanalium
1284 2399 1424 2468 dicimus;
1442 2407 1540 2459 tamen

246 2500 402 2561 Sallustius
435 2501 509 2563 dixit
543 2501 750 2580 ‘religione
779 2499 1083 2561 vulcanaliorum
1120 2502 1348 2581 impeditus'.
1392 2498 1446 2561 sed
1481 2498 1578 2562 hocau

245 2604 405 2681 usurpavit.
452 2622 520 2664 nam
544 2603 647 2664 debuit
668 2602 767 2663 dicere
790 2601 1004 2663 vulcanalium.
1035 2603 1114 2664 unde
1136 2604 1194 2664 boc
1215 2602 1393 2684 probamus?
1415 2601 1480 2662 redi
1502 2602 1538 2664 ad

245 2701 325 2763 illam
353 2704 591 2774 similitudinem,
623 2704 659 2764 da
687 2722 797 2764 nomeu
825 2713 964 2765 neutrum
994 2703 1160 2782 singulare,
1183 2705 1262 2785 quod
1285 2707 1316 2766 in
1343 2705 1372 2765 ia
1401 2711 1486 2765 exeat
1507 2705 1538 2764 in

245 2807 424 2868 nominativo
444 2805 562 2887 plurali.
597 2804 683 2884 agilia
706 2805 765 2866 tale
788 2813 832 2868 est
860 2806 941 2867 acsi
964 2804 1043 2866 dicas
1066 2806 1181 2877 ancilia,
1207 2806 1264 2867 tale
1287 2815 1331 2867 est
1352 2825 1387 2867 ac
1409 2808 1434 2867 si
1456 2806 1538 2867 dicas

244 2906 428 2977 Vulcanalia,
456 2910 487 2969 in
516 2911 543 2969 ia
571 2909 638 2968 exit.
683 2927 754 2987 ergo
785 2926 874 2987 quem
901 2906 937 2967 ad
967 2907 1086 2968 modum
1115 2908 1185 2969 iacit
1212 2907 1347 2987 agilium,
1377 2910 1420 2969 sie
1449 2906 1539 2968 debet

244 3010 343 3071 iacere
368 3010 568 3073 vulcanalium
596 3018 626 3071 et
654 3009 802 3071 ancilium.
848 3026 918 3086 ergo
948 3027 984 3069 ex
1012 3010 1205 3071 similitudine
1232 3009 1358 3088 colligis,
1389 3027 1477 3088 quem
1500 3009 1577 3071 adso

245 3113 364 3174 modum
393 3120 421 3174 et
451 3111 454 3195 l
484 3112 534 3174 illa
563 3115 681 3175 aornina
709 3111 826 3172 numeri
855 3118 969 3172 tantum
997 3112 1120 3191 pluralis
1146 3113 1267 3181 iaciant,
1297 3121 1328 3171 ut
1350 3113 1392 3172 sic
1415 3112 1537 3181 iaciant,

244 3231 332 3292 quem
356 3214 392 3275 ad
414 3215 535 3276 modum
558 3214 607 3277 illa
629 3233 703 3294 quae
725 3221 797 3275 sunt
818 3214 936 3274 numeri
958 3213 1124 3294 singularis.
1155 3214 1207 3274 sed
1229 3212 1279 3273 illa
1301 3220 1441 3293 usurpata
1456 3220 1534 3284 sunt,

245 3323 277 3376 ut
298 3315 433 3378 dicerent
459 3317 633 3379 anciliorum
662 3325 691 3377 et
713 3315 968 3384 Vulcanaliorum;
998 3323 1027 3376 et
1055 3322 1272 3394 usurpaverunt
1293 3317 1421 3376 maiores
1443 3317 1538 3376 nostri

244 3434 332 3478 causa
353 3417 501 3479 licentiae.
546 3419 619 3479 baec
646 3426 744 3478 autem
762 3418 893 3494 licentia
922 3426 990 3479 nata
1013 3424 1073 3487 est,
1102 3418 1169 3496 quia
1192 3435 1253 3477 nou
1274 3425 1412 3496 poterant
1433 3419 1537 3498 regula

243 3520 399 3580 contineri.
1549 3544 1575 3584 00

328 3618 409 3688 Quae
431 3628 498 3680 sunt
520 3629 620 3680 autem
643 3622 780 3691 uomina,
805 3638 880 3699 quac
903 3640 963 3683 non
986 3622 1137 3701 pertinent
1159 3621 1195 3681 ad
1216 3620 1352 3700 regulas?
1375 3622 1539 3683 istasunt:

244 3722 359 3780 numeri
388 3728 499 3781 tanturm
526 3709 650 3800 pluralis
677 3742 736 3783 uon
759 3725 912 3803 pertinent
934 3722 970 3783 ad
994 3724 1066 3784 istas
1088 3722 1203 3801 regulas
1227 3721 1345 3783 ablativi
1368 3723 1536 3803 singularis,
1617 3781 1621 3798 ,

244 3823 359 3882 etrite.
406 3841 474 3883 nam
502 3825 528 3884 si
557 3823 679 3903 regulae
707 3823 826 3884 ablativi
854 3834 922 3886 suut
950 3823 1122 3903 singularis,
1145 3823 1194 3884 illa
1217 3826 1337 3886 nomina
1360 3835 1458 3887 autem
1481 3844 1537 3887 nu·

243 3925 317 3984 meri
345 3932 416 3985 sunt
445 3932 557 3985 tantum
588 3912 737 4004 pluralis,¹
754 3943 814 3985 000
844 3925 953 3988 babent
985 3927 1132 3987 rationem
1161 3928 1280 3986 numeri
1306 3927 1477 4005 singularis,
1504 3935 1537 3989 ut

243 4025 324 4087 exire
345 4025 483 4088 ⁴debeant
508 4028 538 4087 in
567 4044 692 4087 numero
719 4023 835 4104 plurali.
879 4029 950 4089 item
974 4045 1033 4090 non
1054 4029 1207 4108 pertinent
1228 4027 1264 4088 ad
1287 4028 1340 4090 bas
1360 4028 1479 4108 regulas
1501 4049 1574 4097 eaas

243 4128 362 4188 nomina
392 4145 467 4205 quae
496 4146 556 4188 000
579 4126 780 4196 declinantur,
804 4134 837 4187 ut
857 4128 901 4189 ias
923 4131 1006 4191 neias
1029 4146 1166 4208 nequam.
1197 4148 1289 4209 quare
1306 4148 1365 4190 non
1385 4132 1535 4209 pertinent

311 4297 436 4350 virorum
455 4314 588 4349 maurorum
601 4297 745 4348 autberum
765 4298 875 4348 manium
888 4297 940 4350 Bc
988 4300 1005 4349 9
1022 4301 1344 4367 possintBGapossitA
1399 4300 1533 4352 llhoram

242 4383 392 4418 manuornm
412 4378 436 4418 et
453 4367 543 4418 borum
564 4371 674 4419 manium
689 4369 742 4420 BG
758 4367 847 4418 borum
868 4383 1017 4420 manuornm
1035 4379 1061 4418 et
1079 4369 1168 4421 borum
1187 4386 1289 4420 manum
1305 4372 1386 4436 (corr.
1401 4386 1475 4420 -uum
1488 4369 1534 4429 avi

242 4439 267 4489 A
338 4439 413 4489 1410
431 4436 545 4505 Horatio]
566 4455 643 4489 carran
661 4440 737 4502 illo,
758 4439 789 4490 10
860 4440 892 4491 17
907 4447 990 4505 potest
1010 4440 1096 4491 ABc
1165 4440 1198 4492 19
1217 4442 1242 4489 in
1259 4437 1384 4507 Vergilio]
1401 4441 1467 4491 Aen.
1485 4440 1533 4490 vil

243 4510 294 4560 lue
363 4508 1090 4576 0013000100]010100000100100300000001100
1159 4510 1192 4562 20
1208 4507 1356 4576 Sallustius]
1382 4511 1417 4574 cs.
1434 4527 1461 4574 p.
1482 4511 1533 4563 loa

240 4579 281 4628 ed.
298 4579 376 4632 hired.
448 4578 768 4645 religioneareligiouem
782 4578 865 4631 ABG
933 4579 1536 4646 110001110οΒ0...0011110οΑ10001111000

214 4671 216 4675 ⁴
310 4649 425 4714 2200011
444 4649 512 4698 1010
531 4659 605 4699 exeat
621 4649 679 4701 Oa*
698 4649 766 4714 quod
785 4651 810 4698 10
830 4650 854 4699 10
873 4656 913 4699 eat
931 4649 979 4699 Ba
998 4651 1065 4713 quod
1084 4660 1125 4699 001
1142 4649 1167 4699 Α
1238 4650 1271 4700 27
1291 4664 1365 4714 quem
1384 4650 1533 4701 admodum

241 4726 267 4766 et
283 4718 328 4767 illa
346 4721 399 4770 BC
467 4718 498 4770 31
523 4721 554 4768 ad
572 4721 674 4786 regulas
693 4722 741 4769 ista
763 4728 824 4769 0001
844 4721 969 4769 10100001
988 4721 1085 4770 numeri
1102 4720 1124 4771 G
1143 4719 1175 4769 ad
1194 4720 1297 4785 regulas
1316 4719 1378 4770 101οΞ
1394 4720 1457 4784 (1010
1473 4728 1534 4771 0001

241 4790 302 4842 aad.
318 4789 346 4852 d)
366 4790 463 4839 numeri
481 4789 506 4838 B
525 4791 557 4839 ad
571 4792 672 4855 regulas
694 4831 788 4844 .....
809 4797 869 4839 0001
881 4788 926 4853 (ad
942 4790 1044 4854 regulas
1062 4791 1124 4840 10100
1145 4787 1175 4852 0)
1192 4790 1312 4841 istasunt
1330 4790 1428 4839 numeri
1447 4790 1472 4841 A
1576 4827 1580 4831 -

241 4858 275 4907 35
292 4856 360 4925 item]
382 4861 414 4909 ita
432 4856 518 4909 ABC
