3346 5498
263 336 323 403 178
770 393 778 413 ,
830 337 983 402 ΡΟΜΡΕΙΙ

287 461 309 502 p.
323 450 411 489 teu—88
426 447 447 487 l..

345 528 501 589 Praeterea
531 536 599 588 suot
626 526 722 605 aliqua
751 527 870 588 nomina
893 528 1095 588 enuntiatione
1117 526 1292 606 singularia,
1315 527 1466 589 intellectu
1489 527 1553 609 plu·

259 627 344 698 ralia,
369 636 401 689 ut
424 637 468 689 est
488 628 616 708 populus
639 646 712 707 gens
734 630 832 690 contio
856 629 1022 691 multitudo.
1069 631 1167 690 omnia
1189 631 1245 696 ista
1268 631 1470 692 enuntiatione
1492 632 1553 691 sin-

258 730 372 811 gularia
400 740 484 801 sunt,
512 730 665 793 intellectu
693 730 833 811 pluralia:
864 750 924 792 non
954 734 1032 793 enim
1061 739 1199 793 constant
1225 731 1262 792 de
1286 732 1418 811 singulis.
1463 740 1553 794 4444

258 835 408 895 contrario
437 835 638 894 enuntiatione
666 831 805 912 pluralia,
835 832 986 895 intellectu
1009 833 1183 912 singularia,
1206 835 1391 897 4444144444
1413 835 1552 916 Mycenae

257 935 367 997 Cumae
389 933 510 996 Thebae
533 934 658 996 Puteoli.
702 934 1013 1007 14444414411444444,
1046 938 1130 1017 quasi
1152 934 1277 1017 pluralia
1298 939 1365 999 sint.
1409 946 1478 998 sunt
1499 952 1578 998 au·⁵

257 1047 317 1100 tem
339 1039 458 1100 nomina
481 1038 598 1098 numeri
620 1045 735 1099 tantum
757 1038 846 1100 modo
868 1038 1006 1118 pluralis,
1037 1047 1178 1119 quantum
1207 1039 1242 1100 ad
1265 1039 1384 1100 Latinos
1405 1041 1550 1118 pertinet:

175 1210 178 1216 ¹
256 1147 389 1202 ceterum
418 1140 494 1219 aputl
518 1141 647 1201 Graecos
677 1141 842 1203 invenimus
870 1140 972 1209 aliter,
1002 1139 1058 1202 bae
1080 1140 1201 1202 Thebae
1229 1150 1258 1203 et
1284 1142 1357 1203 14444
1380 1141 1495 1212 Tlrebe,
1521 1149 1554 1202 ut

135 1543 194 1605 444,
209 1545 242 1594 44

136 1613 195 1671 444,
210 1614 242 1662 44

255 1251 301 1305 cst
322 1246 377 1304 ‘te
400 1261 561 1324 qnoque,
585 1244 757 1322 peritura
780 1242 935 1304 Pbebe’.
960 1244 1073 1304 variant
1094 1243 1145 1303 illi.

803 1427 851 1473 DE
873 1426 1003 1474 mevam

339 1532 447 1610 Figura
476 1533 508 1592 in
536 1531 707 1595 nominibus
736 1539 786 1592 aut
813 1531 938 1610 simplex
968 1539 1013 1593 est
1035 1540 1086 1593 aut
1108 1535 1272 1612 conposita.
1318 1533 1443 1613 simplex
1465 1543 1511 1595 est
1533 1548 1591 1594 a10

254 1640 374 1703 natura,
403 1633 432 1693 id
461 1641 505 1694 est
533 1653 608 1713 quae
633 1633 636 1713 l
661 1633 697 1693 de
725 1652 838 1695 unare
861 1641 990 1705 constat,
1015 1642 1048 1695 ut
1069 1634 1190 1703 doctus:
1224 1637 1390 1716 conposita,
1415 1654 1489 1714 quac
1513 1634 1551 1696 de

253 1734 368 1796 duabus
396 1742 512 1796 constat
539 1734 646 1805 rebus,
677 1755 752 1816 quae
780 1737 888 1815 accipit
915 1743 1069 1806 ornatum,
1096 1744 1129 1797 ut
1156 1737 1301 1798 indoctus.
1347 1735 1473 1816 slmplex
1496 1744 1550 1806 est,

254 1855 328 1916 quae
357 1855 444 1898 unam
474 1856 537 1898 rem
566 1836 669 1909 1441444,
705 1837 828 1916 duplex,
857 1857 933 1918 quac
961 1839 998 1900 de
1027 1839 1142 1900 duabus
1169 1838 1260 1900 rebus
1288 1847 1416 1908 constat,
1445 1838 1474 1898 141
1505 1845 1551 1900 444

253 1940 415 2019 conposita.
460 1938 550 2000 babes
578 1942 608 2001 14
637 1947 700 2001 4444
728 1939 832 2009 Probi,
863 1940 892 2000 141
922 1951 967 2002 444
993 1943 1135 2002 1444144414
1162 1943 1269 2020 ipsiuS,
1297 1941 1353 2001 hoc
1377 1950 1549 2001 tractatum:

253 2043 294 2102 414
315 2043 375 2112 414,
405 2042 524 2102 nomina
554 2044 652 2103 omnia
680 2061 767 2121 posse
790 2044 918 2122 conponi
942 2042 986 2104 vel
1015 2062 1050 2104 44
1074 2063 1132 2105 444
1155 2042 1362 2121 intellegendis
1385 2042 1451 2122 (boc
1475 2040 1589 2102 stul-1⁵

252 2152 314 2206 4444
345 2146 404 2219 444)
427 2142 471 2205 441
500 2162 536 2203 ex
565 2145 689 2222 integris
712 2141 757 2204 rel
787 2164 822 2204 ex
846 2147 995 2223 corruptis
1018 2145 1086 2222 (boc
1109 2145 1185 2207 bene
1208 2144 1299 2224 411414).
1346 2145 1549 2204 *4444414-

254 2243 445 2322 tellegendis'
461 2244 736 2306 44414144144444444.
768 2256 838 2326 puta
855 2247 1007 2308 columna:
1032 2248 1098 2310 colu
1114 2254 1212 2327 potest
1227 2246 1337 2308 babere
1352 2243 1547 2316 intellectum,

229 2346 337 2408 ‚‘colu
365 2348 493 2407 leminea
522 2346 682 2410 Parcarum
707 2347 824 2428 dirupta
834 2351 852 2419 ’,
878 2357 907 2409 ct
928 2357 998 2429 puta
1021 2350 1149 2412 silicas
1172 2349 1258 2411 ‘colu
1280 2349 1455 2417 Parcarum,
1479 2366 1547 2427 per-

252 2455 341 2510 eunte
369 2447 471 2517 colu’;
502 2467 570 2509 ecce
599 2447 690 2510 babes
718 2449 902 2511 intellectum
933 2453 1004 2513 eius.
1051 2471 1117 2513 mna
1141 2450 1215 2512 nibil
1237 2451 1390 2529 significat.
1436 2449 1491 2509 1444
1524 2451 1549 2509 41

251 2550 380 2612 volueris
402 2551 501 2630 sequi,
526 2553 622 2611 omnia
640 2553 758 2612 44441444
776 2555 929 2631 conposita
954 2561 1050 2624 erunt,
1074 2569 1275 2634 quaecumque
1298 2552 1420 2612 suntin
1443 2569 1545 2612 rerum
1560 2566 1586 2606 so

251 2660 365 2715 natura.
395 2672 557 2731 numquam
581 2654 659 2713 enim
683 2651 753 2714 licet
774 2653 828 2714 tibi
851 2655 965 2715 reterre
988 2674 1051 2716 rem
1071 2658 1168 2735 ipsam
1191 2655 1227 2715 ad
1251 2651 1466 2734 etymologiam,
1490 2654 1546 2713 nisi

249 2757 312 2835 ipsa
341 2752 516 2834 etymologia
546 2759 693 2816 consentit
720 2758 765 2816 rei
792 2755 958 2836 principali.
1005 2757 1071 2818 colu
1101 2757 1181 2819 aliud
1210 2763 1261 2817 est.
1308 2754 1451 2835 numquid
1479 2755 1546 2815 ideo

250 2857 328 2918 411444
356 2855 492 2918 columna
522 2864 579 2927 est,
610 2856 688 2937 qnod
719 2856 809 2919 babet
839 2860 984 2936 originem
1014 2878 1028 2919 a
1058 2858 1145 2920 colui
1174 2877 1245 2937 ergo
1275 2876 1342 2918 cum
1371 2856 1546 2917 111441411441

250 2961 409 3038 4134114444,
440 2958 497 3019 1444
524 2957 603 3018 411441
632 2960 790 3037 4134111444,
823 2979 914 3040 quare
936 2960 1002 3021 dico
1025 2963 1211 3041 conpositum
1234 2967 1279 3020 est
1300 2977 1408 3019 nomen
1432 2955 1546 3042 44141-

250 3071 334 3141 tegre
358 3069 387 3122 et
409 3068 560 3141 corrupto,
585 3080 651 3121 cum
674 3063 771 3141 ipsunt
796 3071 924 3143 etymum
949 3080 1008 3122 non
1032 3061 1140 3123 babeat
1162 3079 1319 3123 commuue
1342 3079 1409 3120 cum
1432 3061 1544 3139 princi·
1558 3074 1585 3114 44

249 3164 327 3245 palii
357 3172 386 3225 et
413 3163 491 3242 quod
522 3181 581 3223 non
610 3162 699 3223 1441444
726 3182 883 3225 commune
913 3182 980 3224 cum
1003 3164 1159 3245 principali
1182 3173 1327 3244 etymnm,
1359 3162 1544 3241 conpositum

250 3286 310 3328 444
340 3274 393 3328 444.
438 3285 508 3344 4434
537 3265 593 3325 1444
621 3267 788 3343 sequimur,
825 3274 856 3327 ut
883 3264 932 3325 illa
960 3265 1094 3327 dicamus
1123 3273 1276 3346 corrupta,
1310 3283 1385 3345 quae
1414 3263 1543 3325 44441444

248 3378 374 3450 possunt
399 3369 464 3429 14441
492 3369 617 3446 1444344.
654 3365 755 3448 [41144]
779 3370 855 3429 liunt
882 3370 1053 3448 conpositae
1077 3369 1186 3446 figurae
1210 3385 1244 3426 ex
1268 3364 1385 3427 duobus
1407 3367 1543 3444 integris,

249 3479 281 3531 ut
303 3471 522 3538 suburbanrrru;
553 3488 587 3530 ex
611 3468 727 3530 duobus
750 3472 914 3550 corruptis,
938 3479 970 3530 ut
993 3470 1111 3538 efficax:
1141 3486 1177 3529 ex
1200 3475 1342 3548 corrupto
1365 3477 1395 3528 et
1416 3470 1543 3546 integro,

249 3580 281 3632 ut
303 3571 510 3652 nugigerulus;
535 3590 569 3632 ex
593 3572 709 3650 integro
733 3579 762 3633 44
784 3580 940 3651 corrupto,
965 3580 997 3632 ut
1018 3569 1158 3632 insulsus.
1203 3577 1233 3630 44
1255 3588 1288 3629 44
1310 3588 1379 3630 4444
1401 3567 1451 3628 1114
1472 3586 1542 3648 pos·
1557 3586 1584 3625 so

249 3682 318 3735 sunt
339 3674 397 3734 41141
420 3681 574 3752 corrupta,
597 3693 672 3752 quae
694 3674 816 3734 luerunt
837 3676 967 3751 integrm
997 3674 1027 3733 in
1050 3673 1201 3734 communi
1224 3673 1311 3732 etiam
1334 3689 1472 3731 sermone
1500 3672 1544 3731 414

247 3773 400 3836 1441444444.
447 3774 588 3852 numquid
616 3794 773 3854 possumus
801 3775 901 3835 dicere
930 3775 1044 3836 birrum
1072 3783 1246 3854 corruptum
1276 3792 1355 3841 esse,
1387 3773 1442 3832 nisi
1472 3773 1542 3848 quia

248 3876 304 3937 luit
326 3877 459 3955 integra?
481 3879 523 3936 sic
546 3877 634 3937 etiam
658 3896 717 3938 non
740 3894 898 3956 possumus
921 3877 1020 3939 dicere
1042 3884 1142 3956 partes
1158 3881 1312 3955 corruptas
1335 3875 1451 3934 esseio
1475 3891 1542 3935 ora·

317 4063 460 4129 bpluralia
485 4062 691 4128 complorati
762 4061 916 4128 6plnralis]
937 4063 1076 4131 singularis
1092 4061 1175 4113 ABG
1243 4058 1313 4126 8te]
1332 4062 1397 4113 Stat.
1420 4059 1497 4114 rtet.
1518 4061 1543 4111 X

247 4134 299 4185 594
318 4145 341 4183 44
362 4143 445 4182 444444
465 4132 569 4191 infelix,
590 4134 684 4197 inquit,
704 4134 866 4197 perituraque
885 4134 971 4183 ’1144144
1043 4133 1075 4183 12
1095 4133 1193 4197 accepit
1207 4130 1263 4180 AB
1334 4131 1366 4182 13
1381 4131 1472 4183 4144444.
1492 4131 1544 4181 Bc

320 4205 350 4254 ll
370 4205 462 4253 inane
481 4201 565 4268 Probi]
585 4205 662 4255 instit.
682 4211 735 4253 ort.
752 4219 779 4265 p.
794 4202 838 4265 53,
858 4203 890 4253 18
943 4205 975 4254 18
993 4204 1096 4270 dirupta
1111 4201 1194 4252 ABG
1208 4202 1323 4266 disrupta
1342 4217 1358 4250 o
1376 4201 1466 4249 diurna
1484 4201 1543 4251 coln

246 4276 350 4326 4444144414
368 4272 562 4327 Lindemanaua.
592 4275 642 4324 duo
666 4275 781 4336 etcenquo
804 4272 837 4322 ab
860 4275 916 4336 ipso
933 4275 1095 4338 promnaou'co
1110 4275 1171 4336 fleto
1192 4272 1307 4321 uidenmr
1325 4272 1457 4333 4414441444
1476 4287 1542 4333 esre,

246 4344 304 4395 colu
322 4353 407 4411 potest
427 4341 520 4394 babere
539 4344 709 4405 intellectum,
726 4352 754 4392 ut
771 4352 831 4409 puta
851 4345 873 4393 si
895 4343 965 4405 dieas
983 4342 1058 4395 ‘colu
1079 4342 1189 4392 leminea
1208 4342 1367 4403 Parcarom’‚
1387 4342 1541 4390 ‘Parcarum

245 4424 368 4481 pereunte
383 4413 455 4463 coln‘
507 4414 753 4465 22444444444140
821 4413 903 4464 colum
919 4413 989 4462 alinrl
1009 4423 1047 4463 est
1064 4414 1147 4464 ABG
1204 4414 1238 4463 24
1253 4411 1367 4473 sortasse
1380 4413 1540 4476 conpositum

245 4499 413 4535 esseuumen
501 4485 535 4534 25>
552 4483 687 4551 principali
703 4501 770 4534 corr.
792 4482 933 4549 principale
948 4484 973 4531 A
1062 4483 1095 4533 26
1113 4493 1137 4533 et
1155 4481 1222 4545 quod
1241 4496 1290 4530 non
1314 4481 1389 4530 babet
1406 4495 1542 4531 commune

245 4570 303 4605 rum
317 4554 458 4622 principale
474 4570 531 4604 cum
556 4553 673 4604 4414444444
694 4554 720 4605 Β
742 4563 767 4604 44
787 4555 855 4617 quod
875 4567 924 4603 uon
944 4552 1019 4602 babet
1038 4567 1170 4603 commune
1188 4551 1329 4649 principale
1348 4566 1405 4601 cum
1423 4550 1540 4600 cethemo

145 4668 150 4676 .
246 4626 341 4676 chm
360 4633 458 4675 etoemo
477 4624 502 4672 Α
520 4635 544 4675 et
563 4624 630 4688 quod
650 4638 700 4674 non
719 4624 795 4675 babet
811 4637 989 4676 commun...
1008 4627 1154 4686 (commune
1172 4636 1229 4671 cum
1249 4638 1265 4669 o
1285 4623 1296 4684 )
1314 4622 1457 4687 principale
1476 4622 1539 4675 add.

245 4711 261 4743 o
331 4694 567 4746 284114141144444
584 4696 625 4746 A:
644 4697 714 4744 rrarie
736 4697 776 4744 uel
793 4706 820 4743 ut
840 4703 899 4762 puta
917 4696 972 4743 olim
988 4696 1107 4756 scriptum
1122 4693 1204 4755 1441444
1218 4691 1317 4740 radetur
1385 4708 1417 4740 ex
1439 4691 1541 4741 duobus

245 4765 352 4830 integris
371 4764 404 4815 u*
422 4781 454 4815 ex
471 4767 570 4816 duabus
589 4767 694 4832 integris
712 4766 827 4832 partibus
844 4763 929 4813 Aac
998 4763 1033 4815 29
1052 4761 1213 4813 suburbanus
1232 4760 1285 4812 BG
1351 4759 1386 4811 30
1402 4763 1540 4828 nugigeru-

244 4832 285 4884 lus
304 4835 355 4885 Ac
423 4835 456 4886 31
476 4833 588 4904 luerunt]
606 4847 665 4887 suut
681 4835 763 4887 .ch
831 4833 993 4900 3214444444
1009 4832 1136 4901 myrrham
1155 4839 1300 4896 corruptam
1316 4845 1373 4880 esse
