<?xml version="1.0" encoding="UTF-8"?>
<!DOCTYPE html PUBLIC "-//W3C//DTD XHTML 1.0 Transitional//EN"
    "http://www.w3.org/TR/xhtml1/DTD/xhtml1-transitional.dtd">
<html xmlns="http://www.w3.org/1999/xhtml" xml:lang="en" lang="en">
 <head>
  <title>
</title>
<meta http-equiv="Content-Type" content="text/html;charset=utf-8" />
  <meta name='ocr-system' content='tesseract 3.04.00' />
  <meta name='ocr-capabilities' content='ocr_page ocr_carea ocr_par ocr_line ocrx_word'/>
</head>
<body>
  <div class='ocr_page' id='page_1' title='image "./grammaticilatin03keilgoog_0296.png"; bbox 0 0 3346 5498; ppageno 0'>
   <div class='ocr_carea' id='block_1_1' title="bbox 717 371 1479 535">
    <p class='ocr_par' dir='ltr' id='par_1_1' title="bbox 717 371 1479 535">
     <span class='ocr_line' id='line_1_1' title="bbox 717 371 1479 463; baseline 0.005 -29"><span class='ocrx_word' id='word_1_1' title='bbox 717 371 953 435; x_wconf 81' lang='lat' dir='ltr'><strong>couunurvu</strong></span> <span class='ocrx_word' id='word_1_2' title='bbox 1417 371 1479 463; x_wconf 75' lang='lat' dir='ltr'><strong>ru</strong></span> 
     </span>
     <span class='ocr_line' id='line_1_2' title="bbox 1296 482 1454 535; baseline -0.013 -10"><span class='ocrx_word' id='word_1_3' title='bbox 1296 494 1317 535; x_wconf 81' lang='lat' dir='ltr'><strong>p·</strong></span> <span class='ocrx_word' id='word_1_4' title='bbox 1330 482 1419 524; x_wconf 72' lang='grc'><strong>408-05</strong></span> <span class='ocrx_word' id='word_1_5' title='bbox 1433 482 1454 523; x_wconf 78' lang='lat'><strong>1.</strong></span> 
     </span>
    </p>
   </div>
   <div class='ocr_carea' id='block_1_2' title="bbox 119 559 1595 4306">
    <p class='ocr_par' dir='ltr' id='par_1_2' title="bbox 119 559 1568 1661">
     <span class='ocr_line' id='line_1_3' title="bbox 191 559 1481 641; baseline 0.002 -19"><span class='ocrx_word' id='word_1_6' title='bbox 191 563 351 641; x_wconf 76' lang='lat' dir='ltr'><strong>iunguntur</strong></span> <span class='ocrx_word' id='word_1_7' title='bbox 379 563 561 631; x_wconf 88' lang='lat' dir='ltr'><strong>accusativo,</strong></span> <span class='ocrx_word' id='word_1_8' title='bbox 592 578 671 622; x_wconf 91' lang='lat' dir='ltr'><strong>nunc</strong></span> <span class='ocrx_word' id='word_1_9' title='bbox 699 559 834 622; x_wconf 80' lang='lat' dir='ltr'><strong>ablativo.</strong></span> <span class='ocrx_word' id='word_1_10' title='bbox 879 579 969 640; x_wconf 89' lang='lat' dir='ltr'><strong>super</strong></span> <span class='ocrx_word' id='word_1_11' title='bbox 992 578 1062 620; x_wconf 81' lang='lat' dir='ltr'><strong>vero</strong></span> <span class='ocrx_word' id='word_1_12' title='bbox 1085 568 1115 621; x_wconf 92' lang='lat' dir='ltr'><strong>et</strong></span> <span class='ocrx_word' id='word_1_13' title='bbox 1136 559 1237 622; x_wconf 90' lang='lat' dir='ltr'><strong>subter</strong></span> <span class='ocrx_word' id='word_1_14' title='bbox 1259 560 1347 621; x_wconf 91' lang='lat' dir='ltr'><strong>hodie</strong></span> <span class='ocrx_word' id='word_1_15' title='bbox 1369 562 1481 624; x_wconf 89' lang='lat' dir='ltr'><strong>debent</strong></span> 
     </span>
     <span class='ocr_line' id='line_1_4' title="bbox 189 662 1479 743; baseline 0.002 -20"><span class='ocrx_word' id='word_1_16' title='bbox 189 665 272 743; x_wconf 81' lang='lat' dir='ltr'><strong>iungi</strong></span> <span class='ocrx_word' id='word_1_17' title='bbox 294 665 474 731; x_wconf 71' lang='lat' dir='ltr'><strong>accusatum</strong></span> <span class='ocrx_word' id='word_1_18' title='bbox 504 663 582 743; x_wconf 85' lang='lat' dir='ltr'><strong>apud</strong></span> <span class='ocrx_word' id='word_1_19' title='bbox 606 665 733 723; x_wconf 90' lang='lat' dir='ltr'><strong>maiores</strong></span> <span class='ocrx_word' id='word_1_20' title='bbox 756 671 873 724; x_wconf 91' lang='lat' dir='ltr'><strong>nostros</strong></span> <span class='ocrx_word' id='word_1_21' title='bbox 896 664 975 722; x_wconf 89' lang='lat' dir='ltr'><strong>varie</strong></span> <span class='ocrx_word' id='word_1_22' title='bbox 997 664 1176 731; x_wconf 83' lang='lat' dir='ltr'><strong>invenimus,</strong></span> <span class='ocrx_word' id='word_1_23' title='bbox 1209 670 1238 722; x_wconf 92' lang='lat' dir='ltr'><strong>et</strong></span> <span class='ocrx_word' id='word_1_24' title='bbox 1265 662 1390 741; x_wconf 80' lang='lat' dir='ltr'><strong>tegimus</strong></span> <span class='ocrx_word' id='word_1_25' title='bbox 1417 667 1479 726; x_wconf 87' lang='lat' dir='ltr'><strong>sire</strong></span> 
     </span>
     <span class='ocr_line' id='line_1_5' title="bbox 186 754 1480 843; baseline 0.002 -17"><span class='ocrx_word' id='word_1_26' title='bbox 186 768 355 828; x_wconf 85' lang='lat' dir='ltr'><strong>accusativo</strong></span> <span class='ocrx_word' id='word_1_27' title='bbox 383 767 443 827; x_wconf 87' lang='lat' dir='ltr'><strong>sire</strong></span> <span class='ocrx_word' id='word_1_28' title='bbox 471 765 596 826; x_wconf 88' lang='lat' dir='ltr'><strong>ablatiro</strong></span> <span class='ocrx_word' id='word_1_29' title='bbox 624 767 747 825; x_wconf 90' lang='lat' dir='ltr'><strong>iunctas.</strong></span> <span class='ocrx_word' id='word_1_30' title='bbox 791 754 821 825; x_wconf 82' lang='lat' dir='ltr'><strong>et</strong></span> <span class='ocrx_word' id='word_1_31' title='bbox 847 764 935 834; x_wconf 86' lang='lat' dir='ltr'><strong>bodie</strong></span> <span class='ocrx_word' id='word_1_32' title='bbox 969 765 994 824; x_wconf 90' lang='lat' dir='ltr'><strong>si</strong></span> <span class='ocrx_word' id='word_1_33' title='bbox 1021 765 1064 823; x_wconf 82' lang='lat' dir='ltr'><strong>ris</strong></span> <span class='ocrx_word' id='word_1_34' title='bbox 1096 763 1194 824; x_wconf 80' lang='lat' dir='ltr'><strong>dicere</strong></span> <span class='ocrx_word' id='word_1_35' title='bbox 1223 783 1314 843; x_wconf 90' lang='lat' dir='ltr'><strong>super</strong></span> <span class='ocrx_word' id='word_1_36' title='bbox 1342 774 1421 827; x_wconf 91' lang='lat' dir='ltr'><strong>tecto</strong></span> <span class='ocrx_word' id='word_1_37' title='bbox 1449 776 1480 828; x_wconf 87' lang='lat' dir='ltr'><strong>et</strong></span> 
     </span>
     <span class='ocr_line' id='line_1_6' title="bbox 184 855 1568 949; baseline 0.001 -22"><span class='ocrx_word' id='word_1_38' title='bbox 184 875 427 949; x_wconf 82' lang='lat' dir='ltr'><strong>supertectum,</strong></span> <span class='ocrx_word' id='word_1_39' title='bbox 451 867 568 928; x_wconf 88' lang='lat' dir='ltr'><strong>dabitur</strong></span> <span class='ocrx_word' id='word_1_40' title='bbox 590 855 643 928; x_wconf 86' lang='lat' dir='ltr'><strong>tibi</strong></span> <span class='ocrx_word' id='word_1_41' title='bbox 667 866 797 927; x_wconf 77' lang='lat' dir='ltr'><strong>facultas.</strong></span> <span class='ocrx_word' id='word_1_42' title='bbox 842 866 893 927; x_wconf 85' lang='lat' dir='ltr'><strong>sed</strong></span> <span class='ocrx_word' id='word_1_43' title='bbox 918 883 976 926; x_wconf 92' lang='lat' dir='ltr'><strong>non</strong></span> <span class='ocrx_word' id='word_1_44' title='bbox 999 866 1129 946; x_wconf 85' lang='lat' dir='ltr'><strong>loqueris</strong></span> <span class='ocrx_word' id='word_1_45' title='bbox 1150 865 1313 927; x_wconf 88' lang='lat' dir='ltr'><strong>secuudum</strong></span> <span class='ocrx_word' id='word_1_46' title='bbox 1335 886 1478 946; x_wconf 90' lang='lat' dir='ltr'><strong>praesen·</strong></span> <span class='ocrx_word' id='word_1_47' title='bbox 1565 871 1568 875; x_wconf 85' lang='grc'><strong>’</strong></span> 
     </span>
     <span class='ocr_line' id='line_1_7' title="bbox 149 969 1479 1045; baseline 0.002 -15"><span class='ocrx_word' id='word_1_48' title='bbox 149 974 248 1030; x_wconf 85' lang='lat' dir='ltr'><strong>⁵tem</strong></span> <span class='ocrx_word' id='word_1_49' title='bbox 276 989 379 1038; x_wconf 91' lang='lat' dir='ltr'><strong>usum,</strong></span> <span class='ocrx_word' id='word_1_50' title='bbox 408 969 459 1029; x_wconf 84' lang='lat' dir='ltr'><strong>sed</strong></span> <span class='ocrx_word' id='word_1_51' title='bbox 487 969 650 1029; x_wconf 81' lang='lat' dir='ltr'><strong>secundum</strong></span> <span class='ocrx_word' id='word_1_52' title='bbox 680 970 844 1045; x_wconf 90' lang='lat' dir='ltr'><strong>antiquum.</strong></span> <span class='ocrx_word' id='word_1_53' title='bbox 890 985 958 1028; x_wconf 91' lang='lat' dir='ltr'><strong>nam</strong></span> <span class='ocrx_word' id='word_1_54' title='bbox 986 969 1011 1028; x_wconf 92' lang='lat' dir='ltr'><strong>si</strong></span> <span class='ocrx_word' id='word_1_55' title='bbox 1039 969 1167 1027; x_wconf 89' lang='lat' dir='ltr'><strong>maiores</strong></span> <span class='ocrx_word' id='word_1_56' title='bbox 1196 969 1290 1029; x_wconf 80' lang='lat' dir='ltr'>nostri</span> <span class='ocrx_word' id='word_1_57' title='bbox 1321 969 1479 1032; x_wconf 79' lang='lat' dir='ltr'><strong>utebantur</strong></span> 
     </span>
     <span class='ocr_line' id='line_1_8' title="bbox 183 1068 1477 1150; baseline -0.002 -16"><span class='ocrx_word' id='word_1_58' title='bbox 183 1089 267 1134; x_wconf 86' lang='lat' dir='ltr'><strong>nunc</strong></span> <span class='ocrx_word' id='word_1_59' title='bbox 282 1073 463 1138; x_wconf 83' lang='lat' dir='ltr'><strong>accusativo,</strong></span> <span class='ocrx_word' id='word_1_60' title='bbox 480 1088 559 1132; x_wconf 91' lang='lat' dir='ltr'><strong>nunc</strong></span> <span class='ocrx_word' id='word_1_61' title='bbox 581 1068 717 1138; x_wconf 83' lang='lat' dir='ltr'><strong>ablativo,</strong></span> <span class='ocrx_word' id='word_1_62' title='bbox 741 1071 782 1130; x_wconf 89' lang='lat' dir='ltr'><strong>sic</strong></span> <span class='ocrx_word' id='word_1_63' title='bbox 806 1080 835 1130; x_wconf 87' lang='lat' dir='ltr'><strong>et</strong></span> <span class='ocrx_word' id='word_1_64' title='bbox 857 1079 888 1131; x_wconf 93' lang='lat' dir='ltr'><strong>tu</strong></span> <span class='ocrx_word' id='word_1_65' title='bbox 911 1068 1004 1131; x_wconf 89' lang='lat' dir='ltr'><strong>habes</strong></span> <span class='ocrx_word' id='word_1_66' title='bbox 1026 1071 1078 1129; x_wconf 91' lang='lat' dir='ltr'><strong>uti.</strong></span> <span class='ocrx_word' id='word_1_67' title='bbox 1109 1087 1175 1129; x_wconf 92' lang='lat' dir='ltr'><strong>uam</strong></span> <span class='ocrx_word' id='word_1_68' title='bbox 1199 1069 1290 1130; x_wconf 87' lang='lat' dir='ltr'><strong>habes</strong></span> <span class='ocrx_word' id='word_1_69' title='bbox 1312 1071 1389 1150; x_wconf 89' lang='lat' dir='ltr'><strong>apud</strong></span> <span class='ocrx_word' id='word_1_70' title='bbox 1408 1073 1477 1133; x_wconf 90' lang='lat' dir='ltr'><strong>Ver·</strong></span> 
     </span>
     <span class='ocr_line' id='line_1_9' title="bbox 159 1169 1478 1252; baseline 0.001 -19"><span class='ocrx_word' id='word_1_71' title='bbox 159 1173 290 1252; x_wconf 77' lang='lat' dir='ltr'><strong>·gilium</strong></span> <span class='ocrx_word' id='word_1_72' title='bbox 319 1171 502 1252; x_wconf 82' lang='lat' dir='ltr'><strong>exemplum,</strong></span> <span class='ocrx_word' id='word_1_73' title='bbox 531 1173 650 1233; x_wconf 74' lang='lat' dir='ltr'><strong>‘serre</strong></span> <span class='ocrx_word' id='word_1_74' title='bbox 677 1173 777 1231; x_wconf 88' lang='lat' dir='ltr'><strong>iurat</strong></span> <span class='ocrx_word' id='word_1_75' title='bbox 805 1169 933 1232; x_wconf 80' lang='lat' dir='ltr'>subter</span> <span class='ocrx_word' id='word_1_76' title='bbox 968 1170 1081 1231; x_wconf 89' lang='lat' dir='ltr'><strong>densa</strong></span> <span class='ocrx_word' id='word_1_77' title='bbox 1114 1171 1331 1231; x_wconf 88' lang='lat' dir='ltr'><strong>testudine&#39;.</strong></span> <span class='ocrx_word' id='word_1_78' title='bbox 1375 1172 1478 1234; x_wconf 90' lang='lat' dir='ltr'><strong>subter</strong></span> 
     </span>
     <span class='ocr_line' id='line_1_10' title="bbox 175 1270 1477 1352; baseline -0.001 -16"><span class='ocrx_word' id='word_1_79' title='bbox 175 1273 367 1336; x_wconf 67' lang='lat' dir='ltr'><strong>*testudinem</strong></span> <span class='ocrx_word' id='word_1_80' title='bbox 396 1292 454 1334; x_wconf 90' lang='lat' dir='ltr'><strong>nou</strong></span> <span class='ocrx_word' id='word_1_81' title='bbox 482 1274 569 1342; x_wconf 82' lang='lat' dir='ltr'><strong>dixit,</strong></span> <span class='ocrx_word' id='word_1_82' title='bbox 600 1273 653 1334; x_wconf 84' lang='lat' dir='ltr'><strong>sed</strong></span> <span class='ocrx_word' id='word_1_83' title='bbox 676 1272 779 1335; x_wconf 90' lang='lat' dir='ltr'><strong>subter</strong></span> <span class='ocrx_word' id='word_1_84' title='bbox 802 1271 958 1333; x_wconf 77' lang='lat' dir='ltr'><strong>testudine.</strong></span> <span class='ocrx_word' id='word_1_85' title='bbox 1002 1271 1082 1333; x_wconf 84' lang='lat' dir='ltr'><strong>rides</strong></span> <span class='ocrx_word' id='word_1_86' title='bbox 1104 1289 1176 1349; x_wconf 83' lang='lat' dir='ltr'><strong>ergo</strong></span> <span class='ocrx_word' id='word_1_87' title='bbox 1199 1273 1268 1352; x_wconf 85' lang='lat' dir='ltr'><strong>quid</strong></span> <span class='ocrx_word' id='word_1_88' title='bbox 1293 1273 1381 1334; x_wconf 89' lang='lat' dir='ltr'><strong>babet</strong></span> <span class='ocrx_word' id='word_1_89' title='bbox 1403 1270 1477 1335; x_wconf 82' lang='lat' dir='ltr'><strong>anti·</strong></span> 
     </span>
     <span class='ocr_line' id='line_1_11' title="bbox 187 1374 1478 1456; baseline -0.001 -18"><span class='ocrx_word' id='word_1_90' title='bbox 187 1378 290 1456; x_wconf 76' lang='lat' dir='ltr'><strong>quitos.</strong></span> <span class='ocrx_word' id='word_1_91' title='bbox 336 1395 408 1437; x_wconf 88' lang='lat' dir='ltr'><strong>usus</strong></span> <span class='ocrx_word' id='word_1_92' title='bbox 437 1394 576 1456; x_wconf 79' lang='lat' dir='ltr'><strong>praesens</strong></span> <span class='ocrx_word' id='word_1_93' title='bbox 600 1374 655 1435; x_wconf 92' lang='lat' dir='ltr'><strong>hoc</strong></span> <span class='ocrx_word' id='word_1_94' title='bbox 678 1374 780 1455; x_wconf 83' lang='lat' dir='ltr'><strong>habet,</strong></span> <span class='ocrx_word' id='word_1_95' title='bbox 809 1383 842 1435; x_wconf 95' lang='lat' dir='ltr'><strong>ut</strong></span> <span class='ocrx_word' id='word_1_96' title='bbox 863 1376 936 1435; x_wconf 90' lang='lat' dir='ltr'><strong>istae</strong></span> <span class='ocrx_word' id='word_1_97' title='bbox 958 1375 1192 1454; x_wconf 77' lang='lat' dir='ltr'><strong>praepositiones</strong></span> <span class='ocrx_word' id='word_1_98' title='bbox 1214 1376 1246 1434; x_wconf 89' lang='lat' dir='ltr'><strong>iu</strong></span> <span class='ocrx_word' id='word_1_99' title='bbox 1270 1383 1299 1435; x_wconf 88' lang='lat' dir='ltr'><strong>et</strong></span> <span class='ocrx_word' id='word_1_100' title='bbox 1321 1374 1376 1437; x_wconf 93' lang='lat' dir='ltr'><strong>sub</strong></span> <span class='ocrx_word' id='word_1_101' title='bbox 1399 1379 1478 1437; x_wconf 88' lang='lat' dir='ltr'><strong>varie</strong></span> 
     </span>
     <span class='ocr_line' id='line_1_12' title="bbox 119 1473 1478 1558; baseline 0 -18"><span class='ocrx_word' id='word_1_102' title='bbox 119 1479 165 1523; x_wconf 82' lang='lat'><strong>¹⁰</strong></span> <span class='ocrx_word' id='word_1_103' title='bbox 191 1486 352 1558; x_wconf 89' lang='lat' dir='ltr'><strong>ponantur;</strong></span> <span class='ocrx_word' id='word_1_104' title='bbox 381 1477 448 1538; x_wconf 88' lang='lat' dir='ltr'><strong>illae</strong></span> <span class='ocrx_word' id='word_1_105' title='bbox 478 1496 547 1538; x_wconf 85' lang='lat' dir='ltr'><strong>vcro</strong></span> <span class='ocrx_word' id='word_1_106' title='bbox 574 1495 664 1556; x_wconf 87' lang='lat' dir='ltr'><strong>super</strong></span> <span class='ocrx_word' id='word_1_107' title='bbox 693 1485 722 1538; x_wconf 89' lang='lat' dir='ltr'><strong>et</strong></span> <span class='ocrx_word' id='word_1_108' title='bbox 749 1475 852 1537; x_wconf 80' lang='lat' dir='ltr'><strong>subter</strong></span> <span class='ocrx_word' id='word_1_109' title='bbox 880 1477 1046 1536; x_wconf 87' lang='lat' dir='ltr'><strong>accusativo</strong></span> <span class='ocrx_word' id='word_1_110' title='bbox 1071 1473 1074 1553; x_wconf 70' lang='lat' dir='ltr'><strong>t</strong></span> <span class='ocrx_word' id='word_1_111' title='bbox 1098 1477 1275 1554; x_wconf 86' lang='lat' dir='ltr'><strong>iunguntur,</strong></span> <span class='ocrx_word' id='word_1_112' title='bbox 1298 1479 1358 1538; x_wconf 84' lang='lat' dir='ltr'><strong>sire</strong></span> <span class='ocrx_word' id='word_1_113' title='bbox 1381 1481 1478 1540; x_wconf 92' lang='lat' dir='ltr'><strong>euntis</strong></span> 
     </span>
     <span class='ocr_line' id='line_1_13' title="bbox 193 1578 899 1661; baseline -0.006 -20"><span class='ocrx_word' id='word_1_114' title='bbox 193 1581 249 1642; x_wconf 87' lang='lat' dir='ltr'><strong>siro</strong></span> <span class='ocrx_word' id='word_1_115' title='bbox 270 1581 473 1661; x_wconf 89' lang='lat' dir='ltr'><strong>permanentis</strong></span> <span class='ocrx_word' id='word_1_116' title='bbox 495 1578 623 1639; x_wconf 85' lang='lat' dir='ltr'><strong>habeant</strong></span> <span class='ocrx_word' id='word_1_117' title='bbox 644 1579 899 1657; x_wconf 82' lang='lat' dir='ltr'><strong>significationem.</strong></span> 
     </span>
    </p>

    <p class='ocr_par' dir='ltr' id='par_1_3' title="bbox 192 1679 1595 1965">
     <span class='ocr_line' id='line_1_14' title="bbox 272 1679 1595 1762; baseline -0.001 -19"><span class='ocrx_word' id='word_1_118' title='bbox 272 1682 376 1744; x_wconf 86' lang='lat' dir='ltr'><strong>Omnis</strong></span> <span class='ocrx_word' id='word_1_119' title='bbox 399 1683 577 1761; x_wconf 86' lang='lat' dir='ltr'><strong>praepositio</strong></span> <span class='ocrx_word' id='word_1_120' title='bbox 606 1680 650 1762; x_wconf 87' lang='lat' dir='ltr'><strong>[in</strong></span> <span class='ocrx_word' id='word_1_121' title='bbox 673 1679 728 1741; x_wconf 93' lang='lat' dir='ltr'><strong>sub</strong></span> <span class='ocrx_word' id='word_1_122' title='bbox 750 1699 840 1760; x_wconf 90' lang='lat' dir='ltr'><strong>super</strong></span> <span class='ocrx_word' id='word_1_123' title='bbox 863 1679 996 1760; x_wconf 89' lang='lat' dir='ltr'><strong>subter],</strong></span> <span class='ocrx_word' id='word_1_124' title='bbox 1026 1698 1093 1740; x_wconf 91' lang='lat' dir='ltr'><strong>cum</strong></span> <span class='ocrx_word' id='word_1_125' title='bbox 1122 1683 1272 1741; x_wconf 90' lang='lat' dir='ltr'><strong>transierit</strong></span> <span class='ocrx_word' id='word_1_126' title='bbox 1298 1685 1329 1741; x_wconf 92' lang='lat' dir='ltr'><strong>in</strong></span> <span class='ocrx_word' id='word_1_127' title='bbox 1357 1681 1549 1751; x_wconf 74' lang='lat' dir='ltr'><strong>alteriustto,</strong></span> <span class='ocrx_word' id='word_1_128' title='bbox 1566 1694 1595 1742; x_wconf 82' lang='lat' dir='ltr'><strong>tu</strong></span> 
     </span>
     <span class='ocr_line' id='line_1_15' title="bbox 192 1775 1479 1864; baseline 0.002 -20"><span class='ocrx_word' id='word_1_129' title='bbox 192 1785 413 1864; x_wconf 85' lang='lat' dir='ltr'><strong>praepositionis</strong></span> <span class='ocrx_word' id='word_1_130' title='bbox 435 1775 747 1861; x_wconf 49' lang='lat' dir='ltr'><strong>significationemssei</strong></span> <span class='ocrx_word' id='word_1_131' title='bbox 769 1783 850 1842; x_wconf 89' lang='lat' dir='ltr'><strong>casui</strong></span> <span class='ocrx_word' id='word_1_132' title='bbox 872 1783 1017 1860; x_wconf 83' lang='lat' dir='ltr'><strong>iungitur,</strong></span> <span class='ocrx_word' id='word_1_133' title='bbox 1042 1784 1088 1842; x_wconf 93' lang='lat' dir='ltr'><strong>cui</strong></span> <span class='ocrx_word' id='word_1_134' title='bbox 1110 1783 1242 1861; x_wconf 82' lang='lat' dir='ltr'><strong>iungitur</strong></span> <span class='ocrx_word' id='word_1_135' title='bbox 1263 1783 1311 1844; x_wconf 85' lang='lat' dir='ltr'><strong>illa</strong></span> <span class='ocrx_word' id='word_1_136' title='bbox 1338 1786 1369 1844; x_wconf 92' lang='lat' dir='ltr'><strong>in</strong></span> <span class='ocrx_word' id='word_1_137' title='bbox 1396 1787 1479 1846; x_wconf 85' lang='lat' dir='ltr'><strong>cuius</strong></span> 
     </span>
     <span class='ocr_line' id='line_1_16' title="bbox 192 1884 1476 1965; baseline 0.002 -20"><span class='ocrx_word' id='word_1_138' title='bbox 192 1887 432 1965; x_wconf 78' lang='lat' dir='ltr'><strong>significationem</strong></span> <span class='ocrx_word' id='word_1_139' title='bbox 455 1887 581 1945; x_wconf 91' lang='lat' dir='ltr'><strong>transiit.</strong></span> <span class='ocrx_word' id='word_1_140' title='bbox 626 1892 695 1965; x_wconf 84' lang='lat' dir='ltr'><strong>puta</strong></span> <span class='ocrx_word' id='word_1_141' title='bbox 720 1886 751 1944; x_wconf 94' lang='lat' dir='ltr'><strong>in</strong></span> <span class='ocrx_word' id='word_1_142' title='bbox 774 1901 853 1944; x_wconf 94' lang='lat' dir='ltr'><strong>nuuc</strong></span> <span class='ocrx_word' id='word_1_143' title='bbox 876 1884 1008 1962; x_wconf 82' lang='lat' dir='ltr'><strong>iungitur</strong></span> <span class='ocrx_word' id='word_1_144' title='bbox 1031 1886 1211 1954; x_wconf 82' lang='lat' dir='ltr'><strong>accusativo,</strong></span> <span class='ocrx_word' id='word_1_145' title='bbox 1237 1904 1316 1946; x_wconf 92' lang='lat' dir='ltr'><strong>nunc</strong></span> <span class='ocrx_word' id='word_1_146' title='bbox 1338 1884 1476 1947; x_wconf 84' lang='lat' dir='ltr'><strong>ablativo.</strong></span> 
     </span>
    </p>

    <p class='ocr_par' dir='ltr' id='par_1_4' title="bbox 124 1984 1553 3592">
     <span class='ocr_line' id='line_1_17' title="bbox 124 1984 1478 2065; baseline 0.001 -17"><span class='ocrx_word' id='word_1_147' title='bbox 124 1990 179 2034; x_wconf 81' lang='lat'><strong>¹⁵</strong></span> <span class='ocrx_word' id='word_1_148' title='bbox 193 1987 242 2048; x_wconf 85' lang='lat' dir='ltr'><strong>seu</strong></span> <span class='ocrx_word' id='word_1_149' title='bbox 262 1989 287 2048; x_wconf 95' lang='lat' dir='ltr'><strong>si</strong></span> <span class='ocrx_word' id='word_1_150' title='bbox 317 1995 446 2048; x_wconf 90' lang='lat' dir='ltr'><strong>trauseat</strong></span> <span class='ocrx_word' id='word_1_151' title='bbox 473 1990 503 2048; x_wconf 91' lang='lat' dir='ltr'><strong>in</strong></span> <span class='ocrx_word' id='word_1_152' title='bbox 530 1987 773 2065; x_wconf 82' lang='lat' dir='ltr'><strong>significationem</strong></span> <span class='ocrx_word' id='word_1_153' title='bbox 802 1986 973 2055; x_wconf 89' lang='lat' dir='ltr'><strong>accusativi,</strong></span> <span class='ocrx_word' id='word_1_154' title='bbox 1003 1984 1046 2046; x_wconf 86' lang='lat' dir='ltr'><strong>uu</strong></span> <span class='ocrx_word' id='word_1_155' title='bbox 1073 1987 1218 2063; x_wconf 81' lang='lat' dir='ltr'><strong>iungitur;</strong></span> <span class='ocrx_word' id='word_1_156' title='bbox 1248 1989 1273 2046; x_wconf 91' lang='lat' dir='ltr'><strong>si</strong></span> <span class='ocrx_word' id='word_1_157' title='bbox 1295 1996 1425 2049; x_wconf 86' lang='lat' dir='ltr'><strong>transeat</strong></span> <span class='ocrx_word' id='word_1_158' title='bbox 1446 1990 1478 2049; x_wconf 93' lang='lat' dir='ltr'><strong>iu</strong></span> 
     </span>
     <span class='ocr_line' id='line_1_18' title="bbox 193 2085 1553 2167; baseline 0.002 -19"><span class='ocrx_word' id='word_1_159' title='bbox 193 2090 430 2167; x_wconf 80' lang='lat' dir='ltr'><strong>significationem</strong></span> <span class='ocrx_word' id='word_1_160' title='bbox 460 2087 591 2158; x_wconf 86' lang='lat' dir='ltr'><strong>ablativi,</strong></span> <span class='ocrx_word' id='word_1_161' title='bbox 621 2087 662 2148; x_wconf 87' lang='lat' dir='ltr'><strong>itii</strong></span> <span class='ocrx_word' id='word_1_162' title='bbox 690 2088 830 2165; x_wconf 84' lang='lat' dir='ltr'><strong>iungitur.</strong></span> <span class='ocrx_word' id='word_1_163' title='bbox 878 2085 990 2167; x_wconf 91' lang='lat' dir='ltr'><strong>[omnis</strong></span> <span class='ocrx_word' id='word_1_164' title='bbox 1022 2085 1217 2167; x_wconf 86' lang='lat' dir='ltr'><strong>praepositio]</strong></span> <span class='ocrx_word' id='word_1_165' title='bbox 1246 2088 1275 2147; x_wconf 92' lang='lat' dir='ltr'><strong>iu</strong></span> <span class='ocrx_word' id='word_1_166' title='bbox 1304 2088 1359 2149; x_wconf 93' lang='lat' dir='ltr'><strong>sub</strong></span> <span class='ocrx_word' id='word_1_167' title='bbox 1386 2108 1479 2167; x_wconf 84' lang='lat' dir='ltr'><strong>super</strong></span> <span class='ocrx_word' id='word_1_168' title='bbox 1542 2103 1553 2112; x_wconf 84' lang='lat'><em>·</em></span> 
     </span>
     <span class='ocr_line' id='line_1_19' title="bbox 192 2188 1477 2269; baseline 0.004 -22"><span class='ocrx_word' id='word_1_169' title='bbox 192 2190 285 2251; x_wconf 80' lang='lat' dir='ltr'><strong>subter</strong></span> <span class='ocrx_word' id='word_1_170' title='bbox 307 2189 408 2250; x_wconf 89' lang='lat' dir='ltr'><strong>dicunt</strong></span> <span class='ocrx_word' id='word_1_171' title='bbox 430 2189 507 2269; x_wconf 85' lang='lat' dir='ltr'><strong>quod</strong></span> <span class='ocrx_word' id='word_1_172' title='bbox 532 2189 685 2267; x_wconf 81' lang='lat' dir='ltr'><strong>ambiguae</strong></span> <span class='ocrx_word' id='word_1_173' title='bbox 707 2196 776 2249; x_wconf 92' lang='lat' dir='ltr'><strong>sunt</strong></span> <span class='ocrx_word' id='word_1_174' title='bbox 797 2188 960 2249; x_wconf 84' lang='lat' dir='ltr'><strong>secuudum</strong></span> <span class='ocrx_word' id='word_1_175' title='bbox 984 2207 1068 2249; x_wconf 89' lang='lat' dir='ltr'><strong>usum</strong></span> <span class='ocrx_word' id='word_1_176' title='bbox 1092 2192 1256 2267; x_wconf 88' lang='lat' dir='ltr'><strong>antiquum.</strong></span> <span class='ocrx_word' id='word_1_177' title='bbox 1289 2199 1386 2251; x_wconf 90' lang='lat' dir='ltr'><strong>tamen</strong></span> <span class='ocrx_word' id='word_1_178' title='bbox 1405 2209 1477 2269; x_wconf 82' lang='lat' dir='ltr'><strong>qrro·</strong></span> 
     </span>
     <span class='ocr_line' id='line_1_20' title="bbox 192 2291 1475 2370; baseline 0.002 -19"><span class='ocrx_word' id='word_1_179' title='bbox 192 2292 263 2354; x_wconf 90' lang='lat' dir='ltr'><strong>tiens</strong></span> <span class='ocrx_word' id='word_1_180' title='bbox 289 2298 446 2353; x_wconf 89' lang='lat' dir='ltr'><strong>transeunt</strong></span> <span class='ocrx_word' id='word_1_181' title='bbox 473 2294 504 2351; x_wconf 94' lang='lat' dir='ltr'><strong>iu</strong></span> <span class='ocrx_word' id='word_1_182' title='bbox 533 2309 616 2352; x_wconf 91' lang='lat' dir='ltr'><strong>usum</strong></span> <span class='ocrx_word' id='word_1_183' title='bbox 647 2291 727 2350; x_wconf 82' lang='lat' dir='ltr'><strong>verbi</strong></span> <span class='ocrx_word' id='word_1_184' title='bbox 757 2309 844 2351; x_wconf 91' lang='lat' dir='ltr'><strong>causa</strong></span> <span class='ocrx_word' id='word_1_185' title='bbox 871 2292 1102 2370; x_wconf 86' lang='lat' dir='ltr'><strong>praepositionis</strong></span> <span class='ocrx_word' id='word_1_186' title='bbox 1131 2310 1206 2370; x_wconf 87' lang='lat' dir='ltr'><strong>quae</strong></span> <span class='ocrx_word' id='word_1_187' title='bbox 1235 2300 1279 2352; x_wconf 92' lang='lat' dir='ltr'><strong>est</strong></span> <span class='ocrx_word' id='word_1_188' title='bbox 1300 2296 1475 2362; x_wconf 84' lang='lat' dir='ltr'><strong>accusativa,</strong></span> 
     </span>
     <span class='ocr_line' id='line_1_21' title="bbox 191 2391 1475 2474; baseline 0.003 -23"><span class='ocrx_word' id='word_1_189' title='bbox 191 2409 308 2454; x_wconf 89' lang='lat' dir='ltr'><strong>necesse</strong></span> <span class='ocrx_word' id='word_1_190' title='bbox 336 2393 426 2454; x_wconf 90' lang='lat' dir='ltr'><strong>babet</strong></span> <span class='ocrx_word' id='word_1_191' title='bbox 452 2396 515 2474; x_wconf 92' lang='lat' dir='ltr'><strong>ipsa</strong></span> <span class='ocrx_word' id='word_1_192' title='bbox 540 2391 712 2474; x_wconf 88' lang='lat' dir='ltr'><strong>[dubitatio]</strong></span> <span class='ocrx_word' id='word_1_193' title='bbox 737 2411 801 2453; x_wconf 89' lang='lat' dir='ltr'><strong>esse</strong></span> <span class='ocrx_word' id='word_1_194' title='bbox 824 2393 1003 2458; x_wconf 89' lang='lat' dir='ltr'><strong>accusativa,</strong></span> <span class='ocrx_word' id='word_1_195' title='bbox 1033 2394 1109 2453; x_wconf 89' lang='lat' dir='ltr'><strong>siin</strong></span> <span class='ocrx_word' id='word_1_196' title='bbox 1134 2411 1219 2453; x_wconf 87' lang='lat' dir='ltr'><strong>usum</strong></span> <span class='ocrx_word' id='word_1_197' title='bbox 1242 2392 1399 2463; x_wconf 81' lang='lat' dir='ltr'><strong>ablativae,</strong></span> <span class='ocrx_word' id='word_1_198' title='bbox 1425 2415 1475 2455; x_wconf 90' lang='lat' dir='ltr'><strong>ue·</strong></span> 
     </span>
     <span class='ocr_line' id='line_1_22' title="bbox 141 2493 1475 2575; baseline 0.001 -21"><span class='ocrx_word' id='word_1_199' title='bbox 141 2493 270 2556; x_wconf 77' lang='lat' dir='ltr'><strong>²⁰cesse</strong></span> <span class='ocrx_word' id='word_1_200' title='bbox 292 2494 381 2554; x_wconf 89' lang='lat' dir='ltr'><strong>babet</strong></span> <span class='ocrx_word' id='word_1_201' title='bbox 404 2504 433 2555; x_wconf 94' lang='lat' dir='ltr'><strong>et</strong></span> <span class='ocrx_word' id='word_1_202' title='bbox 453 2497 516 2574; x_wconf 91' lang='lat' dir='ltr'><strong>ipsa</strong></span> <span class='ocrx_word' id='word_1_203' title='bbox 540 2494 664 2555; x_wconf 81' lang='lat' dir='ltr'><strong>ablativa</strong></span> <span class='ocrx_word' id='word_1_204' title='bbox 687 2513 761 2556; x_wconf 90' lang='lat' dir='ltr'><strong>esso.</strong></span> <span class='ocrx_word' id='word_1_205' title='bbox 793 2503 864 2574; x_wconf 90' lang='lat' dir='ltr'><strong>puta</strong></span> <span class='ocrx_word' id='word_1_206' title='bbox 888 2493 1005 2573; x_wconf 90' lang='lat' dir='ltr'><strong>quando</strong></span> <span class='ocrx_word' id='word_1_207' title='bbox 1029 2494 1094 2554; x_wconf 84' lang='lat' dir='ltr'><strong>dieo</strong></span> <span class='ocrx_word' id='word_1_208' title='bbox 1116 2496 1166 2555; x_wconf 73' lang='lat' dir='ltr'><strong>‘iu</strong></span> <span class='ocrx_word' id='word_1_209' title='bbox 1189 2494 1383 2563; x_wconf 79' lang='lat' dir='ltr'><strong>adulterum’,</strong></span> <span class='ocrx_word' id='word_1_210' title='bbox 1406 2496 1475 2575; x_wconf 79' lang='lat' dir='ltr'><strong>quiri</strong></span> 
     </span>
     <span class='ocr_line' id='line_1_23' title="bbox 189 2593 1476 2675; baseline 0.002 -20"><span class='ocrx_word' id='word_1_211' title='bbox 189 2593 271 2656; x_wconf 78' lang='lat' dir='ltr'><strong>dico?</strong></span> <span class='ocrx_word' id='word_1_212' title='bbox 293 2598 342 2656; x_wconf 78' lang='lat' dir='ltr'><strong>‘in</strong></span> <span class='ocrx_word' id='word_1_213' title='bbox 365 2595 557 2664; x_wconf 82' lang='lat' dir='ltr'><strong>adulterum&#39;,</strong></span> <span class='ocrx_word' id='word_1_214' title='bbox 588 2596 616 2656; x_wconf 82' lang='lat' dir='ltr'><strong>iri</strong></span> <span class='ocrx_word' id='word_1_215' title='bbox 640 2604 684 2656; x_wconf 90' lang='lat' dir='ltr'><strong>est</strong></span> <span class='ocrx_word' id='word_1_216' title='bbox 707 2602 809 2656; x_wconf 92' lang='lat' dir='ltr'><strong>contra</strong></span> <span class='ocrx_word' id='word_1_217' title='bbox 832 2595 1011 2657; x_wconf 80' lang='lat' dir='ltr'><strong>adulterum.</strong></span> <span class='ocrx_word' id='word_1_218' title='bbox 1056 2606 1157 2656; x_wconf 88' lang='lat' dir='ltr'><strong>contra</strong></span> <span class='ocrx_word' id='word_1_219' title='bbox 1182 2595 1276 2673; x_wconf 84' lang='lat' dir='ltr'><strong>qualis</strong></span> <span class='ocrx_word' id='word_1_220' title='bbox 1297 2599 1476 2675; x_wconf 87' lang='lat' dir='ltr'><strong>praepositio</strong></span> 
     </span>
     <span class='ocr_line' id='line_1_24' title="bbox 188 2697 1475 2783; baseline 0.002 -26"><span class='ocrx_word' id='word_1_221' title='bbox 188 2700 248 2783; x_wconf 77' lang='lat' dir='ltr'><strong>esti</strong></span> <span class='ocrx_word' id='word_1_222' title='bbox 272 2699 445 2759; x_wconf 86' lang='lat' dir='ltr'><strong>accusativa.</strong></span> <span class='ocrx_word' id='word_1_223' title='bbox 485 2716 556 2775; x_wconf 83' lang='lat' dir='ltr'><strong>ergo</strong></span> <span class='ocrx_word' id='word_1_224' title='bbox 578 2700 619 2757; x_wconf 83' lang='lat' dir='ltr'><strong>ite</strong></span> <span class='ocrx_word' id='word_1_225' title='bbox 643 2706 671 2757; x_wconf 89' lang='lat' dir='ltr'><strong>et</strong></span> <span class='ocrx_word' id='word_1_226' title='bbox 693 2705 723 2758; x_wconf 92' lang='lat' dir='ltr'><strong>tu</strong></span> <span class='ocrx_word' id='word_1_227' title='bbox 747 2697 839 2759; x_wconf 91' lang='lat' dir='ltr'><strong>habes</strong></span> <span class='ocrx_word' id='word_1_228' title='bbox 861 2700 983 2775; x_wconf 80' lang='lat' dir='ltr'><strong>iungere</strong></span> <span class='ocrx_word' id='word_1_229' title='bbox 1007 2715 1072 2758; x_wconf 89' lang='lat' dir='ltr'><strong>cam</strong></span> <span class='ocrx_word' id='word_1_230' title='bbox 1095 2700 1261 2759; x_wconf 78' lang='lat' dir='ltr'><strong>accusativo</strong></span> <span class='ocrx_word' id='word_1_231' title='bbox 1284 2700 1377 2767; x_wconf 88' lang='lat' dir='ltr'><strong>casui,</strong></span> <span class='ocrx_word' id='word_1_232' title='bbox 1402 2718 1475 2779; x_wconf 83' lang='lat' dir='ltr'><strong>quo·</strong></span> 
     </span>
     <span class='ocr_line' id='line_1_25' title="bbox 186 2798 1476 2876; baseline 0.003 -19"><span class='ocrx_word' id='word_1_233' title='bbox 186 2802 263 2861; x_wconf 89' lang='lat' dir='ltr'><strong>niam</strong></span> <span class='ocrx_word' id='word_1_234' title='bbox 294 2818 417 2860; x_wconf 88' lang='lat' dir='ltr'><strong>necesse</strong></span> <span class='ocrx_word' id='word_1_235' title='bbox 446 2798 535 2859; x_wconf 90' lang='lat' dir='ltr'><strong>habet</strong></span> <span class='ocrx_word' id='word_1_236' title='bbox 564 2801 690 2860; x_wconf 87' lang='lat' dir='ltr'><strong>transire</strong></span> <span class='ocrx_word' id='word_1_237' title='bbox 719 2801 748 2859; x_wconf 93' lang='lat' dir='ltr'><strong>in</strong></span> <span class='ocrx_word' id='word_1_238' title='bbox 779 2799 861 2860; x_wconf 87' lang='lat' dir='ltr'><strong>ilium</strong></span> <span class='ocrx_word' id='word_1_239' title='bbox 889 2818 1002 2868; x_wconf 89' lang='lat' dir='ltr'><strong>casum,</strong></span> <span class='ocrx_word' id='word_1_240' title='bbox 1032 2801 1079 2859; x_wconf 92' lang='lat' dir='ltr'><strong>cui</strong></span> <span class='ocrx_word' id='word_1_241' title='bbox 1107 2801 1239 2876; x_wconf 82' lang='lat' dir='ltr'><strong>iungitur</strong></span> <span class='ocrx_word' id='word_1_242' title='bbox 1266 2799 1313 2859; x_wconf 85' lang='lat' dir='ltr'><strong>ilia</strong></span> <span class='ocrx_word' id='word_1_243' title='bbox 1337 2802 1369 2859; x_wconf 94' lang='lat' dir='ltr'><strong>in</strong></span> <span class='ocrx_word' id='word_1_244' title='bbox 1390 2802 1476 2861; x_wconf 87' lang='lat' dir='ltr'><strong>euius</strong></span> 
     </span>
     <span class='ocr_line' id='line_1_26' title="bbox 184 2899 1473 2981; baseline 0.002 -21"><span class='ocrx_word' id='word_1_245' title='bbox 184 2903 428 2980; x_wconf 75' lang='lat' dir='ltr'><strong>significationem</strong></span> <span class='ocrx_word' id='word_1_246' title='bbox 452 2902 576 2961; x_wconf 90' lang='lat' dir='ltr'><strong>transiit.</strong></span> <span class='ocrx_word' id='word_1_247' title='bbox 621 2900 712 2961; x_wconf 91' lang='lat' dir='ltr'><strong>habes</strong></span> <span class='ocrx_word' id='word_1_248' title='bbox 745 2901 801 2961; x_wconf 92' lang='lat' dir='ltr'><strong>hoc</strong></span> <span class='ocrx_word' id='word_1_249' title='bbox 835 2900 1002 2981; x_wconf 73' lang='lat' dir='ltr'><strong>exeranum</strong></span> <span class='ocrx_word' id='word_1_250' title='bbox 1037 2910 1066 2961; x_wconf 92' lang='lat' dir='ltr'><strong>et</strong></span> <span class='ocrx_word' id='word_1_251' title='bbox 1099 2901 1135 2961; x_wconf 83' lang='lat' dir='ltr'><strong>de</strong></span> <span class='ocrx_word' id='word_1_252' title='bbox 1163 2899 1218 2960; x_wconf 82' lang='lat' dir='ltr'><strong>aba</strong></span> <span class='ocrx_word' id='word_1_253' title='bbox 1246 2903 1473 2980; x_wconf 87' lang='lat' dir='ltr'><strong>praepositione,</strong></span> 
     </span>
     <span class='ocr_line' id='line_1_27' title="bbox 139 3000 1476 3082; baseline -0.001 -17"><span class='ocrx_word' id='word_1_254' title='bbox 139 3000 315 3065; x_wconf 71' lang='lat' dir='ltr'><strong>²⁵‘muita</strong></span> <span class='ocrx_word' id='word_1_255' title='bbox 346 3021 459 3082; x_wconf 90' lang='lat' dir='ltr'><strong>super</strong></span> <span class='ocrx_word' id='word_1_256' title='bbox 487 3004 630 3063; x_wconf 88' lang='lat' dir='ltr'><strong>Priamo</strong></span> <span class='ocrx_word' id='word_1_257' title='bbox 660 3005 855 3081; x_wconf 81' lang='lat' dir='ltr'><strong>rogitaus&#39;.</strong></span> <span class='ocrx_word' id='word_1_258' title='bbox 901 3003 979 3082; x_wconf 61' lang='lat' dir='ltr'><strong>quid‘</strong></span> <span class='ocrx_word' id='word_1_259' title='bbox 1001 3010 1046 3063; x_wconf 90' lang='lat' dir='ltr'><strong>est</strong></span> <span class='ocrx_word' id='word_1_260' title='bbox 1073 3007 1179 3082; x_wconf 70' lang='lat' dir='ltr'><strong>‘super</strong></span> <span class='ocrx_word' id='word_1_261' title='bbox 1201 3002 1355 3063; x_wconf 79' lang='lat' dir='ltr'><strong>Priamo&#39;?</strong></span> <span class='ocrx_word' id='word_1_262' title='bbox 1378 3002 1408 3062; x_wconf 82' lang='lat' dir='ltr'><strong>nt</strong></span> <span class='ocrx_word' id='word_1_263' title='bbox 1431 3012 1476 3064; x_wconf 83' lang='lat' dir='ltr'><strong>est</strong></span> 
     </span>
     <span class='ocr_line' id='line_1_28' title="bbox 184 3103 1474 3184; baseline 0.001 -19"><span class='ocrx_word' id='word_1_264' title='bbox 184 3105 221 3167; x_wconf 86' lang='lat' dir='ltr'><strong>de</strong></span> <span class='ocrx_word' id='word_1_265' title='bbox 242 3106 370 3166; x_wconf 89' lang='lat' dir='ltr'><strong>Priamo.</strong></span> <span class='ocrx_word' id='word_1_266' title='bbox 416 3103 452 3164; x_wconf 84' lang='lat' dir='ltr'><strong>de</strong></span> <span class='ocrx_word' id='word_1_267' title='bbox 481 3103 573 3181; x_wconf 74' lang='lat' dir='ltr'><strong>(piratis</strong></span> <span class='ocrx_word' id='word_1_268' title='bbox 602 3112 647 3163; x_wconf 90' lang='lat' dir='ltr'><strong>est</strong></span> <span class='ocrx_word' id='word_1_269' title='bbox 676 3107 873 3183; x_wconf 74' lang='lat' dir='ltr'><strong>praepositio?</strong></span> <span class='ocrx_word' id='word_1_270' title='bbox 907 3104 1041 3165; x_wconf 84' lang='lat' dir='ltr'><strong>ablativa.</strong></span> <span class='ocrx_word' id='word_1_271' title='bbox 1087 3121 1157 3181; x_wconf 82' lang='lat' dir='ltr'><strong>ergo</strong></span> <span class='ocrx_word' id='word_1_272' title='bbox 1188 3112 1217 3164; x_wconf 92' lang='lat' dir='ltr'><strong>et</strong></span> <span class='ocrx_word' id='word_1_273' title='bbox 1237 3123 1327 3184; x_wconf 88' lang='lat' dir='ltr'><strong>super</strong></span> <span class='ocrx_word' id='word_1_274' title='bbox 1348 3104 1474 3166; x_wconf 81' lang='lat' dir='ltr'><strong>ablativo</strong></span> 
     </span>
     <span class='ocr_line' id='line_1_29' title="bbox 184 3205 1472 3286; baseline -0.002 -18"><span class='ocrx_word' id='word_1_275' title='bbox 184 3209 263 3268; x_wconf 87' lang='lat' dir='ltr'><strong>casui</strong></span> <span class='ocrx_word' id='word_1_276' title='bbox 291 3207 441 3267; x_wconf 84' lang='lat' dir='ltr'><strong>cohaeret.</strong></span> <span class='ocrx_word' id='word_1_277' title='bbox 487 3224 557 3283; x_wconf 84' lang='lat' dir='ltr'><strong>ergo</strong></span> <span class='ocrx_word' id='word_1_278' title='bbox 587 3208 649 3285; x_wconf 90' lang='lat' dir='ltr'><strong>ipsa</strong></span> <span class='ocrx_word' id='word_1_279' title='bbox 679 3205 779 3283; x_wconf 82' lang='lat' dir='ltr'><strong>regula</strong></span> <span class='ocrx_word' id='word_1_280' title='bbox 809 3214 853 3266; x_wconf 89' lang='lat' dir='ltr'><strong>est</strong></span> <span class='ocrx_word' id='word_1_281' title='bbox 881 3206 917 3266; x_wconf 84' lang='lat' dir='ltr'><strong>de</strong></span> <span class='ocrx_word' id='word_1_282' title='bbox 940 3209 1005 3267; x_wconf 88' lang='lat' dir='ltr'><strong>istis</strong></span> <span class='ocrx_word' id='word_1_283' title='bbox 1028 3212 1166 3286; x_wconf 88' lang='lat' dir='ltr'><strong>quattuor</strong></span> <span class='ocrx_word' id='word_1_284' title='bbox 1189 3206 1472 3285; x_wconf 87' lang='lat' dir='ltr'><strong>praepositionibus:</strong></span> 
     </span>
     <span class='ocr_line' id='line_1_30' title="bbox 185 3307 1471 3388; baseline 0.001 -20"><span class='ocrx_word' id='word_1_285' title='bbox 185 3327 386 3388; x_wconf 81' lang='lat' dir='ltr'><strong>quaecumque</strong></span> <span class='ocrx_word' id='word_1_286' title='bbox 408 3310 586 3388; x_wconf 89' lang='lat' dir='ltr'><strong>praepositio</strong></span> <span class='ocrx_word' id='word_1_287' title='bbox 608 3308 758 3369; x_wconf 91' lang='lat' dir='ltr'><strong>transierit</strong></span> <span class='ocrx_word' id='word_1_288' title='bbox 781 3310 810 3368; x_wconf 94' lang='lat' dir='ltr'><strong>in</strong></span> <span class='ocrx_word' id='word_1_289' title='bbox 826 3307 945 3368; x_wconf 85' lang='lat' dir='ltr'><strong>alterius</strong></span> <span class='ocrx_word' id='word_1_290' title='bbox 967 3309 1195 3387; x_wconf 90' lang='lat' dir='ltr'><strong>praepositionis</strong></span> <span class='ocrx_word' id='word_1_291' title='bbox 1217 3310 1471 3386; x_wconf 86' lang='lat' dir='ltr'><strong>signiticatiouenr,</strong></span> 
     </span>
     <span class='ocr_line' id='line_1_31' title="bbox 186 3407 1473 3488; baseline 0.002 -19"><span class='ocrx_word' id='word_1_292' title='bbox 186 3429 307 3471; x_wconf 90' lang='lat' dir='ltr'><strong>necesse</strong></span> <span class='ocrx_word' id='word_1_293' title='bbox 336 3409 426 3471; x_wconf 91' lang='lat' dir='ltr'><strong>habet</strong></span> <span class='ocrx_word' id='word_1_294' title='bbox 451 3409 493 3470; x_wconf 87' lang='lat' dir='ltr'><strong>iiii</strong></span> <span class='ocrx_word' id='word_1_295' title='bbox 521 3412 599 3471; x_wconf 80' lang='lat' dir='ltr'><strong>casm</strong></span> <span class='ocrx_word' id='word_1_296' title='bbox 628 3410 802 3478; x_wconf 86' lang='lat' dir='ltr'><strong>cohaerere.</strong></span> <span class='ocrx_word' id='word_1_297' title='bbox 827 3411 874 3470; x_wconf 93' lang='lat' dir='ltr'><strong>cui</strong></span> <span class='ocrx_word' id='word_1_298' title='bbox 898 3410 901 3488; x_wconf 70' lang='lat' dir='ltr'><strong>i</strong></span> <span class='ocrx_word' id='word_1_299' title='bbox 925 3410 1065 3470; x_wconf 83' lang='lat' dir='ltr'><strong>cohaeret</strong></span> <span class='ocrx_word' id='word_1_300' title='bbox 1092 3407 1139 3469; x_wconf 85' lang='lat' dir='ltr'><strong>illa</strong></span> <span class='ocrx_word' id='word_1_301' title='bbox 1168 3412 1199 3470; x_wconf 92' lang='lat' dir='ltr'><strong>iu</strong></span> <span class='ocrx_word' id='word_1_302' title='bbox 1222 3412 1304 3470; x_wconf 90' lang='lat' dir='ltr'><strong>cuius</strong></span> <span class='ocrx_word' id='word_1_303' title='bbox 1326 3412 1473 3488; x_wconf 79' lang='lat' dir='ltr'><strong>siguifica-</strong></span> 
     </span>
     <span class='ocr_line' id='line_1_32' title="bbox 137 3510 1112 3592; baseline -0.002 -20"><span class='ocrx_word' id='word_1_304' title='bbox 137 3513 172 3562; x_wconf 74' lang='lat'><strong>³⁰</strong></span> <span class='ocrx_word' id='word_1_305' title='bbox 187 3514 295 3574; x_wconf 90' lang='lat' dir='ltr'><strong>tionem</strong></span> <span class='ocrx_word' id='word_1_306' title='bbox 320 3515 451 3581; x_wconf 89' lang='lat' dir='ltr'><strong>transiit,</strong></span> <span class='ocrx_word' id='word_1_307' title='bbox 475 3514 535 3572; x_wconf 90' lang='lat' dir='ltr'><strong>sive</strong></span> <span class='ocrx_word' id='word_1_308' title='bbox 558 3515 587 3572; x_wconf 91' lang='lat' dir='ltr'><strong>in</strong></span> <span class='ocrx_word' id='word_1_309' title='bbox 611 3513 649 3571; x_wconf 91' lang='lat' dir='ltr'><strong>sit</strong></span> <span class='ocrx_word' id='word_1_310' title='bbox 671 3520 786 3581; x_wconf 90' lang='lat' dir='ltr'><strong>contra,</strong></span> <span class='ocrx_word' id='word_1_311' title='bbox 810 3514 871 3572; x_wconf 88' lang='lat' dir='ltr'><strong>sive</strong></span> <span class='ocrx_word' id='word_1_312' title='bbox 894 3530 984 3592; x_wconf 91' lang='lat' dir='ltr'><strong>super</strong></span> <span class='ocrx_word' id='word_1_313' title='bbox 1005 3513 1045 3571; x_wconf 91' lang='lat' dir='ltr'><strong>sit</strong></span> <span class='ocrx_word' id='word_1_314' title='bbox 1066 3510 1112 3570; x_wconf 76' lang='lat' dir='ltr'><strong>tie.</strong></span> 
     </span>
    </p>

    <p class='ocr_par' dir='ltr' id='par_1_5' title="bbox 186 3613 1591 4000">
     <span class='ocr_line' id='line_1_33' title="bbox 269 3613 1591 3694; baseline 0.005 -20"><span class='ocrx_word' id='word_1_315' title='bbox 269 3615 352 3674; x_wconf 84' lang='lat' dir='ltr'><strong>Scire</strong></span> <span class='ocrx_word' id='word_1_316' title='bbox 379 3613 519 3676; x_wconf 88' lang='lat' dir='ltr'><strong>debemus</strong></span> <span class='ocrx_word' id='word_1_317' title='bbox 546 3614 625 3692; x_wconf 84' lang='lat' dir='ltr'><strong>quod</strong></span> <span class='ocrx_word' id='word_1_318' title='bbox 654 3615 750 3674; x_wconf 87' lang='lat' dir='ltr'><strong>omnis</strong></span> <span class='ocrx_word' id='word_1_319' title='bbox 782 3616 961 3694; x_wconf 89' lang='lat' dir='ltr'><strong>praepositio</strong></span> <span class='ocrx_word' id='word_1_320' title='bbox 989 3622 1040 3674; x_wconf 91' lang='lat' dir='ltr'><strong>aut</strong></span> <span class='ocrx_word' id='word_1_321' title='bbox 1065 3615 1127 3693; x_wconf 89' lang='lat' dir='ltr'><strong>ipsa</strong></span> <span class='ocrx_word' id='word_1_322' title='bbox 1156 3617 1321 3694; x_wconf 88' lang='lat' dir='ltr'><strong>corrumpit</strong></span> <span class='ocrx_word' id='word_1_323' title='bbox 1348 3614 1591 3692; x_wconf 78' lang='lat' dir='ltr'><strong>verburutt2‚35</strong></span> 
     </span>
     <span class='ocr_line' id='line_1_34' title="bbox 187 3714 1472 3796; baseline 0.004 -23"><span class='ocrx_word' id='word_1_324' title='bbox 187 3716 228 3776; x_wconf 89' lang='lat' dir='ltr'><strong>rel</strong></span> <span class='ocrx_word' id='word_1_325' title='bbox 251 3734 361 3776; x_wconf 90' lang='lat' dir='ltr'><strong>nomeu</strong></span> <span class='ocrx_word' id='word_1_326' title='bbox 385 3714 428 3774; x_wconf 84' lang='lat' dir='ltr'><strong>rot</strong></span> <span class='ocrx_word' id='word_1_327' title='bbox 452 3715 592 3795; x_wconf 82' lang='lat' dir='ltr'><strong>qrridquid</strong></span> <span class='ocrx_word' id='word_1_328' title='bbox 615 3715 684 3775; x_wconf 82' lang='lat' dir='ltr'><strong>iilud</strong></span> <span class='ocrx_word' id='word_1_329' title='bbox 710 3724 768 3786; x_wconf 86' lang='lat' dir='ltr'><strong>est,</strong></span> <span class='ocrx_word' id='word_1_330' title='bbox 798 3717 826 3776; x_wconf 90' lang='lat' dir='ltr'><strong>id</strong></span> <span class='ocrx_word' id='word_1_331' title='bbox 852 3724 897 3776; x_wconf 90' lang='lat' dir='ltr'><strong>est</strong></span> <span class='ocrx_word' id='word_1_332' title='bbox 920 3716 963 3776; x_wconf 87' lang='lat' dir='ltr'><strong>vei</strong></span> <span class='ocrx_word' id='word_1_333' title='bbox 986 3734 1203 3795; x_wconf 75' lang='lat' dir='ltr'><strong>utramcumque</strong></span> <span class='ocrx_word' id='word_1_334' title='bbox 1224 3725 1340 3796; x_wconf 91' lang='lat' dir='ltr'><strong>partem</strong></span> <span class='ocrx_word' id='word_1_335' title='bbox 1364 3720 1472 3778; x_wconf 89' lang='lat' dir='ltr'><strong>oratio-</strong></span> 
     </span>
     <span class='ocr_line' id='line_1_35' title="bbox 187 3817 1474 3899; baseline 0.005 -24"><span class='ocrx_word' id='word_1_336' title='bbox 187 3819 243 3886; x_wconf 87' lang='lat' dir='ltr'><strong>nis,</strong></span> <span class='ocrx_word' id='word_1_337' title='bbox 274 3825 325 3878; x_wconf 92' lang='lat' dir='ltr'><strong>aut</strong></span> <span class='ocrx_word' id='word_1_338' title='bbox 354 3819 417 3895; x_wconf 92' lang='lat' dir='ltr'><strong>ipsa</strong></span> <span class='ocrx_word' id='word_1_339' title='bbox 446 3819 658 3895; x_wconf 90' lang='lat' dir='ltr'><strong>corrumpitur,</strong></span> <span class='ocrx_word' id='word_1_340' title='bbox 689 3826 740 3877; x_wconf 91' lang='lat' dir='ltr'><strong>aut</strong></span> <span class='ocrx_word' id='word_1_341' title='bbox 767 3826 941 3896; x_wconf 89' lang='lat' dir='ltr'><strong>utrumque,</strong></span> <span class='ocrx_word' id='word_1_342' title='bbox 974 3817 1004 3878; x_wconf 84' lang='lat' dir='ltr'><strong>id</strong></span> <span class='ocrx_word' id='word_1_343' title='bbox 1032 3826 1077 3879; x_wconf 89' lang='lat' dir='ltr'><strong>est</strong></span> <span class='ocrx_word' id='word_1_344' title='bbox 1105 3826 1133 3878; x_wconf 89' lang='lat' dir='ltr'><strong>et</strong></span> <span class='ocrx_word' id='word_1_345' title='bbox 1160 3820 1326 3898; x_wconf 89' lang='lat' dir='ltr'><strong>corrumpit</strong></span> <span class='ocrx_word' id='word_1_346' title='bbox 1353 3821 1414 3899; x_wconf 88' lang='lat' dir='ltr'><strong>ipsa</strong></span> <span class='ocrx_word' id='word_1_347' title='bbox 1444 3829 1474 3881; x_wconf 89' lang='lat' dir='ltr'><strong>et</strong></span> 
     </span>
     <span class='ocr_line' id='line_1_36' title="bbox 186 3919 1472 4000; baseline 0.003 -22"><span class='ocrx_word' id='word_1_348' title='bbox 186 3920 393 3998; x_wconf 88' lang='lat' dir='ltr'><strong>corrumpitur.</strong></span> <span class='ocrx_word' id='word_1_349' title='bbox 416 3921 478 3997; x_wconf 88' lang='lat' dir='ltr'><strong>ipsa</strong></span> <span class='ocrx_word' id='word_1_350' title='bbox 496 3921 722 3998; x_wconf 85' lang='lat' dir='ltr'><strong>corrumpit,.si</strong></span> <span class='ocrx_word' id='word_1_351' title='bbox 737 3919 817 3981; x_wconf 87' lang='lat' dir='ltr'><strong>dicas</strong></span> <span class='ocrx_word' id='word_1_352' title='bbox 833 3922 971 3980; x_wconf 86' lang='lat' dir='ltr'><strong>conficio:</strong></span> <span class='ocrx_word' id='word_1_353' title='bbox 995 3940 1051 3982; x_wconf 91' lang='lat' dir='ltr'><strong>cou</strong></span> <span class='ocrx_word' id='word_1_354' title='bbox 1073 3922 1251 4000; x_wconf 87' lang='lat' dir='ltr'><strong>praepositio</strong></span> <span class='ocrx_word' id='word_1_355' title='bbox 1275 3930 1320 3981; x_wconf 89' lang='lat' dir='ltr'><strong>est</strong></span> <span class='ocrx_word' id='word_1_356' title='bbox 1340 3923 1472 4000; x_wconf 62' lang='lat' dir='ltr'><strong>integrm</strong></span> 
     </span>
    </p>

    <p class='ocr_par' dir='ltr' id='par_1_6' title="bbox 151 4021 1495 4306">
     <span class='ocr_line' id='line_1_37' title="bbox 151 4021 1471 4103; baseline 0.003 -23"><span class='ocrx_word' id='word_1_357' title='bbox 151 4021 250 4081; x_wconf 71' lang='lat' dir='ltr'><strong>uncio</strong></span> <span class='ocrx_word' id='word_1_358' title='bbox 273 4028 450 4099; x_wconf 89' lang='lat' dir='ltr'><strong>corruptum</strong></span> <span class='ocrx_word' id='word_1_359' title='bbox 474 4030 532 4088; x_wconf 88' lang='lat' dir='ltr'><strong>est;</strong></span> <span class='ocrx_word' id='word_1_360' title='bbox 557 4034 620 4084; x_wconf 81' lang='lat' dir='ltr'><strong>eret</strong></span> <span class='ocrx_word' id='word_1_361' title='bbox 643 4025 720 4083; x_wconf 92' lang='lat' dir='ltr'><strong>enim</strong></span> <span class='ocrx_word' id='word_1_362' title='bbox 744 4024 891 4100; x_wconf 86' lang='lat' dir='ltr'><strong>integrum</strong></span> <span class='ocrx_word' id='word_1_363' title='bbox 914 4023 998 4083; x_wconf 83' lang='lat' dir='ltr'><strong>iacio.</strong></span> <span class='ocrx_word' id='word_1_364' title='bbox 1044 4034 1094 4084; x_wconf 91' lang='lat' dir='ltr'><strong>aut</strong></span> <span class='ocrx_word' id='word_1_365' title='bbox 1116 4032 1197 4084; x_wconf 87' lang='lat' dir='ltr'><strong>certe</strong></span> <span class='ocrx_word' id='word_1_366' title='bbox 1220 4025 1283 4102; x_wconf 90' lang='lat' dir='ltr'><strong>ipsa</strong></span> <span class='ocrx_word' id='word_1_367' title='bbox 1306 4026 1471 4103; x_wconf 90' lang='lat' dir='ltr'><strong>corrumpi·</strong></span> 
     </span>
     <span class='ocr_line' id='line_1_38' title="bbox 187 4122 1471 4195; baseline 0.003 -15"><span class='ocrx_word' id='word_1_368' title='bbox 187 4130 247 4192; x_wconf 92' lang='lat' dir='ltr'><strong>tur,</strong></span> <span class='ocrx_word' id='word_1_369' title='bbox 270 4124 377 4182; x_wconf 76' lang='lat' dir='ltr'><strong>attero:</strong></span> <span class='ocrx_word' id='word_1_370' title='bbox 407 4141 466 4182; x_wconf 94' lang='lat' dir='ltr'><strong>non</strong></span> <span class='ocrx_word' id='word_1_371' title='bbox 490 4122 627 4184; x_wconf 86' lang='lat' dir='ltr'><strong>dicebant</strong></span> <span class='ocrx_word' id='word_1_372' title='bbox 655 4123 772 4192; x_wconf 84' lang='lat' dir='ltr'><strong>adiero,</strong></span> <span class='ocrx_word' id='word_1_373' title='bbox 801 4124 851 4184; x_wconf 83' lang='lat' dir='ltr'><strong>sed</strong></span> <span class='ocrx_word' id='word_1_374' title='bbox 875 4125 982 4193; x_wconf 81' lang='lat' dir='ltr'><strong>affer03</strong></span> <span class='ocrx_word' id='word_1_375' title='bbox 1007 4125 1024 4184; x_wconf 84' lang='lat' dir='ltr'>d</span> <span class='ocrx_word' id='word_1_376' title='bbox 1047 4125 1163 4186; x_wconf 87' lang='lat' dir='ltr'><strong>transiit</strong></span> <span class='ocrx_word' id='word_1_377' title='bbox 1185 4127 1215 4185; x_wconf 91' lang='lat' dir='ltr'><strong>in</strong></span> <span class='ocrx_word' id='word_1_378' title='bbox 1239 4126 1265 4195; x_wconf 83' lang='lat' dir='ltr'><strong>t,</strong></span> <span class='ocrx_word' id='word_1_379' title='bbox 1288 4125 1352 4185; x_wconf 86' lang='lat' dir='ltr'><strong>iero</strong></span> <span class='ocrx_word' id='word_1_380' title='bbox 1375 4134 1471 4185; x_wconf 92' lang='lat' dir='ltr'><strong>autem</strong></span> 
     </span>
     <span class='ocr_line' id='line_1_39' title="bbox 186 4222 1495 4306; baseline 0.002 -24"><span class='ocrx_word' id='word_1_381' title='bbox 186 4225 332 4303; x_wconf 83' lang='lat' dir='ltr'><strong>integrum</strong></span> <span class='ocrx_word' id='word_1_382' title='bbox 355 4222 475 4284; x_wconf 87' lang='lat' dir='ltr'><strong>verbum</strong></span> <span class='ocrx_word' id='word_1_383' title='bbox 500 4236 558 4293; x_wconf 89' lang='lat' dir='ltr'><strong>est;</strong></span> <span class='ocrx_word' id='word_1_384' title='bbox 582 4245 651 4286; x_wconf 89' lang='lat' dir='ltr'><strong>ecce</strong></span> <span class='ocrx_word' id='word_1_385' title='bbox 674 4228 735 4304; x_wconf 91' lang='lat' dir='ltr'><strong>ipsa</strong></span> <span class='ocrx_word' id='word_1_386' title='bbox 759 4234 897 4306; x_wconf 89' lang='lat' dir='ltr'><strong>corrupta</strong></span> <span class='ocrx_word' id='word_1_387' title='bbox 921 4233 965 4287; x_wconf 89' lang='lat' dir='ltr'><strong>est</strong></span> <span class='ocrx_word' id='word_1_388' title='bbox 985 4226 1115 4286; x_wconf 87' lang='lat' dir='ltr'><strong>averbo.</strong></span> <span class='ocrx_word' id='word_1_389' title='bbox 1147 4235 1198 4287; x_wconf 91' lang='lat' dir='ltr'><strong>aut</strong></span> <span class='ocrx_word' id='word_1_390' title='bbox 1214 4235 1371 4306; x_wconf 85' lang='lat' dir='ltr'><strong>utrumque</strong></span> <span class='ocrx_word' id='word_1_391' title='bbox 1386 4224 1495 4294; x_wconf 79' lang='lat' dir='ltr'><strong>simui¹</strong></span> 
     </span>
    </p>
   </div>
   <div class='ocr_carea' id='block_1_3' title="bbox 185 4376 1472 4917">
    <p class='ocr_par' dir='ltr' id='par_1_7' title="bbox 186 4376 1472 4655">
     <span class='ocr_line' id='line_1_40' title="bbox 235 4376 1472 4444; baseline 0.004 -20"><span class='ocrx_word' id='word_1_392' title='bbox 235 4380 268 4427; x_wconf 76' lang='lat'><strong>,⁶2</strong></span> <span class='ocrx_word' id='word_1_393' title='bbox 287 4376 321 4444; x_wconf 86' lang='lat' dir='ltr'><strong>et]</strong></span> <span class='ocrx_word' id='word_1_394' title='bbox 343 4385 370 4425; x_wconf 88' lang='lat' dir='ltr'><strong>ut</strong></span> <span class='ocrx_word' id='word_1_395' title='bbox 386 4377 469 4427; x_wconf 80' lang='lat' dir='ltr'><strong>ABG</strong></span> <span class='ocrx_word' id='word_1_396' title='bbox 527 4379 542 4427; x_wconf 80' lang='lat'><strong>5</strong></span> <span class='ocrx_word' id='word_1_397' title='bbox 562 4393 619 4427; x_wconf 88' lang='lat' dir='ltr'><strong>nam</strong></span> <span class='ocrx_word' id='word_1_398' title='bbox 639 4380 661 4429; x_wconf 91' lang='lat' dir='ltr'><strong>si</strong></span> <span class='ocrx_word' id='word_1_399' title='bbox 681 4380 788 4429; x_wconf 85' lang='lat' dir='ltr'><strong>maiores</strong></span> <span class='ocrx_word' id='word_1_400' title='bbox 803 4394 820 4428; x_wconf 87' lang='lat' dir='ltr'><strong>o</strong></span> <span class='ocrx_word' id='word_1_401' title='bbox 840 4395 897 4429; x_wconf 87' lang='lat' dir='ltr'><strong>narn</strong></span> <span class='ocrx_word' id='word_1_402' title='bbox 916 4380 1023 4428; x_wconf 88' lang='lat' dir='ltr'><strong>maiores</strong></span> <span class='ocrx_word' id='word_1_403' title='bbox 1041 4380 1065 4428; x_wconf 83' lang='lat' dir='ltr'><em>A</em></span> <span class='ocrx_word' id='word_1_404' title='bbox 1086 4394 1135 4428; x_wconf 88' lang='lat' dir='ltr'><strong>non</strong></span> <span class='ocrx_word' id='word_1_405' title='bbox 1151 4381 1172 4429; x_wconf 86' lang='lat' dir='ltr'><strong>si</strong></span> <span class='ocrx_word' id='word_1_406' title='bbox 1190 4381 1299 4429; x_wconf 83' lang='lat' dir='ltr'><strong>maiores</strong></span> <span class='ocrx_word' id='word_1_407' title='bbox 1317 4379 1342 4427; x_wconf 86' lang='lat' dir='ltr'><em>B</em></span> <span class='ocrx_word' id='word_1_408' title='bbox 1360 4393 1416 4427; x_wconf 85' lang='lat' dir='ltr'><strong>nam</strong></span> <span class='ocrx_word' id='word_1_409' title='bbox 1436 4380 1472 4429; x_wconf 89' lang='lat' dir='ltr'><strong>sie</strong></span> 
     </span>
     <span class='ocr_line' id='line_1_41' title="bbox 188 4448 1471 4514; baseline 0.002 -18"><span class='ocrx_word' id='word_1_410' title='bbox 188 4448 292 4497; x_wconf 74' lang='lat' dir='ltr'><strong>nroiores</strong></span> <span class='ocrx_word' id='word_1_411' title='bbox 313 4449 328 4497; x_wconf 87' lang='lat' dir='ltr'><strong>b</strong></span> <span class='ocrx_word' id='word_1_412' title='bbox 348 4448 617 4498; x_wconf 83' lang='lat' dir='ltr'><strong>nousiomnioresG</strong></span> <span class='ocrx_word' id='word_1_413' title='bbox 685 4448 784 4499; x_wconf 76' lang='lat' dir='ltr'><strong>iterra</strong></span> <span class='ocrx_word' id='word_1_414' title='bbox 803 4450 874 4499; x_wconf 89' lang='lat' dir='ltr'><strong>iubat</strong></span> <span class='ocrx_word' id='word_1_415' title='bbox 892 4449 955 4500; x_wconf 77' lang='lat' dir='ltr'><strong>Ae:</strong></span> <span class='ocrx_word' id='word_1_416' title='bbox 983 4451 1060 4514; x_wconf 74' lang='lat' dir='ltr'><strong>Verp.</strong></span> <span class='ocrx_word' id='word_1_417' title='bbox 1082 4451 1149 4502; x_wconf 82' lang='lat' dir='ltr'><strong>Aen,</strong></span> <span class='ocrx_word' id='word_1_418' title='bbox 1168 4451 1238 4498; x_wconf 83' lang='lat' dir='ltr'><strong>Vtut</strong></span> <span class='ocrx_word' id='word_1_419' title='bbox 1256 4451 1306 4501; x_wconf 79' lang='lat'><strong>514</strong></span> <span class='ocrx_word' id='word_1_420' title='bbox 1376 4449 1471 4498; x_wconf 66' lang='lat' dir='ltr'><strong>&amp;uide</strong></span> 
     </span>
     <span class='ocr_line' id='line_1_42' title="bbox 187 4516 1471 4582; baseline 0.002 -18"><span class='ocrx_word' id='word_1_421' title='bbox 187 4517 313 4581; x_wconf 74' lang='lat' dir='ltr'><strong>(uideor)</strong></span> <span class='ocrx_word' id='word_1_422' title='bbox 331 4532 393 4582; x_wconf 80' lang='lat' dir='ltr'><strong>ergo</strong></span> <span class='ocrx_word' id='word_1_423' title='bbox 412 4520 479 4580; x_wconf 88' lang='lat' dir='ltr'><strong>quod</strong></span> <span class='ocrx_word' id='word_1_424' title='bbox 498 4516 573 4568; x_wconf 82' lang='lat' dir='ltr'><strong>hebet</strong></span> <span class='ocrx_word' id='word_1_425' title='bbox 591 4519 615 4565; x_wconf 79' lang='lat' dir='ltr'><em>A</em></span> <span class='ocrx_word' id='word_1_426' title='bbox 688 4521 718 4569; x_wconf 78' lang='lat'><strong>12</strong></span> <span class='ocrx_word' id='word_1_427' title='bbox 737 4521 818 4569; x_wconf 81' lang='lat' dir='ltr'><strong>omnio</strong></span> <span class='ocrx_word' id='word_1_428' title='bbox 836 4519 910 4568; x_wconf 73' lang='lat' dir='ltr'><strong>noa</strong></span> <span class='ocrx_word' id='word_1_429' title='bbox 928 4520 1055 4569; x_wconf 85' lang='lat' dir='ltr'><strong>onrnesA</strong></span> <span class='ocrx_word' id='word_1_430' title='bbox 1126 4519 1270 4568; x_wconf 84' lang='lat' dir='ltr'><strong>transierint</strong></span> <span class='ocrx_word' id='word_1_431' title='bbox 1288 4517 1369 4568; x_wconf 73' lang='grc' dir='ltr'><strong>ΑΒΘ</strong></span> <span class='ocrx_word' id='word_1_432' title='bbox 1439 4517 1471 4567; x_wconf 77' lang='grc'><strong>15</strong></span> 
     </span>
     <span class='ocr_line' id='line_1_43' title="bbox 186 4586 1472 4655; baseline 0.002 -20"><span class='ocrx_word' id='word_1_433' title='bbox 186 4589 318 4637; x_wconf 79' lang='lat' dir='ltr'><strong>accusativi</strong></span> <span class='ocrx_word' id='word_1_434' title='bbox 337 4613 369 4622; x_wconf 95' lang='lat'><em>-</em></span> <span class='ocrx_word' id='word_1_435' title='bbox 385 4587 596 4652; x_wconf 81' lang='lat' dir='ltr'><strong>significationem</strong></span> <span class='ocrx_word' id='word_1_436' title='bbox 615 4602 661 4641; x_wconf 87' lang='lat' dir='ltr'><strong>om,</strong></span> <span class='ocrx_word' id='word_1_437' title='bbox 682 4591 716 4648; x_wconf 80' lang='lat' dir='ltr'><strong>A,</strong></span> <span class='ocrx_word' id='word_1_438' title='bbox 736 4590 797 4639; x_wconf 84' lang='lat' dir='ltr'><strong>add.</strong></span> <span class='ocrx_word' id='word_1_439' title='bbox 816 4605 832 4637; x_wconf 87' lang='lat' dir='ltr'><strong>a</strong></span> <span class='ocrx_word' id='word_1_440' title='bbox 884 4590 906 4636; x_wconf 88' lang='lat' dir='ltr'><strong>si</strong></span> <span class='ocrx_word' id='word_1_441' title='bbox 925 4605 970 4639; x_wconf 88' lang='lat' dir='ltr'><strong>om.</strong></span> <span class='ocrx_word' id='word_1_442' title='bbox 986 4588 1029 4637; x_wconf 82' lang='lat' dir='ltr'><strong>Co</strong></span> <span class='ocrx_word' id='word_1_443' title='bbox 1084 4590 1115 4639; x_wconf 82' lang='lat' dir='ltr'><strong>tr</strong></span> <span class='ocrx_word' id='word_1_444' title='bbox 1133 4605 1211 4655; x_wconf 85' lang='lat' dir='ltr'><strong>super</strong></span> <span class='ocrx_word' id='word_1_445' title='bbox 1229 4588 1314 4637; x_wconf 79' lang='lat' dir='ltr'><strong>subter</strong></span> <span class='ocrx_word' id='word_1_446' title='bbox 1327 4601 1372 4640; x_wconf 84' lang='lat' dir='ltr'><strong>orn.</strong></span> <span class='ocrx_word' id='word_1_447' title='bbox 1389 4586 1472 4637; x_wconf 78' lang='lat' dir='ltr'><strong>ABG</strong></span> 
     </span>
    </p>

    <p class='ocr_par' dir='ltr' id='par_1_8' title="bbox 253 4655 1470 4725">
     <span class='ocr_line' id='line_1_44' title="bbox 253 4655 1470 4725; baseline -0.003 -18"><span class='ocrx_word' id='word_1_448' title='bbox 253 4657 287 4709; x_wconf 80' lang='lat'><strong>19</strong></span> <span class='ocrx_word' id='word_1_449' title='bbox 305 4658 327 4708; x_wconf 84' lang='lat' dir='ltr'><strong>si</strong></span> <span class='ocrx_word' id='word_1_450' title='bbox 347 4658 373 4705; x_wconf 91' lang='lat' dir='ltr'><strong>in</strong></span> <span class='ocrx_word' id='word_1_451' title='bbox 392 4672 440 4706; x_wconf 88' lang='lat' dir='ltr'><strong>usu</strong></span> <span class='ocrx_word' id='word_1_452' title='bbox 458 4657 659 4708; x_wconf 80' lang='lat' dir='ltr'><strong>abletiuiABC</strong></span> <span class='ocrx_word' id='word_1_453' title='bbox 711 4660 745 4708; x_wconf 80' lang='lat'><strong>22</strong></span> <span class='ocrx_word' id='word_1_454' title='bbox 760 4673 820 4725; x_wconf 81' lang='lat' dir='ltr'><strong>ergo</strong></span> <span class='ocrx_word' id='word_1_455' title='bbox 839 4673 884 4709; x_wconf 84' lang='lat' dir='ltr'><strong>om.</strong></span> <span class='ocrx_word' id='word_1_456' title='bbox 901 4658 934 4717; x_wconf 85' lang='lat' dir='ltr'><strong>A,</strong></span> <span class='ocrx_word' id='word_1_457' title='bbox 947 4659 1038 4707; x_wconf 65' lang='lat' dir='ltr'><strong>admo</strong></span> <span class='ocrx_word' id='word_1_458' title='bbox 1088 4655 1343 4723; x_wconf 79' lang='lat' dir='ltr'><strong>23cui]quoBOa</strong></span> <span class='ocrx_word' id='word_1_459' title='bbox 1363 4656 1470 4718; x_wconf 74' lang='lat' dir='ltr'><strong>quodA</strong></span> 
     </span>
    </p>

    <p class='ocr_par' dir='ltr' id='par_1_9' title="bbox 185 4725 1469 4917">
     <span class='ocr_line' id='line_1_45' title="bbox 253 4725 1400 4794; baseline -0.003 -17"><span class='ocrx_word' id='word_1_460' title='bbox 253 4729 287 4777; x_wconf 78' lang='lat'><strong>24</strong></span> <span class='ocrx_word' id='word_1_461' title='bbox 303 4728 394 4776; x_wconf 82' lang='lat' dir='ltr'><strong>transit</strong></span> <span class='ocrx_word' id='word_1_462' title='bbox 413 4729 468 4776; x_wconf 79' lang='lat' dir='ltr'><strong>AB</strong></span> <span class='ocrx_word' id='word_1_463' title='bbox 559 4729 593 4776; x_wconf 74' lang='lat'><strong>⁴25</strong></span> <span class='ocrx_word' id='word_1_464' title='bbox 605 4727 693 4794; x_wconf 83' lang='lat' dir='ltr'><strong>inulta]</strong></span> <span class='ocrx_word' id='word_1_465' title='bbox 715 4730 793 4794; x_wconf 79' lang='lat' dir='ltr'><strong>Verp,</strong></span> <span class='ocrx_word' id='word_1_466' title='bbox 810 4728 875 4779; x_wconf 81' lang='lat' dir='ltr'><strong>Aen.</strong></span> <span class='ocrx_word' id='word_1_467' title='bbox 891 4729 899 4776; x_wconf 94' lang='grc' dir='ltr'>Ι</span> <span class='ocrx_word' id='word_1_468' title='bbox 914 4728 964 4779; x_wconf 77' lang='lat' dir='ltr'><strong>ibt]</strong></span> <span class='ocrx_word' id='word_1_469' title='bbox 1034 4727 1068 4779; x_wconf 76' lang='lat'><strong>‘26</strong></span> <span class='ocrx_word' id='word_1_470' title='bbox 1086 4725 1204 4792; x_wconf 84' lang='lat' dir='ltr'><strong>abiotira]</strong></span> <span class='ocrx_word' id='word_1_471' title='bbox 1226 4726 1329 4776; x_wconf 81' lang='lat' dir='ltr'><strong>abiotioi</strong></span> <span class='ocrx_word' id='word_1_472' title='bbox 1345 4725 1400 4774; x_wconf 86' lang='lat' dir='ltr'><strong>AB</strong></span> 
     </span>
     <span class='ocr_line' id='line_1_46' title="bbox 185 4794 1469 4863; baseline -0.002 -17"><span class='ocrx_word' id='word_1_473' title='bbox 185 4795 218 4846; x_wconf 79' lang='lat'><strong>30</strong></span> <span class='ocrx_word' id='word_1_474' title='bbox 236 4797 325 4846; x_wconf 83' lang='lat' dir='ltr'><strong>transit</strong></span> <span class='ocrx_word' id='word_1_475' title='bbox 340 4795 425 4847; x_wconf 81' lang='lat' dir='ltr'><strong>ABG</strong></span> <span class='ocrx_word' id='word_1_476' title='bbox 511 4798 544 4848; x_wconf 79' lang='lat'><strong>35</strong></span> <span class='ocrx_word' id='word_1_477' title='bbox 565 4801 733 4863; x_wconf 87' lang='lat' dir='ltr'><strong>corrumpitur</strong></span> <span class='ocrx_word' id='word_1_478' title='bbox 757 4797 844 4850; x_wconf 78' lang='lat' dir='ltr'><strong>adiero</strong></span> <span class='ocrx_word' id='word_1_479' title='bbox 864 4797 957 4860; x_wconf 77' lang='lat' dir='ltr'><strong>(affero</strong></span> <span class='ocrx_word' id='word_1_480' title='bbox 977 4797 1019 4848; x_wconf 75' lang='lat' dir='ltr'><strong>A?</strong></span> <span class='ocrx_word' id='word_1_481' title='bbox 1036 4813 1105 4863; x_wconf 77' lang='lat' dir='ltr'><strong>corr.</strong></span> <span class='ocrx_word' id='word_1_482' title='bbox 1130 4797 1217 4847; x_wconf 87' lang='lat' dir='ltr'><strong>adiero</strong></span> <span class='ocrx_word' id='word_1_483' title='bbox 1235 4795 1265 4861; x_wconf 84' lang='grc' dir='ltr'><strong>α)</strong></span> <span class='ocrx_word' id='word_1_484' title='bbox 1284 4809 1334 4844; x_wconf 91' lang='lat' dir='ltr'><strong>nou</strong></span> <span class='ocrx_word' id='word_1_485' title='bbox 1352 4794 1469 4844; x_wconf 83' lang='lat' dir='ltr'><strong>dicebaut</strong></span> 
     </span>
     <span class='ocr_line' id='line_1_47' title="bbox 186 4865 504 4917; baseline 0.009 -3"><span class='ocrx_word' id='word_1_486' title='bbox 186 4865 262 4916; x_wconf 76' lang='lat' dir='ltr'><strong>affero</strong></span> <span class='ocrx_word' id='word_1_487' title='bbox 281 4866 327 4916; x_wconf 88' lang='lat' dir='ltr'><strong>sed</strong></span> <span class='ocrx_word' id='word_1_488' title='bbox 348 4866 434 4916; x_wconf 81' lang='lat' dir='ltr'><strong>adiero</strong></span> <span class='ocrx_word' id='word_1_489' title='bbox 453 4867 504 4917; x_wconf 76' lang='lat' dir='ltr'><strong>AG</strong></span> 
     </span>
    </p>
   </div>
   <div class='ocr_carea' id='block_1_4' title="bbox 0 0 1678 5498">
    <p class='ocr_par' dir='ltr' id='par_1_10' title="bbox 0 0 1678 5498">
     <span class='ocr_line' id='line_1_48' title="bbox 0 0 1678 5498; baseline 0 0"><span class='ocrx_word' id='word_1_490' title='bbox 0 0 1678 5498; x_wconf 95' lang='lat' dir='ltr'><strong> </strong></span> 
     </span>
    </p>
   </div>
  </div>
 </body>
</html>
