3346 5498
735 352 805 414 ARS
1353 350 1414 414 527

125 547 222 620 inquit
244 544 318 603 ‘Alii
337 551 435 604 tamen
458 551 488 603 et
509 543 625 604 idoneis
639 543 801 602 dumtaxat
814 543 989 602 auctoribus
1009 547 1076 602 octo
1092 547 1200 617 partes
1221 543 1316 602 secuti
1334 547 1413 614 sunt,

126 652 159 707 ut
178 646 370 706 Aristarchus
392 647 430 705 de
451 640 494 725 (et
515 640 586 705 cod.
602 639 733 725 Regin.)
756 650 835 704 etate
856 653 960 705 nostra
982 645 1140 717 Palemon,
1165 645 1219 719 qui
1238 643 1415 704 uocabulum

124 751 189 809 siue
210 750 441 824 appellationem
463 749 575 807 nomini
594 747 783 808 subiecerunt
804 754 954 822 tamquam
976 748 1089 822 species
1110 748 1202 806 eins'.
1247 747 1292 806 Ile
1312 746 1415 807 eodem

125 851 271 911 Eusebius
298 851 336 909 de
362 850 543 925 temporibus
570 851 615 908 ait
642 849 801 909 ‘Palemon
828 851 997 909 nicentiuus
1024 848 1152 922 insiqnis
1177 848 1293 908 Romae
1311 864 1414 924 qram-

124 955 252 1013 malicus
273 952 414 1024 habetur,
438 953 492 1026 qui
512 953 718 1025 interropatns
746 967 766 1009 a
798 951 934 1027 consule,
962 951 1037 1026 quid
1062 952 1281 1025 interpellem
1303 957 1332 1009 et
1353 951 1415 1010 stil-

124 1056 184 1113 lam
207 1056 376 1131 interesset,
402 1060 504 1127 putta,
535 1054 593 1130 ait,
620 1058 695 1125 stat,
724 1053 807 1112 stilla
828 1053 923 1113 cadit.
967 1053 1081 1112 dicitnr
1102 1052 1152 1112 lnic
1174 1053 1212 1111 ab
1233 1053 1415 1129 Hieronymo

125 1156 296 1216 Herennius
318 1151 508 1234 (haberemus
529 1171 610 1214 corr.
634 1155 770 1214 bannus
797 1148 870 1214 cod.
892 1147 1026 1234 Regin.)
1049 1154 1202 1213 Palemon.
1246 1154 1415 1214 Polemonis

122 1259 318 1334 qrammatici
342 1258 533 1316 uetustissimi
559 1257 597 1316 de
619 1257 761 1332 partibus
789 1256 936 1316 orationis
961 1256 1048 1317 liber.
1095 1254 1201 1315 Omnia
1229 1257 1351 1315 nomina
1372 1289 1414 1297 —

76 1372 78 1376 “
119 1362 294 1437 plenissima
324 1360 417 1419 dieta.
463 1357 566 1430 τελως
592 1357 799 1438 παλεμωνης.
830 1391 866 1401 -
896 1358 994 1433 Asper
1018 1360 1237 1434 qrammaticus
1257 1359 1332 1417 einis
1353 1357 1412 1417 lio

124 1479 231 1523 manus
252 1469 384 1536 tempore
406 1460 552 1520 Antonini
573 1461 747 1537 philosophi
769 1459 834 1533 suit
861 1462 1027 1534 insperante
1053 1460 1201 1536 Anqusto,
1226 1459 1264 1518 de
1285 1475 1344 1533 quo
1362 1459 1413 1518 Iu·

123 1568 182 1625 lius
216 1564 404 1639 Capitolinus
436 1556 506 1640 (vit.
531 1558 653 1622 Anton.
677 1556 756 1643 phil.
779 1579 808 1621 c.
831 1557 867 1643 2)
889 1562 946 1621 lzoc
968 1563 1028 1634 ait,
1064 1560 1151 1621 ‘usus
1178 1567 1223 1620 est
1248 1564 1414 1635 praeterea

123 1667 319 1742 quottidianis
339 1666 547 1738 qrammaticis
567 1665 670 1724 latinis
688 1662 792 1723 Trosio
808 1663 906 1739 Aspre
928 1670 957 1722 et
977 1663 1091 1722 Polono
1112 1670 1141 1721 el
1156 1662 1325 1722 Eutioclsio
1339 1665 1412 1721 Pro

123 1770 219 1828 culo’.
261 1765 327 1838 snit
349 1774 377 1824 el
398 1767 477 1825 aller
500 1768 609 1841 Asper,
635 1767 687 1840 qui
706 1767 806 1825 minor
832 1766 1003 1841 appellatus
1024 1770 1083 1837 est,
1102 1765 1286 1839 paulopost
1306 1763 1412 1824 Hiero-

123 1886 251 1947 nqmum.
295 1884 361 1928 cum
389 1869 487 1928 Paulo
513 1869 641 1927 diacono
667 1875 696 1926 el
720 1868 921 1942 qrammalico
947 1866 978 1925 in
1006 1882 1065 1926 uno
1092 1866 1197 1926 codice
1218 1868 1413 1926 uetustissimo

122 1975 234 2032 ionersi.
279 1965 313 2028 in
342 1965 487 2049 margine
515 1964 579 2028 alia
606 1986 704 2027 manu
731 1963 898 2050 adscripta
926 1973 1002 2028 sunt
1023 1962 1119 2043 haec,
1142 1968 1240 2043 Asper
1262 1969 1413 2028 Antonino

124 2074 177 2133 Pio
204 2076 275 2148 imp.
297 2072 413 2131 Romae
438 2074 559 2146 floruit,
589 2087 674 2146 quem
696 2072 740 2130 ita
761 2072 886 2143 erudiit,
916 2075 949 2129 ut
969 2075 1069 2129 statua
1091 2068 1130 2128 ab
1151 2085 1185 2130 eo
1207 2071 1337 2130 donatus
1357 2077 1411 2143 est,

121 2178 300 2250 scripsitque
325 2175 419 2232 multa
445 2174 593 2232 librorum
616 2174 769 2232 uotmnina
797 2176 828 2232 in
848 2174 1065 2247 qrammatica,
1089 2187 1168 2246 qaae
1188 2173 1316 2246 iqnauia
1337 2174 1412 2231 mul·

122 2285 219 2338 torum
246 2277 412 2336 seculorum
441 2276 561 2334 deleuit.
606 2291 693 2349 eques
717 2273 781 2345 suit
813 2274 976 2334 Romanus.
1022 2273 1081 2333 Ars
1108 2282 1150 2333 est
1181 2273 1315 2333 -babo
1341 2291 1412 2334 uua.

122 2375 191 2440 cod.
221 2374 336 2455 Regin.
368 2371 449 2436 1818
476 2376 631 2435 quenalis
658 2379 719 2435 etc.
750 2370 807 2457 (cf.
836 2370 909 2437 cod.
931 2370 1039 2436 Vatia.
1070 2371 1166 2456 1492)
1195 2410 1236 2419 -
1259 2376 1410 2436 Palemon.

124 2482 228 2541 Omroia
251 2482 373 2540 nomino
394 2511 438 2521 -
459 2480 552 2550 dieta.
578 2510 620 2524 -·-
642 2478 736 2554 Aspri
755 2480 881 2539 maioris
900 2480 1104 2554 qrammatica
1118 2495 1202 2539 more
1215 2480 1413 2539 uetustissimo

121 2586 235 2658 incipit.
269 2587 328 2641 Ars
349 2588 392 2641 est
413 2612 454 2623 -
475 2581 551 2641 babo
572 2598 643 2641 uua.
692 2574 761 2640 sola
783 2577 884 2664 Aepri
906 2599 959 2641 ara
981 2585 1150 2664 praeterea
1172 2584 1222 2639 eet
1243 2575 1278 2638 in
1299 2575 1412 2641 codice

123 2680 275 2747 Gothano
302 2679 360 2742 111
383 2679 461 2742 item
485 2678 655 2745 chartaceo
678 2688 820 2744 exeunte
848 2680 961 2766 quinto
991 2677 1115 2749 decimo
1139 2676 1267 2742 saeculo
1290 2679 1411 2763 scripto

122 2792 197 2869 post
220 2781 347 2846 Phocoe
371 2780 411 2844 de
433 2780 564 2845 nomine
586 2792 619 2846 et
640 2780 742 2846 verbo
766 2779 885 2845 librum
908 2780 932 2843 l.
948 2779 999 2860 44,
1023 2786 1131 2860 incipit
1144 2800 1197 2843 ars
1211 2785 1297 2858 aspri
1307 2800 1409 2858 qram-

120 2891 233 2949 malici.
274 2889 332 2947 Ars
353 2895 396 2946 est
417 2889 557 2948 —babo
579 2904 650 2947 uua.
688 2892 869 2968 sequuntur
890 2879 1008 2945 deinde
1031 2887 1199 2946 declinacio
1220 2884 1314 2958 uerbi,
1337 2886 1411 2945 Ver-

120 2993 187 3050 bum
212 2993 330 3062 politum
358 2992 488 3049 aetiuam
515 2990 673 3063 sinqulare
699 2994 729 3046 et
751 2990 874 3063 plurale
900 2989 1042 3063 temporis
1065 2989 1236 3062 praesentis
1263 2994 1341 3048 meto
1368 3019 1409 3031 —

120 3095 287 3153 metendum
308 3100 365 3164 est,
395 3085 534 3150 Maximi
556 3084 718 3150 Victorini
746 3085 787 3148 de
815 3092 885 3149 arte
912 3083 1126 3167 grammatica
1148 3092 1181 3147 et
1203 3082 1245 3147 de
1267 3084 1410 3149 carmine

121 3190 249 3256 heroico
283 3199 451 3273 excerpta,
485 3186 634 3251 Metrorii
664 3184 720 3272 qui
751 3184 869 3249 dicitur
899 3183 981 3250 liber
1014 3184 1055 3251 de
1087 3184 1291 3271 finalibus*).
1336 3195 1411 3274 post

205 3393 231 3459 ')
254 3396 369 3444 Praeter
386 3393 473 3444 libros
490 3407 573 3457 supra
591 3391 726 3442 indicatos
745 3389 773 3440 in
791 3389 888 3442 codice
907 3391 1092 3456 Neapolitano
1109 3391 1296 3446 bibliothecae
1313 3393 1409 3458 regiae

120 3483 158 3531 IV
177 3481 200 3529 Α
218 3483 250 3530 34
273 3479 416 3528 undecimo
438 3477 483 3527 vel
506 3474 666 3527 duodecimo
690 3474 802 3526 saeculo
824 3476 942 3541 scripto,
967 3478 1044 3527 cuiue
1066 3478 1232 3528 mentionem
1251 3479 1307 3530 ieci
1325 3493 1409 3544 supra

120 3582 145 3630 p.
166 3567 228 3626 330,
248 3568 276 3611 et
293 3563 365 3612 hunc
383 3562 464 3627 aspri
485 3561 584 3611 librum
608 3566 637 3611 et
659 3560 742 3610 aliam
767 3559 942 3613 Palaemonis
960 3567 1047 3612 artem
1066 3561 1101 3612 ab
1121 3577 1154 3612 ea
1173 3578 1253 3628 quam
1273 3561 1409 3614 edidimus

121 3651 258 3698 diversam
278 3652 371 3715 extare
391 3647 488 3696 scribit
506 3644 640 3696 Ianellius
658 3644 744 3698 catal.
762 3644 889 3696 biblioth.
910 3662 977 3697 mua.
996 3647 1115 3698 Borbon.
1133 3664 1159 3713 p.
1178 3648 1211 3698 28
1230 3648 1293 3698 ‘Ara
1310 3647 1409 3699 Palae·

121 3735 216 3784 monis.
252 3731 374 3782 Titulus:
401 3731 432 3780 In
454 3732 551 3781 nomine
568 3731 680 3781 Sanctae
701 3731 849 3782 Trinitatis:
871 3732 967 3797 Incipit
984 3733 1039 3783 Ara
1056 3733 1225 3787 Palaemonis.
1260 3734 1357 3798 anue
1377 3737 1409 3785 lb

121 3819 241 3884 paginae
260 3816 423 3881 implentur,
443 3818 516 3866 inter
532 3832 602 3881 quaa
621 3821 726 3876 tamen,
746 3832 800 3882 qua
818 3832 922 3867 caussa
939 3817 1044 3880 nescio,
1062 3831 1117 3867 una
1135 3816 1234 3868 relicta
1252 3823 1293 3868 eat
1309 3833 1409 3869 vacua.

120 3904 213 3954 Prima
231 3903 321 3953 libelli
333 3900 419 3951 verba
432 3902 516 3951 boec:
535 3901 680 3967 Aqqreasus
698 3904 797 3968 quidem
814 3907 888 3952 iuxta
904 3904 1066 3953 traditionem
1083 3904 1260 3967 maqumoram
1277 3905 1309 3954 de
1326 3905 1408 3955 multis

119 4006 203 4054 pauca
222 4003 427 4039 conunemorore:
446 4004 502 4036 nam
518 3989 582 4036 sicut
600 3988 757 4038 abscondere
773 3988 878 4052 aliquod
893 3986 980 4037 bonum
996 3988 1163 4052 periuriorum
1182 4003 1237 4038 esse
1256 4004 1305 4039 uon
1323 3989 1408 4039 dubito

121 4081 175 4127 etc.
199 4075 240 4125 Ad
259 4073 363 4124 calcem
381 4072 464 4122 hace:
484 4073 552 4122 Finit
571 4073 625 4123 Ara
642 4073 810 4123 Palaemonis.
836 4073 914 4135 Quae
932 4071 1057 4137 proiecto
1076 4070 1132 4122 alia
1150 4072 1246 4122 catab
1265 4086 1308 4136 ea,
1328 4087 1408 4138 qnam

120 4161 222 4226 primus
247 4159 333 4209 edidit
355 4158 484 4208 Iovianus
507 4158 649 4208 Pontanua
671 4161 773 4221 noster,
795 4156 954 4207 tumidam
976 4156 1076 4208 Petrus
1094 4157 1226 4208 Basileus
1245 4158 1318 4208 1527.
1354 4159 1409 4221 Qui

119 4261 184 4296 vero
203 4246 344 4309 Epitomes
362 4247 473 4293 nostrae
492 4247 589 4293 auctor
606 4242 651 4305 ait,
671 4242 738 4292 mihi
749 4242 883 4293 hactenus
900 4243 1098 4307 inconpertum.
1122 4240 1297 4293 Christianus
1316 4246 1408 4293 tamen

120 4332 172 4381 init
194 4329 339 4395 religiono.
374 4328 451 4393 Opus
474 4329 545 4378 enim
573 4326 735 4392 adgreditur
756 4328 897 4377 nundinale
919 4327 1036 4383 dirutos
1063 4331 1092 4377 et
1113 4326 1148 4377 ad
1171 4343 1245 4378 oram
1268 4327 1332 4378 libri
1353 4342 1406 4377 vox

120 4416 276 4465 Christianus
295 4413 459 4478 adscripta,
478 4412 546 4464 ibid.
564 4429 590 4478 p.
603 4415 636 4463 29
653 4413 716 4463 ‘Are
727 4411 827 4477 Aaperi
843 4411 1026 4477 grammatici.
1048 4411 1145 4462 Habea
1158 4412 1231 4477 apud
1247 4412 1407 4463 Putschium

118 4517 145 4566 p.
165 4502 229 4549 1716
249 4496 366 4563 (11261).
400 4499 432 4547 ln
451 4497 551 4548 Codice
571 4500 677 4563 Aspri’.
714 4497 763 4548 sed
781 4499 809 4547 in
827 4495 878 4547 hoc
896 4497 991 4547 codice
1010 4511 1090 4563 quam
1108 4497 1187 4548 iidem
1206 4496 1308 4546 habeat
1325 4497 1407 4561 Aapri

119 4601 225 4647 nomen,
244 4583 288 4634 vel
307 4599 369 4632 num
388 4584 459 4633 idem
477 4583 548 4633 liber
565 4585 611 4644 sit,
631 4598 709 4648 quem
728 4581 875 4632 Patachius
893 4581 990 4646 edidit,
1008 4582 1075 4632 mihi
1093 4586 1282 4649 nonconstut.
1306 4580 1406 4631 Palae-

121 4670 191 4720 moni
211 4675 303 4718 antem
322 4667 446 4717 inlibris
469 4683 551 4717 manu
574 4669 685 4733 scriptia
708 4666 838 4717 tribuitur
860 4681 905 4717 ars
924 4682 957 4717 ex
975 4673 1034 4719 arte
1051 4667 1165 4718 Maximi
1183 4666 1319 4717 Victorini
1336 4681 1406 4730 quae

119 4753 200 4818 vulgo
219 4755 306 4803 fertur
325 4759 472 4818 excerpta,
491 4753 520 4802 in
538 4751 631 4804 codice
649 4752 776 4802 Parisino
796 4752 861 4802 loos
879 4752 1009 4816 secali,
1033 4752 1054 4808 i.
1072 4754 1104 4804 62
1127 4752 1217 4818 incipit
1234 4767 1278 4801 ara
1293 4754 1406 4816 palam

120 4840 158 4888 nis
176 4841 207 4889 de
225 4841 330 4890 metrica
347 4841 502 4890 institutione
520 4840 552 4890 de
569 4846 701 4889 eaanetro
718 4853 795 4889 uersu
811 4852 857 4888 seu
873 4837 983 4898 heroico,
1002 4839 1076 4890 etin
1094 4836 1189 4890 codice
1201 4835 1405 4890 vindobonensi
