3346 5498
14 388 23 401 .
121 360 185 424 414
296 396 303 408 ·
690 349 838 414 raonis

147 466 300 524 pesam„
1093 485 1097 492 .
1212 448 1400 506 pumma.

125 550 231 632 [unum
252 547 350 628 pondo
374 563 432 606 non
455 544 515 604 dici
537 544 680 609 sciamus,
704 540 756 600 sed
779 542 810 600 in
832 540 939 600 libram
963 540 1081 600 reierri.
1115 537 1174 598 duo
1196 536 1284 597 enlm
1307 539 1340 593 et
1363 533 1426 593 tria

121 652 219 734 pondo
247 658 277 711 et
305 650 446 726 deinceps
478 644 679 706 observamus.
724 644 754 703 id
782 661 899 722 quoque
927 640 1168 710 observabimus,
1192 645 1240 707 ut,
1275 638 1426 718 quotiens

123 755 159 816 de
174 760 287 814 neutro
309 751 478 840 loquamur,
507 754 643 826 correpte
671 745 804 806 dicamus
831 744 993 805 duomilia
1016 735 1107 823 παρὰ
1127 733 1166 802 ad
1188 733 1266 802 δύο.
1312 741 1349 801 in
1372 756 1423 833 ορ·

122 863 211 918 centu
234 856 314 915 enim
336 853 424 930 longo
452 850 509 910 due
531 851 666 910 homines
688 854 719 907 et
741 847 827 908 ambo
849 847 999 917 homines,
1028 847 1102 906 duae
1130 843 1278 906 mulieres
1300 848 1335 902 et
1356 860 1423 905 am·

123 959 178 1021 bae
200 957 341 1018 mulieres
363 951 529 1033 dicuntum]
554 952 612 1012 duo
635 957 734 1011 autem
756 957 786 1009 et
808 948 895 1010 ambo
918 951 973 1009 etsi
997 954 1133 1028 correpta
1155 964 1221 1008 esse
1243 946 1447 1017 videantur,s

123 1068 221 1122 tamen
238 1059 405 1119 accusativo
421 1055 581 1135 dupliciter
596 1053 775 1113 efferuntur:
799 1070 925 1131 namque
947 1051 1001 1111 hos
1024 1050 1096 1111 duos
1118 1057 1148 1110 et
1169 1050 1224 1110 lios
1245 1048 1318 1118 dua,
1344 1053 1422 1113 item

123 1161 224 1224 ambos
246 1168 276 1222 et
298 1158 384 1220 ambo
407 1158 486 1237 apud
508 1165 645 1218 auctores
667 1156 843 1215 invenimus.
881 1155 1049 1215 communia
1071 1153 1102 1213 hi
1125 1160 1156 1212 et
1177 1152 1251 1212 haec
1275 1150 1339 1212 duo
1362 1151 1421 1215 bae

123 1265 197 1324 duae
221 1269 251 1323 ct
278 1260 365 1322 ambo
393 1267 423 1320 et
450 1258 568 1327 ambae,
600 1257 706 1318 borum
728 1257 854 1339 duorum
876 1264 905 1318 ct
928 1255 1082 1317 amborum
1103 1255 1209 1315 barum
1231 1253 1368 1315 duarum
1390 1262 1422 1316 et

123 1364 292 1433 ambarum,
322 1362 438 1422 duobus
465 1368 495 1421 ct
524 1358 668 1420 ambobus
695 1357 809 1420 duabus
832 1365 861 1419 et
883 1358 1040 1428 ambabus,
1065 1358 1137 1420 diros
1159 1365 1188 1417 ct
1211 1355 1320 1418 ambos
1343 1356 1421 1419 duas

126 1476 156 1528 et
177 1465 287 1534 ambas,
311 1465 369 1524 duo
392 1470 422 1523 et
444 1461 538 1530 ambo,
563 1461 679 1522 duobus
701 1469 730 1522 et
752 1459 894 1522 ambobus
916 1460 1031 1522 duabus
1053 1468 1083 1521 et
1104 1457 1258 1521 ambabus.
1431 1472 1457 1513 ιο

207 1566 230 1626 V
252 1568 410 1627 terminata
439 1567 503 1624 sine
534 1565 735 1624 controversia
763 1565 862 1624 neutri
886 1565 1008 1640 generis
1030 1568 1150 1623 suntet
1172 1567 1297 1641 quartae
1322 1562 1419 1623 decli·

123 1671 266 1738 nationis,
291 1675 390 1746 aptota
415 1670 444 1728 in
468 1666 614 1743 singulari
637 1684 775 1735 uunrcro,
799 1668 830 1725 in
852 1664 959 1745 plurali
975 1664 1177 1732 declinantur,
1201 1671 1230 1724 et
1252 1671 1326 1725 suut
1348 1683 1419 1745 per·

124 1790 227 1851 pauca.
272 1789 287 1829 e
316 1768 425 1848 quibus
453 1768 599 1847 pluralem
627 1786 784 1828 numerum
812 1764 980 1851 admitltunt
1008 1785 1085 1845 genu
1108 1783 1201 1825 cornu
1224 1784 1298 1827 veru
1322 1786 1419 1846 specu

123 1874 254 1942 tonitru;
278 1877 377 1931 cetera
401 1889 518 1949 semper
540 1870 716 1947 singularia,
741 1877 773 1930 ut
795 1870 850 1930 hoc
872 1888 941 1929 seru
963 1869 1030 1947 gelu
1053 1887 1128 1948 pecu
1150 1874 1239 1929 testu.
1286 1870 1419 1931 dicimus

124 1982 222 2036 tamen
245 1973 369 2033 ethaeo
392 1979 467 2032 testa
490 1980 519 2031 et
541 1972 597 2033 hoc
620 1991 719 2052 pecus.
1430 1982 1454 2025 u

209 2075 242 2136 dl
270 2074 383 2154 syllaba
406 2075 487 2134 linita
511 2077 608 2135 neutri
638 2083 706 2135 sunt
735 2077 854 2152 generis
876 2082 906 2134 et
928 2075 1034 2135 tertiae
1057 2073 1279 2144 declinationis,
1302 2081 1339 2136 ut
1362 2076 1419 2137 boc

124 2178 233 2240 animal
267 2176 418 2244 animalis,
447 2176 504 2235 boc
531 2177 671 2253 vectigal,
701 2177 758 2236 boc
785 2176 930 2245 trilnrnal,
960 2175 1015 2236 boc
1043 2171 1202 2255 luperllcal.
1246 2195 1343 2238 unum
1371 2186 1419 2240 est

124 2279 277 2340 masculini
301 2279 420 2355 generis
442 2278 691 2356 monosyllabum,
716 2278 764 2338 bic
788 2279 828 2339 sal
853 2278 936 2347 salis,
961 2284 990 2338 et
1011 2277 1136 2338 barbara
1152 2281 1286 2357 propria,
1311 2288 1346 2342 ut
1368 2281 1419 2341 bic

125 2380 271 2442 Hannibal
301 2378 467 2438 llasdrubal
503 2379 633 2441 lliemsal
667 2381 824 2441 Adherbal.
870 2381 889 2440 il
923 2380 1034 2460 syllaba
1068 2382 1224 2441 terminata
1256 2383 1419 2445 masculini

124 2491 194 2543 sunt
216 2482 350 2560 generis,
375 2480 424 2540 bic
448 2481 528 2558 pugil
550 2483 599 2541 hic
622 2483 728 2558 rnugil;
742 2483 803 2542 ‘sed
820 2483 965 2543 luvenalis
987 2482 1036 2542 hic
1057 2482 1175 2559 mugilis
1196 2486 1456 2547 nominativum»

125 2585 215 2645 dixit:
245 2601 336 2643 aurun
364 2585 545 2651 communis,
574 2584 624 2642 bic
652 2592 680 2643 et
709 2584 782 2643 baec
810 2585 895 2662 vigil,
926 2603 1016 2644 rurum
1039 2585 1190 2654 seminini,
1220 2585 1295 2646 haec
1317 2585 1417 2649 'laua-

125 2680 203 2767 q'uil:
227 2694 256 2746 et
279 2686 377 2744 omnia
400 2685 535 2763 exemplo
558 2687 663 2745 tertiae
687 2685 894 2747 declirmtiouis
917 2687 1119 2747 inllcctuntur.
1151 2685 1192 2766 [ol
1215 2705 1308 2748 unum
1332 2691 1417 2750 inre·

125 2791 207 2849 nitur
229 2787 384 2847 masculini
408 2788 543 2863 generis,
568 2795 600 2848 nt
621 2787 670 2848 bic
693 2785 762 2866 sol]
797 2787 827 2847 ul
850 2787 961 2866 syllaba
984 2789 1065 2849 linita
1088 2790 1145 2849 (ltro
1167 2797 1235 2849 sunt
1257 2792 1420 2853 masculini

125 2891 260 2968 generis,
290 2888 339 2948 bic
367 2889 484 2958 consul,
519 2888 568 2948 hic
597 2890 729 2968 praesul,
763 2909 854 2949 unum
883 2893 1061 2961 communiS,
1090 2891 1139 2950 hic
1167 2899 1196 2951 et
1224 2890 1298 2952 haec
1326 2894 1420 2955 exul:

124 2992 228 3052 ‘exal
252 2991 369 3051 adbuc
392 2992 490 3050 iacet
512 2989 640 3052 umbra
663 2992 800 3052 alneis’:
825 3000 853 3052 et
876 3001 945 3052 sunt
968 2995 1073 3053 tertiae
1096 2993 1317 3064 declinationis,
1344 3003 1457 3058 con-¹⁵

126 3093 197 3153 sulis
220 3092 314 3153 exulis
336 3093 490 3171 praesulis.
1344 3076 1349 3087 ’

209 3195 263 3254 Vm
286 3193 398 3273 syllaba
420 3197 577 3255 terminata
600 3198 719 3272 golteris
741 3203 809 3257 sunt
830 3198 929 3255 neutri
952 3205 981 3256 et
1004 3197 1127 3257 secundi
1150 3198 1278 3266 ordinis,
1302 3208 1337 3259 ut
1360 3200 1420 3262 boc

123 3297 215 3357 telum
238 3296 305 3363 teli,
330 3296 444 3356 caelum
466 3297 556 3364 caeli,
581 3296 690 3356 bellum
714 3297 800 3366 belli,
825 3315 949 3374 reguum
971 3301 1071 3375 regni,
1096 3301 1187 3360 latum
1210 3300 1273 3359 lati.
1304 3302 1337 3361 in
1360 3302 1420 3364 hac

125 3399 315 3458 extremitate
339 3398 421 3458 nulla
443 3398 500 3460 sibi
525 3399 622 3458 locum
645 3398 823 3476 ambiguitas
847 3399 986 3461 vindicat.

209 3498 252 3559 En
282 3499 393 3579 syllaba
421 3501 564 3560 liniuntur
591 3502 601 3559 i
630 3501 722 3561 vocali
750 3503 918 3580 praeposita
946 3501 1003 3562 duo
1032 3509 1146 3562 tantum
1176 3503 1262 3563 modo
1291 3508 1460 3582 generis³⁰

194 3703 206 3752 1
228 3716 303 3750 arnam
319 3702 403 3766 ponde
420 3701 495 3754 Cbor.
512 3701 555 3759 35,
570 3704 612 3754 21.
627 3718 683 3752 exe.
702 3704 777 3757 Odor.
795 3704 855 3763 551,
876 3702 908 3755 10
992 3706 1021 3756 11
1042 3720 1057 3753 u
1075 3707 1207 3755 terminata
1226 3706 1301 3757 (lber.
1319 3707 1371 3775 31,
1388 3714 1417 3766 4.

125 3771 167 3833 35,
187 3770 221 3820 30
304 3771 336 3822 td
354 3774 377 3820 al
404 3772 503 3835 syllaba
522 3771 597 3824 Odor.
618 3775 667 3834 25,
688 3773 719 3823 15
801 3773 834 3823 20
852 3774 893 3823 hic
912 3775 990 3840 mugil
1007 3775 1082 3828 Cbar.
1105 3776 1163 3837 107,
1180 3776 1204 3826 6.
1229 3776 1293 3841 136,
1309 3780 1346 3828 22
1442 3796 1457 3817 Α

125 3839 414 3972 Ziaprlgylllplpazcbar.
429 3841 527 3906 30,11.
547 3857 604 3891 exc.
626 3842 699 3891 Clror.
720 3843 780 3905 514,
799 3844 814 3892 5
901 3843 935 3894 30
958 3861 988 3895 ea
1013 3846 1111 3908 syllaba
1132 3846 1268 3905 01αν,28,
1292 3849 1336 3903 le.
1355 3866 1418 3903 exe.

150 4031 228 4036 --.--
254 4031 424 4038 -,-.-.

194 4095 271 4145 5etsi
292 4099 434 4146 communia
454 4113 512 4148 esse
530 4098 662 4146 rideantur
683 4100 867 4151 Lindemanaae
936 4104 1114 4154 daccasatiuo
1131 4122 1148 4170 p
1167 4107 1191 4154 in
1210 4106 1359 4158 accusatiuo
1376 4110 1420 4173 ῖς

125 4166 340 4214 inaccusatiuum
356 4167 411 4215 Pa·
495 4168 641 4217 efferuntl’
726 4171 904 4222 icommuuia
924 4174 1062 4234 (communi
1078 4172 1112 4236 F)
1127 4175 1168 4223 bic
1186 4186 1210 4223 et
1225 4175 1287 4225 baec
1301 4176 1354 4228 duo
1374 4182 1418 4230 nel

125 4235 192 4285 duae
215 4242 240 4284 et
262 4235 335 4284 ambo
355 4245 380 4286 et
398 4238 487 4287 amhae
505 4239 594 4287 borum
613 4238 720 4288 duorum
742 4249 766 4288 et
786 4244 916 4292 amborum
934 4243 974 4307 (et
991 4245 1120 4293 amborum
1143 4261 1187 4295 ona
1208 4247 1241 4303 F,
1258 4246 1318 4295 add.
1335 4247 1372 4313 s)
1390 4262 1420 4300 et

125 4306 232 4354 duarum
251 4314 275 4354 ct
293 4306 422 4355 ambarum
438 4308 537 4357 duobus
556 4318 579 4357 et
599 4309 722 4358 ambobus
743 4311 854 4373 (duabus
872 4322 895 4363 et
914 4315 1036 4364 ambabus
1055 4315 1115 4367 arld.
1133 4317 1163 4375 f)
1186 4316 1250 4364 (laos
1275 4325 1300 4365 et
1323 4319 1418 4369 ambos

124 4377 189 4424 duas
214 4384 237 4424 et
263 4376 350 4426 ambas
373 4378 423 4426 duo
448 4386 474 4427 et
496 4378 569 4427 ambo
587 4375 666 4442 (duae
686 4390 710 4428 et
728 4383 817 4430 ambae
835 4383 897 4434 add.
914 4383 945 4444 s)
969 4384 1067 4434 duobus
1087 4394 1111 4433 et
1128 4384 1250 4434 ambobus
1269 4386 1372 4436 duabus
1390 4399 1418 4439 et

124 4445 246 4496 ambabus
265 4445 319 4494 PF
368 4449 400 4498 12
419 4456 443 4496 et
460 4459 518 4498 suat
536 4464 664 4514 perpauca
681 4450 773 4513 quibus
786 4452 811 4498 P
824 4462 851 4500 ut
864 4460 923 4501 sant
940 4455 955 4517 p
973 4469 1067 4518 paneae
1086 4457 1177 4518 quibus
1195 4455 1220 4503 F
1235 4464 1258 4504 et
1277 4464 1338 4505 sunt
1356 4474 1414 4522 per·

124 4530 205 4581 pauca
223 4530 287 4580 quae
301 4516 338 4578 [ς
391 4517 422 4567 15
439 4517 593 4567 haectestea
611 4520 636 4568 F
703 4529 727 4569 et
746 4521 933 4587 baecpeeua3
1005 4524 1037 4574 19
1055 4524 1174 4575 asdrubal
1195 4526 1219 4573 P
1235 4525 1373 4577 basdrobal
1393 4530 1423 4578 F

175 4584 198 4634 el
217 4586 300 4634 neutri
317 4587 419 4652 generis
439 4596 497 4636 sunt
516 4598 542 4636 ut
561 4589 609 4638 mel
626 4597 649 4637 et
671 4588 713 4643 iel.
733 4591 750 4638 il
771 4590 869 4655 syllaba
888 4592 1019 4641 terminata
1038 4608 1054 4649 ς
1107 4596 1141 4644 20
1155 4595 1279 4643 iuuenalis
1295 4594 1340 4644 hic
1358 4613 1418 4648 mtr-

125 4653 193 4719 gilas
208 4656 247 4706 F:
265 4656 351 4709 laven.
368 4665 417 4710 ant.
437 4656 478 4717 10,
498 4656 547 4708 317
616 4660 1078 4727 2201-s010m.P,ada.F95
1148 4666 1181 4715 2⁴
1200 4665 1241 4713 hic
1264 4674 1288 4713 et
1306 4675 1332 4714 et
1351 4667 1419 4720 haec

126 4723 185 4772 exul
209 4725 292 4774 adbuc
313 4727 373 4775 iacit
393 4727 481 4776 umbra
501 4727 572 4776 ducis
592 4727 698 4778 lucanus
715 4731 751 4778 F:
768 4732 865 4779 Lucan.
883 4731 1002 4782 Pbcrsal.
1021 4735 1077 4782 Vlll
1097 4734 1147 4784 837
1218 4732 1252 4783 30
1265 4750 1295 4783 en
1313 4737 1419 4801 syllaba

126 4808 191 4859 quae
207 4793 327 4845 liniuntur
346 4810 364 4854 ς
433 4797 534 4863 generis
551 4799 681 4847 masculini
698 4799 842 4862 (rrraseuliui
859 4803 961 4866 generis
976 4801 1005 4865 ς)
1024 4812 1083 4853 sunt
1096 4813 1122 4853 ut
1141 4804 1181 4853 bie
1200 4805 1252 4853 rien
1270 4804 1317 4862 Fa·
