3346 5498
747 426 818 488 ARS
1358 422 1421 488 491

135 612 206 698 ipse
240 611 445 697 Augustinus
479 619 608 676 retract.
637 611 654 675 I
682 611 718 692 6,
741 633 804 691 per
830 616 908 674 idem
935 622 1062 690 tempus,
1092 631 1152 689 quo
1180 614 1350 674 Mediolani
1371 613 1426 685 sui

135 719 314 794 baptismum
333 724 546 794 percepturus,
570 719 661 777 etium
682 718 915 793 disciplinarum
935 717 1028 777 libros
1049 724 1176 777 conotus
1196 733 1259 777 sum
1280 716 1423 792 subere,

136 822 331 895 intercurris
356 837 407 880 eos
434 823 626 894 quintorum
654 824 744 878 erum
770 827 860 894 utque
887 820 926 879 ub
947 819 1036 879 bouus
1057 819 1140 879 modi
1157 819 1264 878 uudirs
1285 833 1345 878 nou
1366 817 1425 876 ub-

135 923 309 997 horrebunt,
330 939 390 999 per
410 924 585 998 corporalia
606 923 729 997 cupiens
750 921 794 979 nd
813 923 1023 995 incorporalia
1044 920 1220 995 quisbusdam
1242 922 1332 995 quusi
1345 935 1426 995 pas-

135 1026 215 1085 sibus
241 1027 333 1086 certis
361 1026 407 1084 oei
430 1026 593 1100 peruenire
620 1026 666 1083 uel
693 1024 813 1084 durus.
850 1025 907 1083 sed
926 1038 1029 1084 eonem
1050 1025 1144 1083 scium
1166 1024 1205 1083 de
1223 1024 1425 1096 urammatieu

134 1129 243 1188 liberem
265 1128 419 1187 absolvere
434 1130 538 1202 potui,
570 1143 656 1201 quem
682 1135 789 1202 postea
818 1126 856 1184 de
882 1127 1020 1186 armario
1046 1133 1149 1186 nostro
1165 1125 1308 1201 perdidi,
1337 1131 1367 1184 et
1388 1124 1427 1183 de

135 1221 251 1291 musica
276 1247 332 1289 sex
358 1231 524 1303 uolumine,
554 1234 697 1304 quantum
725 1230 831 1287 attinet
858 1228 902 1286 nd
932 1243 998 1287 enm
1029 1234 1149 1302 purtem
1177 1243 1257 1302 quoe
1290 1226 1427 1302 rythmus

135 1340 272 1394 vocatur.
308 1347 408 1413 quare
430 1348 504 1391 cum
526 1336 559 1390 et
579 1325 665 1390 hunc
687 1325 727 1390 de
750 1334 820 1390 arte
841 1325 1056 1410 grammatica
1076 1324 1196 1390 librum
1211 1334 1243 1389 et
1263 1325 1428 1411 principia

136 1427 327 1494 dialecticae
348 1439 381 1494 et
403 1428 585 1494 rhetoricae
612 1429 654 1494 ab
682 1428 869 1513 Augustino
898 1429 1020 1514 scripta
1047 1449 1119 1492 esse
1146 1437 1318 1512 negarent,
1346 1425 1427 1491 haec

136 1530 245 1596 omnia
265 1530 351 1594 inter
373 1552 473 1617 opera
495 1529 588 1594 ‘olim
610 1529 674 1616 ipsi
688 1551 860 1617 perperam
876 1529 1060 1615 adscripta'
1083 1529 1118 1593 in
1138 1529 1320 1616 appendice
1346 1528 1427 1594 tomi

134 1633 232 1720 primi
258 1655 291 1718 p.
313 1632 376 1697 599
405 1654 475 1718 sqq.
505 1632 735 1699 exhibuerunt.
778 1641 951 1720 postquam
982 1653 1061 1698 vero
1094 1654 1200 1697 novus
1233 1640 1266 1696 et
1297 1631 1339 1696 ab
1371 1629 1426 1694 illo

134 1734 231 1821 plane
253 1734 403 1800 diversus
426 1732 467 1797 de
490 1743 560 1799 arte
582 1736 796 1819 grammatica
810 1733 894 1800 liber
908 1736 1142 1815 inventus-est,
1164 1731 1221 1798 illo
1243 1731 1427 1819 antiquiore

135 1836 200 1900 iam
233 1835 333 1922 vulgo
366 1837 451 1899 inter
485 1837 653 1922 supposita
685 1838 822 1918 reiecto,
861 1837 949 1901 hunc
980 1858 1038 1922 pro
1074 1836 1215 1920 genuino
1247 1833 1427 1920 Augustini

135 1937 292 2025 opusculo
324 1937 454 2003 habere·
478 1960 542 2003 non
571 1937 737 2004 dubitavit
768 1937 892 2020 Maius,
925 1939 1074 2025 quamvis
1103 1937 1213 2002 abiis
1242 1958 1327 2023 quae
1356 1937 1426 2023 ipse

136 2041 340 2126 Augustinus
364 2039 404 2103 de
428 2040 543 2105 studiis
566 2042 633 2105 suis
656 2040 876 2126 grammaticis
891 2041 926 2104 in
945 2038 1029 2106 libro
1044 2041 1312 2106 retractationum
1333 2060 1426 2126 prae-

135 2142 224 2207 dicat
245 2164 311 2207 non
339 2141 447 2206 minus
475 2140 601 2206 alienus
630 2144 680 2207 sit.
726 2144 852 2207 saniore
880 2141 1000 2208 iudicio
1022 2165 1102 2207 usus
1124 2142 1179 2206 W.
1203 2141 1369 2207 Orecelius
1392 2142 1427 2205 in

134 2243 278 2329 August.
305 2244 346 2308 de
374 2241 503 2308 dialect.
533 2241 758 2328 (Elberieldae
780 2266 809 2309 a.
835 2244 929 2326 1857)
952 2266 985 2330 p.
1008 2245 1028 2309 3
1055 2246 1221 2332 epitomen
1247 2243 1333 2308 hanc
1354 2264 1426 2308 esse

135 2345 279 2429 censuit,
308 2368 405 2432 quam
432 2344 649 2411 Cassiodorus
679 2369 699 2409 a
726 2367 761 2410 se
788 2346 971 2411 confectam
999 2368 1070 2411 esse
1099 2347 1222 2412 diceret
1244 2345 1286 2412 de
1308 2355 1370 2411 art.
1393 2355 1427 2412 et

136 2446 261 2535 discipl.
289 2469 317 2511 c.
342 2450 375 2527 l,
398 2454 501 2512 sedet
521 2461 655 2513 sunctum
679 2453 876 2527 Aucustinum
897 2460 1030 2530 propter
1050 2456 1269 2530 simplicitatem
1287 2453 1426 2525 fratruo

135 2556 264 2615 breuiter·
285 2555 492 2615 instruendum
515 2557 620 2630 aliqua
642 2556 680 2614 de
700 2556 803 2615 ecdem
824 2557 910 2615 titulo
925 2551 980 2635 (de
1003 2560 1073 2617 arte
1094 2552 1320 2637 grammatica)
1343 2559 1426 2617 scri-

129 2659 227 2732 psisse
248 2659 428 2732 reperimus,
460 2674 539 2733 qaue
566 2658 645 2718 criu
666 2658 835 2717 lectitando
856 2660 1045 2732 reliquimus,
1069 2661 1201 2734 nequid
1221 2659 1347 2718 rudibus
1368 2659 1425 2718 de-

134 2775 198 2818 esse
218 2760 372 2833 uideutur,
402 2762 457 2833 qui
482 2761 526 2819 ud
552 2766 655 2819 tuntue
681 2761 824 2820 scientiae
849 2761 982 2820 cumina
1005 2768 1246 2836 praeparantur.
1285 2754 1424 2840 denique

135 2855 297 2921 Weberus
325 2878 358 2941 p.
380 2857 402 2918 4
428 2857 673 2942 inscriptionem
700 2855 793 2940 libri,
822 2867 925 2921 artem
952 2878 1011 2943 pro
1038 2856 1179 2921 fratrum
1201 2856 1424 2922 mediocritate

135 2957 333 3038 breviatam,
356 2958 403 3021 ita
425 2951 656 3044 interpretatus
678 2967 745 3043 est,
772 2967 809 3021 ut
836 2980 979 3044 eaquae
1001 2959 1208 3043 Augustinus
1231 2958 1355 3044 scripta
1376 2979 1424 3022 re

135 3059 285 3145 liquisset
306 3069 382 3146 post
404 3071 542 3125 mortem
564 3060 633 3122 eius
656 3058 691 3121 in
712 3081 809 3123 usum
830 3058 971 3123 fratrum
985 3059 1272 3125 Benedictinorum
1292 3060 1328 3123 in
1348 3080 1424 3125 con-

134 3160 288 3246 pendium
317 3161 448 3225 redacta
474 3181 546 3225 esse
576 3159 707 3225 diceret.
753 3183 794 3224 ex
821 3160 962 3242 genuino
990 3171 1100 3226 autem
1127 3161 1308 3246 Augustini
1339 3160 1423 3225 libro

135 3263 218 3327 banc
240 3274 343 3328 artem
366 3272 528 3348 sumptam
556 3283 627 3325 esse
655 3262 850 3350 conprobari
879 3261 984 3328 voluit
1005 3262 1123 3349 punico
1145 3261 1305 3328 vocabulo
1327 3266 1425 3327 delius

135 3363 168 3427 in
195 3374 335 3430 tractatu
363 3364 404 3426 de
432 3363 636 3429 barbarismo
664 3363 785 3450 posito,
814 3385 877 3450 quo
905 3373 981 3428 ante
1009 3386 1083 3428 cum
1104 3387 1184 3428 usus
1213 3373 1284 3429 erat
1304 3363 1423 3445 Maius,

134 3475 171 3529 ut
192 3466 253 3530 boc
274 3475 440 3551 tamquam
461 3465 639 3529 certissimo
662 3475 853 3550 argumento
876 3467 1100 3550 Augustinum
1122 3489 1194 3531 esse
1215 3465 1291 3530 libri
1313 3475 1422 3532 aucto·

135 3590 202 3630 rem
226 3568 472 3632 demonstraret.
503 3589 578 3649 nos,
601 3590 684 3651 quae
705 3576 816 3653 partes
831 3566 867 3631 in
880 3566 931 3632 his
954 3566 1048 3632 libris
1070 3569 1258 3654 Augustino
1279 3567 1423 3634 tribuen-

135 3671 197 3733 dae
219 3669 298 3748 sint,
327 3692 392 3732 non
420 3668 551 3755 copiose
579 3668 830 3755 disputabimus.
874 3668 932 3733 sed
959 3668 1024 3734 fide
1046 3668 1203 3734 librorum
1225 3692 1324 3735 manu
1345 3671 1423 3735 scri-

136 3782 278 3856 ptorum,
312 3792 448 3856 quorum
479 3771 708 3858 inscriptiones
742 3793 843 3857 supra
875 3771 1001 3857 positae
1037 3780 1128 3852 sunt,
1164 3769 1246 3836 illud
1282 3782 1421 3854 constat,

134 3882 305 3957 utrumque
326 3870 464 3955 librum,
491 3872 642 3959 quamvis
670 3873 705 3936 in
732 3873 848 3938 eodem
874 3883 1065 3957 argumento
1087 3883 1251 3956 versetur,
1273 3884 1383 3940 tamen
1403 3896 1424 3937 a

134 3974 366 4062 posterioribus
389 3975 610 4059 grammaticis
631 3977 689 4039 uni
709 3975 896 4062 Augustino
922 3975 1082 4040 tributum
1113 3997 1196 4039 esse.
1240 3997 1315 4041 nam
1338 3975 1424 4040 sicut

135 4100 154 4140 a
175 4077 305 4141 Donato
337 4077 471 4163 eiusque
499 4076 732 4164 interpretibus
760 4099 800 4142 ea
825 4098 902 4163 pars
930 4086 1086 4162 quaeest
1114 4076 1155 4141 de
1178 4086 1251 4144 octo
1273 4078 1423 4164 partibus

135 4179 289 4242 orationis
312 4179 362 4243 bis
386 4188 528 4244 tractata
550 4187 615 4261 est,
638 4179 687 4242 ita
708 4201 750 4243 ex
771 4178 823 4244 his
838 4177 1018 4264 Augustini
1039 4176 1132 4243 libris
1156 4181 1213 4267 qui
1233 4180 1424 4246 ferebantur

135 4278 272 4345 alterum
293 4281 419 4367 primae
441 4279 592 4347 editionis
615 4278 724 4346 locum
745 4280 892 4348 obtinere
906 4278 1082 4347 voluenmt
1095 4282 1299 4367 grammatici
1321 4302 1423 4366 eaque

136 4382 176 4446 de
209 4405 309 4447 causa
340 4405 398 4469 pro
431 4382 655 4448 mediocritate
687 4381 826 4448 fratrum
861 4382 1046 4449 breviatum
1079 4383 1245 4467 dicebant,
1282 4380 1423 4447 alterum

136 4487 229 4571 quasi
251 4485 474 4565 eruditiorem,
497 4495 673 4571 propterea
693 4483 780 4571 quod
807 4483 1018 4572 amplioribus
1046 4484 1229 4572 praeceptis
1255 4491 1288 4546 et
1315 4504 1422 4547 exem·

137 4586 198 4670 plis
231 4585 317 4650 illius
350 4588 542 4651 tenuitatem
574 4585 755 4675 suppleret,
787 4585 973 4672 regularum
1010 4588 1141 4651 nomine
1176 4585 1422 4670 inscripserunt.

122 4669 201 4750 'iam
223 4710 300 4753 vero
322 4688 402 4775 quid
424 4710 465 4751 ex
487 4686 571 4753 libro
586 4688 779 4775 Augustini,
803 4710 900 4776 quem
920 4685 976 4753 ille
999 4687 1040 4753 de
1061 4687 1275 4775 grammatica
1296 4697 1366 4752 arte
1388 4708 1424 4752 se

138 4789 310 4875 scripsisse
333 4790 428 4872 dicit,
452 4789 495 4854 ad
516 4788 618 4855 libros
640 4792 675 4856 in
695 4791 779 4857 hunc
801 4790 940 4856 formam
960 4788 1110 4856 redactos
1132 4799 1348 4876 propagatum
1370 4790 1424 4874 sit,

139 4890 203 4954 dici
225 4914 289 4958 non
310 4903 434 4978 potest,
457 4890 619 4979 siquidem
639 4903 753 4960 neuter
779 4895 1002 4982 incorruptam
1022 4890 1111 4957 illius
1134 4913 1267 4956 manum
1288 4911 1367 4979 prae
1388 4912 1424 4955 se

1154 4993 1221 5061 32*
