3346 5498
227 369 290 433 612
782 370 963 435 tlacneuu

252 492 274 532 p.
288 480 346 520 2745.
360 481 386 519 id
400 479 423 519 P.

123 568 171 617 148
183 568 213 618 V.
227 562 314 621 tertia
342 559 379 620 ad
406 560 565 619 see-ueniant
591 560 738 640 lenpritur3
767 566 834 639 apte
862 579 979 640 querpre
1001 580 1018 620 a
1040 557 1182 637 singulari
1206 575 1357 627 numero,
1388 548 1541 637 καὶγὰρ

227 660 291 734 πᾶς
317 644 460 742 ἀριθμὸς
489 656 526 723 εἰι
553 656 712 741 μονάδων
733 657 907 741 σύγκειται
927 655 950 744 ή
973 659 1011 724 ἐκ
1032 654 1178 742 μονάδος
1199 655 1415 739 κατάγεται,
1448 667 1484 721 et
1515 661 1540 721 si

227 767 324 825 erneis
346 763 502 824 multitude
524 771 638 825 constat
661 783 696 825 ex
719 764 853 843 singulis,
882 774 963 826 reete
992 771 1038 825 est
1058 765 1219 843 praemissa
1243 764 1352 824 unitas
1374 770 1410 823 et
1435 770 1539 823 secuta

226 865 419 946 populositas.
464 868 541 926 iuste
569 869 657 927 etiam
686 886 702 926 a
730 870 894 947 praesenti:
929 886 965 928 ex
987 868 1110 927 instanti
1132 865 1212 926 enirn
1235 872 1381 945 ternpore
1406 872 1539 945 possunt

227 967 341 1049 reliqua
369 970 517 1046 cognosci,
541 986 600 1028 nen
622 970 736 1030 instans
757 970 913 1049 apparebit
935 988 971 1029 ex
994 968 1132 1048 reliepdS,
1161 966 1315 1047 siquidem
1341 958 1434 1047 [ἀπὸ
1459 958 1560 1047 tondi

228 1068 328 1149 λείβω
351 1068 474 1149 λείβεις
494 1076 586 1130 ποιεῖ
605 1061 763 1149 ἀόριστον
782 1069 909 1151 ἔλειψα,
932 1065 1098 1151 μέλλοντα
1121 1067 1240 1147 λείψω,
1274 1070 1353 1130 item
1376 1054 1540 1129 ἀπὸτοῦ

228 1171 331 1233 λείπω
354 1173 387 1232 lit
408 1164 563 1251 ιίόριστος
585 1170 701 1244 ἔλειψα
722 1168 778 1233 καὶ
795 1168 927 1253 μὲλλων
943 1170 1057 1248 λείψω.
1087 1189 1155 1233 curn
1169 1189 1241 1250 ergo
1257 1170 1329 1231 dice
1344 1169 1396 1230 rel
1414 1166 1540 1245 ἕλειψα

227 1274 271 1334 rel
295 1272 417 1352 λείψω,
440 1274 517 1354 qued
540 1293 606 1334 esse
629 1275 717 1337 veum
739 1277 828 1337 liuius
850 1294 993 1356 praesens
1014 1273 1098 1334 verbi
1121 1281 1251 1353 tenipus,
1286 1275 1450 1334 incertum
1473 1282 1538 1345 est;

228 1395 296 1437 eum
319 1384 418 1437 autern
433 1360 500 1437 ‹llee
522 1374 626 1437 λείπω
649 1384 700 1438 aut
716 1376 830 1458 λείβω,
853 1378 890 1438 de
911 1378 1036 1457 reliquis
1058 1378 1124 1437 eius
1146 1373 1334 1455 temporibus
1357 1393 1457 1437 neme
1481 1375 1538 1437 du·

228 1479 311 1540 bitat.
354 1471 505 1559 ήρχόμην
526 1479 724 1558 inperfectum
745 1488 862 1560 tempus
884 1488 929 1541 est
951 1500 967 1541 a
990 1481 1140 1559 praesenti
1161 1474 1313 1557 ἔρχομαι,
1342 1478 1498 1539 similiter
1519 1492 1570 1539 all

229 1582 378 1659 praesenti
400 1574 553 1660 ἄρχομαι.
599 1599 666 1642 curn
694 1599 766 1660 ergo
793 1583 860 1643 dico
881 1573 1050 1661 ήρχόμήν,
1074 1583 1219 1641 ineertunr
1242 1580 1397 1660 relinquo,
1430 1588 1537 1643 uuum

227 1682 382 1745 veniebam
408 1701 444 1743 an
472 1674 652 1763 incipiebam
682 1684 814 1762 intellegi
845 1682 947 1753 veliin,
971 1692 1001 1743 et
1023 1683 1090 1744 idee
1114 1675 1257 1753 ἐνεστώς
1284 1683 1352 1743 eius
1378 1684 1413 1744 in
1439 1681 1537 1744 dubio

228 1794 282 1857 est,
306 1784 442 1866 ἔρχομαι
464 1788 562 1846 sitan
585 1779 742 1866 ι’ίρχομαιε
766 1805 833 1847 euin
856 1805 926 1846 rere
948 1785 1015 1846 ‹lie-e
1036 1779 1180 1864 ἄρχομαι
1202 1790 1252 1843 aut
1270 1780 1431 1865 ἔρχομαι,
1456 1785 1536 1847 nibil

228 1889 264 1949 de
293 1889 457 1967 inperfecte
485 1887 681 1949 dubitabitur.
726 1891 965 1967 coniugationuni
993 1906 1110 1968 queque
1139 1886 1328 1947 diversitates
1358 1888 1395 1947 in
1419 1906 1539 1967 graeco

228 1992 377 2070 latineque
406 1989 496 2050 verite
524 2009 666 2070 praesens
693 1991 777 2061 lacit,
812 1997 918 2063 ποιεῖς
943 1990 1040 2071 τιμᾷς
1066 1989 1264 2068 στεφανοῖς;’
1294 2006 1353 2048 uon
1386 1992 1450 2052 nisi
1487 1994 1569 2053 iu-rs

229 2093 335 2152 stantis
357 2092 487 2153 secunda
510 2112 635 2171 persona
658 2093 816 2163 discernit;
840 2100 973 2153 ceterum
996 2097 1026 2153 in
1049 2090 1215 2170 πεποίηκα
1237 2098 1266 2150 et
1287 2089 1479 2172 τετίμήκα,
1505 2096 1536 2155 in

229 2189 356 2273 ποιήσω
379 2200 409 2253 et
430 2190 574 2274 τιμήσω,
597 2198 668 2255 ἰῖοοι
692 2198 723 2256 in
746 2190 886 2256 ἐποίουν
908 2203 937 2255 et
968 2183 1135 2273 ἕχρύσουν
1152 2179 1239 2253 ¹rudia
1268 2192 1431 2255 diseretio.
1482 2195 1535 2257 sed

230 2301 258 2353 et
281 2297 310 2354 in
334 2291 534 2373 βαρυτόνοις
554 2292 668 2356 τύπτω
692 2301 804 2375 prunae
827 2316 892 2357 esse
915 2297 1132 2373 eorriugatienis
1151 2295 1264 2355 iaciunt
1279 2276 1380 2356 π’καὶ
1397 2314 1429 2375 τ,
1455 2317 1534 2378 quae

229 2399 260 2457 in
283 2399 449 2475 praesentis
471 2400 566 2476 prirna
590 2417 715 2477 persona
739 2419 764 2459 ω
788 2399 915 2460 litteram
939 2397 1125 2466 antecedunt,
1148 2416 1222 2477 (perae
1246 2399 1330 2473 signa
1346 2398 1469 2461 desunt
1485 2410 1531 2465 et.

230 2502 259 2560 in
282 2493 410 2578 τέτυφα
432 2507 461 2559 et
484 2501 512 2560 in
536 2497 642 2575 ἔτυψα
665 2510 694 2560 et
718 2503 747 2560 iu
769 2495 874 2575 τύψω.
904 2496 989 2578 λε’γω
1010 2507 1132 2578 prepter
1154 2498 1337 2577 yseeuudae
1363 2510 1425 2569 est,
1451 2501 1566 2581 qrrodn

230 2605 347 2679 sigruun
375 2600 486 2662 babere
515 2603 625 2663 desiuit
647 2605 678 2663 in
701 2597 819 2682 λε’λεχα
841 2597 936 2675 ἔλεξα
958 2595 1055 2674 tego:
1089 2603 1133 2661 sie
1166 2603 1195 2661 in
1230 2600 1357 2679 reliquis
1382 2606 1532 2682 ceuiuga·

229 2702 371 2765 tionibus.
416 2722 556 2782 praeseus
585 2712 701 2784 tenipus
729 2692 858 2766 ostendit
886 2712 915 2763 et
942 2721 1052 2781 genera
1076 2703 1244 2764 verborum.
1289 2721 1358 2763 narn
1396 2708 1533 2767 aetivunt

228 2814 279 2867 aiut
300 2812 437 2865 neutrurn
461 2805 590 2866 Graecus
611 2806 772 2885 intellegit,
801 2810 826 2868 si
856 2809 886 2867 iu
914 2825 940 2866 ω
968 2825 1109 2886 praesens
1136 2804 1260 2873 desinat,
1289 2806 1449 2883 passiruru
1486 2807 1533 2868 rel

124 2916 382 2969 leuv.eernrnune
410 2914 440 2967 et
467 2907 514 2967 bis
541 2909 664 2977 siurilia,
695 2911 720 2971 si
749 2912 778 2970 iu
806 2929 874 2989 μαι.
920 2908 1087 2968 declinandi
1116 2916 1213 2968 auteur
1237 2905 1321 2966 verbi
1343 2911 1448 2969 series
1472 2928 1531 2971 uon

228 3012 286 3071 uisi
308 3029 375 3070 cunt
397 3009 433 3069 de
456 3010 552 3071 niudis
575 3018 717 3072 tractatur
739 3020 870 3091 apparet.
904 3010 975 3070 hine
996 3009 1101 3071 ulredus
1123 3009 1199 3088 apud
1222 3007 1351 3069 Graecos
1376 3007 1563 3089 ἔγκλισιςει

229 3120 426 3191 nuncupatur,
451 3113 479 3172 id
503 3121 548 3173 est
571 3108 609 3174 ἐν
632 3099 659 3192 ᾦ
679 3105 700 3192 ή
723 3112 840 3186 κλίσις.

313 3212 355 3274 lle
378 3214 573 3274 declinatione
596 3216 758 3275 indicativi.
803 3235 889 3276 ornne
919 3214 995 3294 apud
1018 3213 1147 3274 Graecos
1169 3213 1291 3273 rerburn
1324 3212 1531 3278 indicativum

230 3319 259 3376 in
283 3336 308 3376 ω
332 3316 485 3386 desinens
514 3335 566 3377 seu
590 3315 753 3397 berytenou
781 3337 834 3377 seu
857 3320 1097 3405 perisperpenurn
1121 3318 1174 3385 sil,
1203 3333 1256 3376 seu
1278 3319 1453 3393 praesentis
1477 3337 1531 3379 seu

229 3420 333 3486 luturi,
356 3420 435 3478 orrini
458 3419 544 3479 niodo
567 3420 596 3478 in
620 3420 767 3480 secundae
790 3439 934 3498 personae
956 3420 1013 3478 dure
1031 3417 1243 3498 diphthongum
1268 3416 1376 3477 lrabeat
1400 3438 1532 3482 neeesse

229 3529 283 3590 est,
309 3521 337 3580 id
362 3527 406 3580 est
429 3517 509 3580 ἰῶτα
532 3522 577 3582 vel
600 3539 666 3581 eruin
691 3540 718 3598 ε,
742 3530 774 3581 ut
797 3527 914 3599 ποιεῖς,
938 3521 982 3579 rel
1006 3538 1072 3580 eum
1096 3540 1129 3598 α,
1153 3528 1184 3580 ut
1206 3519 1312 3600 τιμᾷς,
1335 3520 1383 3581 vel
1407 3540 1485 3584 eum
1501 3541 1567 3603 ο,ω

230 3631 262 3683 ut
285 3618 412 3701 ὃήλοῖς;
437 3624 468 3681 in
490 3626 570 3683 ernni
593 3631 690 3684 autern
714 3624 815 3683 lutino
838 3641 905 3682 eum
928 3640 955 3699 ε,
979 3629 1011 3681 ut
1033 3617 1166 3702 νοήσεις
1185 3617 1319 3702 βοήσεις
1334 3608 1534 3703 χρυσώσεις

229 3718 332 3795 λε’ξεις
353 3720 480 3797 τύψεις.
524 3726 595 3785 itenu
618 3728 647 3785 in
670 3727 750 3786 ornni
772 3743 880 3804 graeco
903 3723 993 3784 verbu
1016 3727 1100 3786 errius
1123 3725 1217 3803 prirna
1240 3725 1349 3801 positio
1373 3726 1404 3784 in
1432 3745 1463 3786 ω
1480 3726 1533 3787 de·

158 3848 167 3861 ·
230 3825 456 3896 sinitseeunda
483 3845 608 3905 persona
637 3830 745 3889 antisse
774 3826 874 3907 σίγμα
902 3828 1020 3887 tertiani
1049 3828 1129 3887 lauit.
1173 3844 1258 3886 enine
1281 3824 1406 3886 verbum
1446 3830 1482 3889 in
1506 3848 1534 3890 ω

230 3908 369 3986 desinens
395 3931 606 4007 euiusnunque
634 3932 852 4007 rotliugatienis
881 3938 910 3989 et
944 3929 1087 4006 ternporis
1115 3923 1335 4004 ἰσοσυλλαβεῖ
1359 3928 1391 3987 in
1427 3932 1534 4007 prima

230 4028 359 4088 secunda
388 4036 417 4087 et
440 4032 526 4089 tertia
548 4048 691 4109 persona,
722 4032 807 4091 ποιῶ
829 4037 934 4103 ποιεῖς
956 4036 1059 4108 ποιεῖ,
1085 4025 1151 4105 ἐρῶ
1174 4025 1253 4109 ἐρᾷς
1276 4024 1347 4108 ε’ρᾷ,
1383 4021 1573 4112 ἀργυρεῖα

229 4122 390 4208 ἀργυροῖς
411 4122 564 4209 ἀργυροῖ,
587 4127 673 4210 λέγω
696 4126 802 4210 λέγεις
824 4128 923 4210 λέγει,
947 4127 1028 4206 λίξω
1051 4126 1155 4204 λέξεις
1176 4125 1277 4207 λέξει,
1303 4125 1421 4208 νοήσω
1448 4130 1535 4215 νοή-

231 4246 300 4304 σεις
321 4226 446 4311 νοήσει.
485 4235 515 4292 in
539 4233 638 4294 verbis
661 4237 691 4295 iu
716 4254 741 4294 ω
764 4233 970 4295 desinentibus
992 4237 1090 4314 prirua
1114 4232 1235 4312 pluralis
1258 4252 1273 4290 a
1297 4233 1396 4310 ptrirna
1422 4237 1536 4315 singu·

230 4335 286 4395 lari
310 4335 350 4403 sn,
375 4352 498 4412 operose
523 4343 618 4395 tartneu
643 4356 675 4396 ae
699 4339 790 4397 varie.
836 4340 864 4397 iu
888 4339 1036 4416 praesenti
1061 4338 1140 4397 eiriur
1164 4342 1295 4412 ternpore
1318 4351 1383 4413 μεν
1412 4337 1537 4416 syllaba

230 4456 349 4516 sernper
376 4436 521 4506 adultum
553 4438 604 4497 sed
633 4439 718 4499 illerde
747 4439 820 4502 rdltil
850 4438 968 4498 additur
990 4439 1033 4499 vel
1057 4445 1253 4519 permutatur,
1283 4436 1369 4496 utin
1393 4442 1537 4503 secunda

349 4608 533 4615 ——..-

300 4728 312 4774 1
326 4716 452 4806 καὶγὰρ]
467 4741 492 4777 ει
505 4743 559 4804 γριρ
573 4712 624 4789 Ρή
638 4721 691 4792 γάρ
704 4728 784 4778 Iernos
852 4731 868 4777 2
887 4715 905 4791 ἢ
917 4718 947 4777 εἰι
960 4719 1086 4791 μονάδος
1098 4721 1252 4805 surriperent
1266 4725 1346 4774 Ianus
1359 4732 1541 4794 ηρμοναόος

230 4810 385 4858 ααταγεται
398 4795 422 4843 P
434 4812 449 4859 ή
463 4810 553 4861 μονας
565 4796 740 4861 καθηγεῖται
756 4800 863 4847 coniecit
877 4795 1024 4859 Opsepeens
1092 4798 1107 4844 4
1120 4791 1288 4861 populositas]
1305 4795 1426 4856 fortasse
1442 4801 1539 4867 plnre-

231 4862 289 4914 litas
356 4864 389 4914 26
401 4863 427 4914 id
439 4871 478 4914 est
490 4879 521 4915 εν
534 4881 566 4915 ωι
580 4864 685 4923 exitere
697 4866 722 4914 P
788 4867 818 4915 31
833 4864 926 4922 δελοις
939 4864 964 4913 Ρ
1031 4864 1063 4914 38
1080 4879 1138 4929 μην
1150 4865 1174 4914 Ρ
