3346 5498
667 371 902 434 conuuttt'vu
1374 371 1435 436 129

1259 481 1409 534 prr-nr.

140 557 278 618 turaliter
301 557 387 634 longa
411 566 464 625 est,
488 566 515 617 ta
540 558 713 619 naturaliter
736 558 834 619 brevis
857 565 915 627 est,
942 555 948 640 Ι
972 559 1194 620 circumflexum
1218 558 1310 621 habet
1330 578 1435 621 aecen-

139 667 213 720 tum.
258 658 288 718 id
317 666 361 719 εει
391 657 509 737 quando
538 669 582 720 est
610 660 766 721 trochaeus
789 658 979 729 naturaliter,
1008 671 1078 721 tune
1107 670 1152 721 est
1173 662 1383 722 circumflexus
1405 665 1435 724 in

138 759 306 842 disyllabis;
329 760 416 821 aliter
439 779 497 820 non
522 760 605 831 lieet,
629 768 752 840 utputa
774 766 851 822 meta
868 763 953 823 Creta
970 763 1071 823 Roma.
1103 781 1174 824 eece
1196 763 1285 824 modo
1308 766 1436 825 circum·

138 863 234 924 tlexus
262 873 305 923 est
332 870 463 932 tautum,
493 862 570 939 quod
599 865 682 942 prior
709 864 885 924 naturaliter
907 863 993 942 longa
1018 873 1063 924 est
1085 872 1113 924 et
1135 864 1237 925 ultima
1261 865 1437 927 naturaliter

111 963 249 1025 strevis.
279 964 365 1025 aliter
387 983 457 1031 vero
473 966 753 1045 quomodocumque
776 968 833 1026 iam
858 974 975 1026 acutum
998 968 1118 1027 laoiunt.
1149 966 1218 1046 quid
1241 969 1266 1027 si
1289 969 1437 1047 positione

138 1065 228 1144 longa
252 1067 308 1125 siti
337 1074 441 1127 acutus
469 1074 525 1136 εει,
548 1075 672 1146 utputa
694 1068 791 1136 airma;
815 1076 918 1128 acutus
941 1076 994 1127 est.
1040 1067 1111 1147 quid
1134 1069 1159 1126 si
1182 1070 1264 1147 prior
1286 1068 1386 1130 brevis
1408 1078 1439 1130 et

138 1169 288 1248 posterior
316 1166 422 1246 longai
450 1176 554 1228 acutus
583 1175 641 1237 est,
670 1176 703 1227 ut
730 1177 800 1247 puta
828 1171 945 1249 parens.
991 1169 1062 1249 quid
1090 1172 1115 1229 si
1138 1169 1242 1229 ambae
1264 1169 1438 1231 naturaliter

139 1269 247 1348 longae
269 1272 345 1330 sint?
373 1278 489 1330 acutum
513 1269 640 1338 babent,
664 1277 696 1330 ut
718 1279 762 1331 est
785 1271 874 1348 leges.
920 1281 949 1333 et
971 1290 1063 1352 quare
1092 1272 1165 1332 boel
1193 1270 1241 1331 lea
1264 1271 1438 1332 naturaliter

135 1371 228 1450 longa
252 1381 312 1439 εει,
337 1380 366 1431 ει
389 1371 516 1432 diximus
537 1373 712 1434 naturaliter
736 1373 839 1452 longas
861 1373 1059 1455 paenultimas
1081 1362 1303 1434 eircumllexum
1326 1373 1438 1435 babere

100 1481 312 1542 reaccensum
335 1473 387 1534 sed
411 1493 470 1534 non
493 1477 629 1552 sequitur
652 1475 766 1545 breviS,
790 1484 823 1536 ut
844 1478 882 1536 sit
904 1475 1069 1536 trochaeus.
1100 1494 1168 1535 nam
1191 1474 1272 1553 leges
1287 1474 1438 1555 spondeus

140 1583 196 1636 est
242 1594 313 1653 ergo
341 1582 413 1635 tune
441 1584 487 1635 est
513 1578 736 1646 circumflexus,
766 1577 884 1658 quando
914 1580 997 1656 prior
1025 1578 1199 1639 naturaliter
1226 1576 1314 1655 longa
1343 1585 1387 1638 est
1409 1584 1439 1637 et

140 1677 246 1739 ultima
261 1676 436 1738 naturaliter
453 1676 560 1738 brevis.
591 1698 660 1738 eece
683 1678 776 1740 babes
798 1682 856 1739 iam
880 1682 968 1739 etiam
992 1678 1030 1739 de
1045 1677 1211 1758 disyllabis
1235 1679 1324 1738 modo
1341 1678 1437 1738 ridea-

140 1799 208 1840 mus
231 1779 269 1839 de
291 1778 460 1858 trisyllabis.

226 1882 360 1942 Diximus
382 1883 521 1959 quoniam
545 1883 631 1942 tertia
654 1901 670 1942 a
693 1884 751 1943 fine
774 1902 833 1943 non
857 1891 954 1962 potest
976 1882 1087 1943 babere
1110 1885 1168 1943 nisi
1190 1892 1309 1942 acutum
1332 1896 1508 1958 accen-tao,
1522 1896 1553 1945 et

100 1996 127 2036 1⁵
141 1990 222 2051 tum;
253 2002 311 2044 uon
341 1983 420 2044 lieet.
466 2002 537 2062 ergo
565 1983 625 2043 noli
654 2002 813 2061 quaerere,
842 1983 937 2062 qualis
964 1987 1017 2044 sit:
1051 1988 1111 2045 sive
1139 1989 1321 2045 naturaliter
1346 1987 1439 2059 Ionae

140 2088 203 2146 sire
230 2087 377 2165 positione
399 2084 487 2162 longa
509 2090 570 2145 sire
593 2085 766 2146 naturaliter
789 2085 903 2155 brevis,
934 2105 993 2147 non
1023 2086 1111 2146 babet
1133 2088 1189 2146 nisi
1211 2095 1341 2147 acutum.
1386 2083 1438 2145 sed

138 2186 212 2248 illud
237 2185 440 2264 quaerendum
462 2187 547 2247 nobis
569 2197 627 2257 est,
653 2187 770 2265 quando
793 2187 915 2258 babeat,
940 2189 1006 2265 quia
1030 2195 1059 2247 et
1080 2190 1135 2248 ista
1158 2187 1269 2248 babere
1291 2196 1389 2266 potest
1411 2194 1441 2246 et

139 2293 211 2358 ista,
241 2307 279 2350 ne
307 2306 440 2349 erremus
463 2298 493 2348 et
515 2286 647 2349 dieamus
669 2291 757 2351 istam
780 2289 906 2359 babere,
935 2308 1003 2351 eum
1026 2291 1081 2349 ista
1104 2288 1221 2350 babeat.
1268 2306 1339 2366 ergo
1361 2290 1456 2362 seire,

141 2391 285 2452 debemus
312 2390 369 2451 boe
396 2392 597 2451 firmissimum
626 2410 704 2464 esse.
735 2391 739 2472 l
769 2400 838 2452 tune
869 2394 987 2452 tertiam
1015 2409 1030 2450 a
1060 2393 1118 2451 tine
1139 2390 1252 2452 babere
1274 2399 1439 2468 accentum,

98 2492 262 2573 ”quomo
290 2493 420 2554 secunda
448 2511 464 2551 a
493 2493 551 2553 tine
578 2492 754 2554 naturaliter
777 2493 874 2554 brevis
896 2503 949 2554 est.
995 2492 1154 2562 Romulus,
1179 2513 1213 2554 ro
1235 2493 1321 2571 longa
1345 2503 1389 2552 est
1412 2500 1441 2553 et

141 2614 194 2656 mu
224 2593 398 2656 naturaliter
426 2593 525 2654 brevis
552 2602 610 2664 est;
640 2614 712 2673 ergo
740 2598 878 2675 quoniam
907 2604 935 2656 et
962 2615 997 2655 ro
1028 2594 1198 2656 naturaliter
1227 2594 1314 2673 longa
1344 2604 1388 2655 est
1411 2602 1441 2654 et

141 2716 209 2767 mu,
234 2713 311 2774 quae
334 2704 379 2756 est
401 2696 530 2757 secunda
553 2715 569 2757 a
592 2698 664 2767 sme,
688 2697 861 2759 naturaliter
885 2695 983 2758 brevis
1006 2707 1065 2766 est,
1091 2706 1195 2757 acutus
1218 2705 1357 2757 accentus
1380 2704 1438 2757 est:

141 2801 304 2872 maximus,
334 2800 472 2877 optimus.
518 2817 577 2859 non
605 2798 674 2860 licet
702 2810 735 2860 ut
763 2801 849 2859 tertia
872 2818 888 2859 a
910 2793 969 2859 tine
991 2798 1099 2860 babeat
1121 2807 1289 2873 accentum,
1314 2800 1371 2858 nisi
1393 2807 1463 2858 se·'

141 2901 240 2962 cunda
262 2919 279 2960 a
302 2901 360 2961 flue
382 2899 555 2961 naturaliter
583 2898 682 2961 brevis
710 2904 755 2962 sit.
794 2919 865 2962 ecee
887 2901 979 2961 babes
1001 2903 1145 2961 rationem
1167 2903 1274 2962 tertiae
1296 2899 1439 2978 syllabae:

97 3018 129 3057 es
144 3001 217 3062 tolle
240 3004 356 3062 tertiam
379 3022 396 3063 a
418 3003 491 3070 fine,
516 3003 547 3061 ει
567 3004 624 3062 iam
648 3003 823 3083 disyllabum
847 3012 899 3063 est.
945 3005 970 3063 si
994 3004 1071 3063 enim
1094 3002 1250 3063 sustuleris
1272 3004 1357 3062 istam
1381 3009 1439 3061 ter·

139 3107 228 3170 tiam,
252 3122 409 3165 remanere
424 3103 535 3164 habeut
551 3103 637 3165 duae.
668 3107 692 3165 si
715 3107 914 3188 remanseriut
930 3105 1021 3173 duae,
1045 3106 1121 3164 ratio
1138 3103 1349 3184 ‹lisyllaborum
1372 3104 1438 3162 erit.

141 3207 272 3267 diximus
299 3208 328 3265 in
359 3208 474 3266 ratione
502 3205 713 3286 disyllaborum
742 3226 801 3266 non
831 3225 919 3285 posse
952 3208 1078 3266 inveniri
1110 3206 1348 3273 circumflexum,
1383 3205 1439 3264 nisi

141 3306 262 3385 quando
284 3309 339 3367 ista
364 3307 535 3369 naturaliter
557 3308 644 3386 longa
668 3315 697 3369 et
720 3308 821 3370 ultima
846 3306 1020 3369 naturaliter
1043 3306 1141 3367 brevis
1162 3310 1208 3367 sit.
1240 3326 1311 3386 ergo
1335 3306 1439 3380 Cethe-

140 3427 216 3488 gus,
241 3407 311 3469 tolle
333 3409 403 3470 inde
426 3429 475 3477 ce,
499 3418 633 3470 remanet
655 3408 770 3488 tbegus.
808 3411 914 3487 tbegus
937 3412 988 3487 qui
1011 3428 1064 3489 pes
1088 3411 1149 3469 esti
1172 3409 1344 3470 trochaeus:
1370 3426 1441 3486 ergo

98 3510 352 3571 ourcumuexus
381 3513 447 3572 erit.
493 3511 562 3589 quid
586 3515 610 3572 si
633 3510 714 3572 dicas
737 3504 842 3572 cethei
870 3513 1011 3589 quoniam
1035 3530 1094 3571 non
1119 3520 1165 3572 est
1185 3512 1358 3580 trochaeus,
1381 3512 1439 3570 iam

140 3621 250 3673 acutus
279 3614 345 3672 erit.
390 3612 460 3690 quid
489 3615 514 3673 si
543 3613 624 3674 dieas
646 3613 797 3674 Metellus?
827 3612 865 3673 tel
888 3612 982 3693 qualis
1006 3615 1070 3674 esti
1097 3615 1245 3693 positione
1267 3612 1353 3690 longa
1378 3619 1438 3672 est:

142 3733 217 3793 ergo
240 3733 364 3776 neeesse
387 3721 485 3775 estut
507 3723 609 3775 acutus
633 3723 772 3775 accentus
795 3718 842 3776 sit.
874 3734 945 3794 ergo
968 3715 1029 3776 noli
1051 3724 1080 3775 te
1102 3718 1132 3775 in
1148 3715 1279 3775 diversas
1302 3712 1441 3792 ambages

141 3819 280 3886 mittere,
305 3816 356 3877 sed
372 3824 482 3886 tracta,
506 3817 624 3894 quando
647 3816 754 3877 debeat
776 3827 930 3879 accentum
953 3816 1080 3885 babere;
1104 3826 1176 3878 tune
1199 3825 1297 3877 autem
1320 3814 1443 3876 babebit

140 3927 300 3980 accentum
337 3921 422 3979 tertia
458 3939 473 3980 a
504 3923 577 3989 tine,
612 3919 730 3996 quando
757 3919 887 3980 secunda
917 3938 933 3979 a
960 3920 1019 3979 fine
1048 3919 1222 3980 naturaliter
1252 3918 1350 3978 brevis
1386 3924 1439 3982 est.

100 4036 126 4075 ³⁵
140 4020 260 4084 sublata
290 4022 376 4081 tertia
399 4039 415 4080 a
438 4022 496 4080 line
524 4040 590 4083 eum
614 4023 811 4081 remanserint
834 4022 922 4090 duae,
953 4021 1033 4082 redis
1055 4021 1090 4081 ad
1114 4025 1259 4083 rationem
1282 4018 1441 4098 disyllabo·

139 4143 225 4192 rum,
249 4132 279 4182 et
301 4122 377 4183 bane
400 4141 483 4183 serva
506 4125 662 4183 rationem.
687 4122 691 4202 l

193 4223 195 4227 ’
230 4223 374 4304 Quicquid
396 4227 526 4304 pertinet
548 4225 584 4284 ad
608 4235 761 4294 accentus,
790 4225 847 4286 hoo
870 4236 930 4293 est;
961 4245 1016 4286 nee¹
1038 4233 1137 4304 potest
1160 4224 1282 4285 ulterius
1304 4225 1439 4304 reperiri.

139 4380 265 4388 -.υ--
274 4379 449 4393 —r———-

214 4449 231 4496 Ἰ
251 4460 344 4511 parens
362 4444 387 4493 B
404 4446 589 4496 heldemannus
607 4448 681 4495 arens
695 4448 719 4495 Α
726 4448 747 4497 C
816 4448 876 4510 quid
895 4449 917 4495 si
935 4447 1024 4496 ambae
1044 4446 1136 4511 longae
1152 4449 1201 4497 sint
1221 4445 1283 4510 quid
1301 4447 1321 4494 si
1342 4454 1441 4493 natura·

139 4519 201 4568 liter
218 4518 313 4581 longae
337 4528 397 4565 sunt
414 4526 514 4565 neutum
533 4515 626 4564 babent
646 4528 672 4565 ut
690 4526 729 4567 est
748 4517 818 4583 leges
840 4527 863 4564 et
883 4532 961 4578 quare
984 4516 1024 4565 lex
1044 4527 1067 4564 et
1088 4532 1166 4578 quare
1185 4516 1233 4567 hoc
1254 4517 1294 4566 lex
1312 4516 1337 4563 Α
1409 4513 1440 4562 12

139 4591 193 4638 iam
213 4587 290 4635 etiam
309 4586 374 4635 Bo:
394 4589 533 4636 etiamom.
555 4586 603 4635 CA
676 4588 707 4638 15
726 4589 781 4636 sire
802 4581 948 4636 natiualiter
971 4587 1047 4652 longa
1067 4603 1113 4640 om,
1137 4587 1219 4637 ABG
1289 4586 1318 4634 ll
1339 4583 1441 4646 quiaet

140 4661 191 4707 ista
207 4657 396 4706 Lindemonuur
416 4657 476 4720 quia
494 4667 519 4704 et
537 4658 593 4719 ipsa
612 4655 694 4706 ABG
763 4659 796 4706 22
814 4667 902 4705 acutus
920 4666 1039 4706 accentus
1061 4665 1099 4704 est
1116 4656 1157 4704 Oa
1174 4666 1198 4705 et
1216 4664 1334 4704 accentus
1351 4661 1441 4701 acutus

140 4737 181 4776 est
200 4725 259 4775 AB
328 4728 361 4775 2⁴
377 4742 436 4775 ecee
455 4725 533 4775 babes
552 4725 606 4775 Ao
621 4741 678 4776 ecee
698 4725 761 4777 babe
780 4727 841 4775 Bo:
858 4728 973 4790 sortasse
992 4741 1049 4776 eece
1068 4726 1147 4774 habes
1161 4728 1281 4774 rationem
1296 4723 1442 4786 trisyllabo-

140 4812 200 4847 rum
287 4796 555 4846 etinuenireABe
632 4795 666 4846 ιθ
685 4796 761 4863 longa
777 4807 815 4845 εει
833 4806 856 4845 ει
875 4795 957 4845 Aac
1038 4795 1071 4847 29
1087 4796 1130 4858 qui
1148 4810 1193 4859 pes
1213 4795 1254 4845 Co
1273 4792 1442 4857 quippeAB

216 4864 251 4915 33
270 4865 360 4915 debeat
378 4877 479 4915 neotum
500 4865 592 4914 babere
609 4866 690 4917 ABG
763 4864 795 4916 37
817 4868 927 4930 reperire
943 4867 968 4914 A

196 4955 375 4999 ιιιιιιιιιιιτιει
391 4955 483 4997 marm
497 4956 524 4996 v.
1218 4948 1238 5010 9
