3346 5498
272 373 337 438 234
838 372 990 434 POMPEI!

315 511 320 524 .
334 485 422 524 sto-13
436 483 457 522 ι.

273 496 393 625 tiopnem.
438 563 507 643 quid
531 570 574 623 est
596 560 685 623 adirlo
708 561 829 639 etquid
853 568 898 622 est
919 559 1043 620 adulor?
1066 560 1137 620 dicit
1158 559 1368 621 discretionem
1390 577 1560 639 percarus.

273 666 391 747 quando
417 669 460 726 vis
487 667 572 744 quasi
601 666 723 725 activam
751 665 993 741 significationem
1027 662 1232 731 introducere,
1265 665 1468 722 accusativum
1492 661 1559 736 soe,

272 771 364 829 odolo
384 771 485 837 ilium·
506 769 629 842 quondo
650 770 693 827 vis
714 769 802 842 quusi
817 769 970 842 passivam
991 767 1236 844 cipnificationem
1258 766 1463 839 introducere,
1487 763 1561 824 dati·

273 890 339 931 vum
362 872 417 938 iac,
442 868 545 931 adulor
566 868 624 929 illi:
649 877 678 929 et
699 868 787 929 adulo
809 867 892 929 illum
915 877 945 928 et
967 867 1070 928 adulor
1091 866 1144 927 illi.
1176 873 1259 927 etro
1282 885 1349 927 vero
1372 867 1450 927 hauc
1471 868 1561 928 ratio·

273 992 340 1034 nem
371 974 459 1033 etiam
484 972 587 1033 Cicero
614 980 734 1032 secutus
763 980 820 1031 est:
849 989 917 1031 nam
944 972 975 1030 in
1003 972 1062 1031 line
1088 970 1263 1030 Pisonianae
1284 971 1315 1030 in
1338 970 1442 1030 ultimo
1465 971 1589 1049 capitor

271 1078 312 1136 ito
335 1075 420 1144 dixit,
446 1080 590 1133 ‘omnes
618 1071 859 1143 adulantem',
888 1092 947 1133 nou
975 1072 1049 1132 dixit
1070 1070 1225 1131 ‘omnibus
1247 1070 1445 1133 adulantem'.
1491 1088 1562 1150 ergo

272 1176 375 1238 adulor
397 1176 439 1237 illi
462 1175 587 1236 dicimus
611 1172 656 1255 [ot
678 1172 765 1234 adulo
787 1175 845 1255 illi]
870 1185 899 1236 et
920 1174 1009 1235 adulo
1029 1173 1122 1235 illum.

356 1279 414 1340 lsta
436 1280 495 1339 ianr
517 1295 594 1357 quae
615 1283 757 1338 secuntur
778 1277 852 1337 levia
874 1285 954 1339 sunt:
978 1284 1132 1357 praeterea
1155 1277 1232 1337 scire
1255 1275 1400 1339 debemus
1423 1294 1489 1338 esse
1510 1275 1563 1337 ali·

272 1401 329 1463 qua
351 1381 441 1443 verba
468 1380 614 1460 simplicia
641 1397 716 1457 quoe
740 1380 744 1461 l
767 1387 892 1459 possunt
918 1381 982 1440 lieri
1010 1381 1178 1459 conposite,
1208 1397 1273 1440 csse
1295 1379 1394 1460 aliqua
1417 1378 1562 1458 simplicio

272 1503 346 1565 quae
369 1502 429 1544 non
451 1489 578 1563 possunt
599 1484 664 1544 lieri
685 1483 850 1562 conposito,
875 1501 940 1543 esse
962 1481 1059 1559 aliqua
1082 1483 1236 1561 conposito
1259 1499 1334 1559 quae
1356 1500 1417 1542 non
1439 1489 1564 1561 possunt
1576 1504 1603 1544 ro

272 1588 337 1647 lieri
358 1585 518 1666 simplicia,
544 1604 607 1646 esse
629 1585 726 1665 aliqua
749 1586 901 1664 conposita
923 1602 998 1664 quae
1021 1590 1143 1664 possunt
1158 1585 1222 1645 lieri
1236 1583 1392 1664 simplicia.
1421 1591 1563 1662 quattuor

271 1697 341 1749 sunt
361 1707 424 1749 res:
450 1696 495 1749 est
516 1686 640 1768 simplex
655 1687 734 1767 quod
749 1695 848 1766 potest
870 1706 934 1747 esse
957 1689 1159 1767 conpositum,
1182 1693 1215 1746 ut
1235 1693 1307 1766 puta
1328 1704 1407 1766 pono
1430 1705 1562 1766 repono;

168 1796 170 1801 ’
273 1800 319 1852 est
349 1790 473 1871 simplex
501 1789 578 1869 quod
605 1809 665 1851 uon
693 1798 791 1870 potest
823 1808 887 1850 esse
916 1791 1117 1869 conpositum,
1152 1791 1213 1859 aio,
1247 1789 1329 1848 renio
1360 1807 1447 1848 uerno
1476 1788 1562 1857 dicit:

272 1913 398 1974 quaeso,
421 1910 564 1970 requaeso
580 1910 668 1953 nemo
684 1892 763 1952 dicit.
794 1893 865 1952 item
889 1911 904 1951 e
928 1894 1079 1953 contrario
1102 1899 1146 1952 est
1161 1893 1347 1971 conpositum
1364 1891 1442 1970 quod
1464 1898 1564 1970 potest

272 1997 337 2056 lieri
360 1994 502 2074 simplex,
526 2002 558 2055 ut
579 1995 636 2055 hoc
657 1997 755 2075 ipsum
772 1993 850 2072 quod
874 1995 949 2064 dixi,
972 2013 1100 2074 repono;
1125 2005 1171 2056 est
1192 1995 1377 2072 conpositum
1401 1992 1481 2070 quod
1503 2011 1563 2054 non
1578 2015 1605 2058 15

272 2105 371 2177 potest
392 2098 456 2157 lieri
479 2097 617 2177 simplex,
641 2105 674 2157 nt
695 2096 836 2177 conpleo,
860 2115 948 2158 nemo
970 2104 1069 2178 potest
1091 2097 1190 2158 dicere
1212 2096 1289 2178 pleo.

356 2199 500 2259 Accidunt
522 2202 612 2260 ctiam
634 2201 766 2269 numeri,
781 2199 946 2277 'singularis
962 2207 991 2258 et
1006 2199 1142 2280 pluralis:
1167 2199 1326 2278 singularis
1342 2197 1423 2275 lego,
1440 2195 1563 2277 pluralis

272 2300 407 2378 legimus.
453 2310 673 2380 temptaverunt
701 2321 760 2362 non
787 2301 862 2362 nulli
894 2301 994 2363 dicere
1026 2302 1162 2362 accidere
1195 2302 1285 2362 verbo
1320 2303 1410 2360 etiem
1444 2299 1563 2361 dualem

273 2402 356 2463 illum
379 2421 535 2464 numerum
559 2423 706 2482 graecum.
753 2404 874 2473 Graeci,
904 2403 1020 2483 qnando
1044 2404 1080 2464 de
1103 2422 1162 2464 uuo
1184 2404 1359 2483 loquuntur,
1388 2402 1429 2461 ita
1452 2402 1563 2472 dicunt,

272 2510 368 2565 ‘unus
390 2506 479 2566 horno
502 2505 607 2583 legit';
632 2505 750 2585 quando
766 2487 809 2565 de*
824 2504 937 2574 multis,
961 2505 1132 2575 nedicunt,
1157 2494 1258 2566 ‘multi
1274 2506 1409 2566 homines
1425 2504 1561 2583 legunt';
1578 2527 1607 2568 eo

273 2606 389 2685 quando
417 2607 454 2667 de
482 2606 610 2676 duobus,
642 2626 698 2667 nec
726 2606 797 2685 legit
823 2607 926 2668 dicunt
952 2627 1008 2668 nec
1035 2607 1150 2686 legunt,
1180 2608 1232 2668 sed
1254 2607 1365 2686 legere.
1409 2609 1565 2686 quaeritur

272 2717 371 2771 utrum
395 2709 444 2770 hic
466 2696 608 2770 n'umerus
630 2711 723 2790 possit
745 2710 859 2770 admitti
882 2709 917 2769 ad
941 2709 1122 2771 latinitatem.
1154 2712 1194 2770 ait
1209 2710 1340 2770 lionutus
1363 2715 1441 2771 ‘non
1456 2719 1563 2790 potest,

271 2830 365 2891 genus
388 2818 432 2873 est
454 2814 591 2889 ligurae'.
631 2819 660 2872 et
682 2831 715 2871 re
738 2830 821 2881 vera,
846 2812 965 2889 quaudo
987 2820 1112 2891 possunt
1134 2812 1233 2873 dicere
1256 2812 1293 2872 de
1316 2815 1487 2892 quingentis
1509 2815 1563 2875 ho·

272 2913 401 2975 minibus
423 2915 532 2992 legero.
571 2923 713 2994 quantum
736 2914 771 2974 ad
793 2933 930 2992 graecam
953 2916 1099 2975 rationem
1121 2918 1264 2995 pertinet,
1288 2934 1347 2976 non
1372 2913 1376 2996 Ι
1398 2923 1485 2995 potes
1507 2914 1567 2976 hoc

272 3016 386 3086 dicere,
410 3016 447 3076 de
470 3015 585 3077 duobus
608 3023 706 3077 autern
729 3024 813 3096 potes
835 3016 943 3077 dicere.
989 3016 1089 3092 legere
1111 3027 1208 3078 autem
1232 3017 1351 3095 qnando
1374 3017 1450 3086 dico,
1475 3026 1506 3079 et
1527 3018 1566 3079 de
1580 3040 1609 3082 εει

272 3117 386 3179 duobus
414 3127 499 3198 potes
528 3118 628 3178 dicere
657 3127 686 3180 et
713 3120 749 3178 de
776 3120 885 3179 multis.
930 3127 958 3179 et
991 3119 1060 3197 quid
1085 3128 1129 3180 est
1150 3119 1268 3197 legere?
1292 3119 1363 3179 nihil
1386 3120 1483 3191 aliud,
1508 3123 1566 3182 nisi

272 3220 350 3300 quod
375 3219 576 3298 ellegerunt,
601 3223 668 3297 quia
691 3222 748 3282 hoc
771 3223 917 3299 significat
938 3220 1038 3300 legero
1061 3222 1140 3301 (prod
1163 3221 1308 3299 legerunt.
1353 3241 1447 3301 quare
1470 3222 1566 3283 malu-

273 3330 361 3382 erunt
382 3324 510 3383 maiores
533 3325 626 3383 nostri
649 3323 797 3403 duplicent
820 3324 954 3402 regulam
977 3323 1066 3384 darei
1089 3332 1252 3384 metrorum
1276 3343 1375 3384 causo.
1419 3327 1464 3385 ris
1486 3327 1566 3387 scire

272 3424 410 3503 (moniam
439 3432 562 3504 propter
590 3433 683 3485 metra
711 3426 768 3486 hoc
795 3427 949 3488 iecerunt?
983 3426 1059 3486 iacio
1082 3444 1217 3494 versum,
1241 3445 1294 3504 per
1318 3425 1397 3486 illem
1420 3425 1566 3506 syllabam

272 3534 343 3596 stat,
367 3535 396 3586 et
417 3545 472 3606 per
494 3525 574 3587 illam
598 3546 658 3588 non
680 3535 747 3589 stat.
778 3536 848 3608 puto
871 3529 989 3607 ‘legere
1003 3528 1177 3589 rudentcs':
1200 3527 1301 3605 legere
1323 3529 1466 3590 rudentes
1488 3536 1564 3599 stat;
1581 3550 1608 3590 co

272 3628 411 3706 legerunt
432 3627 589 3697 rudentes,
619 3648 679 3690 uon
706 3638 763 3692 stat
786 3650 896 3692 versus.
943 3649 1014 3709 ergo
1037 3632 1176 3710 quoniam
1200 3639 1268 3690 sunt
1292 3629 1403 3710 aliqua,
1425 3629 1479 3691 ubi
1502 3633 1564 3691 exi-

273 3738 360 3808 gatur
382 3730 478 3791 breuis
501 3730 624 3809 syllaba,
654 3731 763 3811 aliqua,
794 3733 845 3793 ubi
873 3733 976 3811 longa,
1005 3733 1072 3793 ideo
1095 3732 1241 3811 duplicem
1265 3733 1396 3811 regulam
1418 3734 1567 3795 iecerunt.
1625 3761 1631 3770 ·

273 3841 372 3893 tamen
395 3842 537 3912 quantum
560 3834 596 3893 ad
619 3852 738 3894 sensum
761 3837 903 3914 pertinet,
927 3836 984 3897 hoe
1006 3837 1151 3914 significat
1173 3835 1309 3913 legerunt
1331 3834 1409 3913 quod
1431 3835 1544 3914 legere.

357 3934 501 3995 Accidunt
523 3938 650 4013 figurae,
674 3935 800 4015 simplex
824 3944 852 3996 et
875 3941 1042 4018 conposita:
1065 3936 1188 4016 simplex
1213 3946 1270 4007 est,
1294 3947 1326 3998 ut
1348 3937 1428 4016 lego,
1453 3957 1565 4018 conpo-

273 4038 344 4105 sita,
367 4045 400 4096 nt
421 4037 555 4115 neglego.
1578 4058 1603 4098 ce

155 4153 261 4216 betti
357 4139 501 4200 Accidunt
530 4142 617 4202 etiam
646 4148 789 4220 temporo.
835 4150 969 4221 temporo
998 4151 1066 4202 suut
1100 4139 1283 4220 uolturaliter
1315 4145 1386 4213 trie,
1422 4161 1566 4221 praesens

273 4242 464 4322 praeteritum
488 4252 517 4302 et
539 4245 680 4304 futurum.
726 4242 777 4303 scd
800 4242 870 4303 illud
899 4247 1092 4322 praeteritum
1117 4243 1239 4304 solvitur
1262 4246 1293 4305 in
1316 4246 1385 4315 tria,
1409 4247 1440 4304 in
1463 4247 1564 4324 inper-

273 4343 397 4413 fectum,
421 4345 452 4403 in
474 4346 640 4422 perlectum
665 4354 693 4406 et
714 4344 1044 4426 plusquamperfectum.
1077 4342 1147 4425 er'go
1163 4349 1293 4426 quinque
1310 4355 1397 4407 erunt
1413 4356 1563 4427 tempora:

345 4586 407 4634 let
426 4585 487 4647 quid
507 4583 639 4635 odulorB
709 4586 914 4634 'luccucotivum
934 4584 974 4633 luc
992 4611 1025 4620 —
1045 4585 1203 4636 introducere
1226 4601 1270 4635 orn.
1288 4585 1373 4636 ABG
1441 4587 1566 4637 bceeero

273 4653 298 4702 A
385 4656 545 4719 pissoninuue
562 4653 602 4702 B:
627 4656 679 4707 Cie.
698 4657 723 4703 io
736 4657 790 4705 Pu.
808 4657 852 4717 tl,
870 4655 904 4705 99
990 4656 1155 4719 8prnetereu
1176 4657 1201 4705 id
1221 4654 1266 4717 (od
1285 4657 1305 4703 t!
1320 4671 1388 4705 corr.
1409 4656 1435 4705 id
1454 4656 1481 4720 c)
1500 4658 1566 4706 scire

274 4722 358 4773 ABG
419 4724 1012 4791 ‘linonpotrstlroeBCcuonpotecthieA
1075 4726 1366 4789 25ontempotestAG
1430 4728 1567 4791 'ltipotest

275 4792 357 4842 ABG
405 4795 453 4842 nisi
473 4795 539 4857 qrrod
559 4803 584 4841 et
599 4794 672 4843 BCo
688 4795 738 4843 nini
755 4804 780 4842 ct
798 4797 822 4843 A
882 4796 914 4843 27
931 4796 1014 4860 legere
1034 4797 1103 4859 quod
1119 4806 1157 4844 est
1175 4797 1290 4860 legerunt
1307 4796 1331 4843 A
1351 4797 1436 4861 legere
1454 4797 1524 4858 quod
1542 4809 1567 4847 et

276 4862 390 4928 legerunt
406 4862 440 4911 a*
490 4864 524 4913 28
543 4864 651 4913 maiores
664 4864 712 4913 Bo
724 4875 808 4928 potres
822 4867 855 4930 A,
868 4866 951 4917 om.C
1000 4866 1033 4915 29
1053 4881 1154 4916 versum
1168 4867 1353 4916 Linderoormuc
1374 4867 1478 4916 uerbum
1492 4867 1570 4920 ABG
