3346 5498
263 366 327 432 236
832 366 984 428 runem!

289 491 311 531 p.
325 477 413 517 tlt—1⁷
427 476 448 516 L.
1130 503 1137 514 .

265 541 360 626 dicas,
393 557 524 617 occurrit
548 554 605 615 alia
633 557 775 636 quaestio.
821 555 908 616 cuius
935 555 1079 633 temporis
1107 555 1164 614 erit
1192 552 1304 614 dicam?
1341 554 1444 615 futuri.
1488 571 1554 615 cros

264 661 347 720 cuius
370 659 512 738 temporis
534 657 607 740 erit?
629 658 730 719 futuri.
769 660 841 736 'ergo
863 659 914 737 qui
936 657 1008 717 dicit
1030 661 1117 718 ‘cras
1139 656 1253 716 dioam’
1276 656 1392 716 videtur
1412 657 1553 735 quoniam

264 761 321 822 boc
343 761 426 831 dicit,
455 778 514 820 non
537 764 619 820 ‘cras
647 758 777 830 dicam’,
806 759 858 820 sed
887 759 959 819 dicit
980 764 1066 838 ‘post
1087 777 1154 819 cras
1176 758 1298 819 dicam’.
1342 776 1409 819 cras
1437 759 1554 837 siguum

264 869 309 924 est
329 864 418 923 unius
440 864 584 941 temporis
606 862 706 923 loturi.
740 879 808 923 cum
830 864 938 922 iterum
961 863 1075 921 venerit
1096 879 1171 930 cras,
1196 864 1297 920 ‘cras'
1321 859 1391 920 dicit
1412 859 1552 936 ‘dicam’,

265 982 334 1025 ecce
356 963 432 1025 aliud
456 965 598 1033 loturum,
622 970 652 1024 et
673 963 788 1024 videtur
811 965 895 1041 quasi
919 964 1020 1023 vitiose
1041 961 1130 1041 loqui.
1175 961 1313 1023 subtilem
1342 980 1406 1022 rem
1433 964 1579 1024 invene-⁵

264 1075 347 1137 runt,
377 1074 406 1127 et
433 1077 533 1128 tamen
562 1066 652 1128 hodie
678 1048 870 1134 sic'utimnr,
898 1064 983 1125 ‘cras
1010 1063 1134 1125 dicam’.
1181 1082 1239 1124 non
1268 1066 1348 1125 enim
1376 1063 1435 1125 duo
1457 1064 1555 1126 lutura

264 1177 341 1230 sunt.
393 1187 450 1248 qua
478 1170 611 1229 ratione?
648 1168 787 1248 quoniam
816 1167 935 1244 quando
963 1166 1030 1228 dico
1058 1166 1205 1237 ‘dicem',
1237 1168 1397 1247 promissio
1431 1175 1492 1236 est,
1526 1175 1557 1228 et

264 1269 382 1352 quando
405 1270 472 1332 dico
494 1271 608 1341 ‘cras’,
631 1270 790 1350 promissio
813 1276 867 1339 est,
890 1268 920 1328 id
943 1277 987 1330 est
1009 1271 1035 1329 si
1056 1269 1113 1330 boc
1135 1271 1233 1348 ipsum
1255 1269 1384 1330 futurum
1401 1271 1460 1330 iam
1484 1288 1554 1330 con·

227 1424 230 1429 .
263 1376 341 1453 tigit,
372 1373 424 1435 sed
446 1381 477 1434 ct
497 1381 652 1452 postquam
676 1372 853 1450 contigerat,
882 1372 990 1432 iterum
1012 1378 1044 1431 tu
1066 1372 1181 1432 diceres
1203 1370 1282 1432 aliud
1309 1371 1456 1442 futurum,
1486 1379 1556 1433 tunc

265 1484 344 1538 esset
370 1477 521 1554 geminum
550 1475 690 1535 futurum.
735 1480 893 1550 utrumque
920 1480 1016 1534 autem
1045 1472 1148 1535 ‹llllers
1171 1471 1176 1557 Ι
1199 1473 1235 1534 ad
1265 1481 1383 1555 tempus
1412 1475 1554 1545 futurum,
1567 1494 1595 1535 ro

264 1586 294 1639 et
324 1580 381 1639 iam
405 1596 465 1639 non
487 1577 587 1638 dillers
609 1577 646 1638 ad
674 1576 731 1636 duo
759 1585 895 1656 tempora
922 1576 1035 1644 futura,
1065 1575 1118 1636 sed
1146 1575 1182 1636 ad
1209 1595 1309 1637 unum.
1355 1577 1557 1638 animadverte

264 1680 321 1741 boc
343 1683 439 1760 ipsum
462 1678 540 1757 quod
564 1678 646 1749 dico,
676 1685 708 1738 ut
728 1678 891 1756 intellegas.
936 1676 1015 1739 aliud
1039 1685 1097 1746 est,
1128 1677 1247 1757 quando
1273 1678 1338 1739 dico
1361 1678 1467 1741 ‘bodie
1490 1680 1556 1741 dico

265 1791 295 1844 et
320 1801 387 1844 cras
408 1781 533 1842 dicam’.
578 1799 648 1842 ecce
674 1800 708 1841 re
736 1799 804 1841 vera
833 1780 890 1840 duo
917 1790 1051 1858 tempora
1079 1789 1162 1842 sunt:
1195 1781 1355 1858 significavi
1383 1782 1463 1842 enim
1491 1800 1556 1844 rom

264 1883 451 1966 praesentem
480 1891 510 1943 et
532 1901 595 1942 rem
618 1884 758 1944 futuram.
803 1883 918 1962 quando
942 1890 1039 1943 autem
1062 1883 1129 1943 dico
1156 1882 1210 1943 tibi
1233 1888 1317 1944 ‘cras
1342 1883 1466 1952 dicam',
1495 1903 1556 1946 non

264 1989 397 2067 significo
419 1987 552 2070 loturum
575 1991 604 2044 et
627 1985 733 2046 exinde
756 1984 835 2046 aliud
857 1985 1003 2055 loturum,
1032 1985 1084 2046 sed
1112 1984 1170 2044 duo
1192 1986 1290 2046 lutura
1313 1984 1398 2046 simul
1421 2004 1597 2066 pronun-15

264 2092 313 2164 tio,
337 2088 366 2149 id
391 2095 434 2149 est
456 2089 515 2149 duo
538 2088 636 2148 futura
661 2095 731 2149 sunt
753 2095 782 2146 et
803 2086 890 2148 simul
912 2089 1087 2166 signillcaut.
1131 2106 1199 2147 curn
1228 2106 1298 2166 ergo
1326 2095 1443 2167 tempus
1469 2088 1555 2151 adre-

264 2192 352 2265 ncrit,
374 2209 440 2251 cum
464 2189 569 2257 dicam,
593 2208 652 2249 non
676 2189 776 2249 videor
799 2193 882 2266 quasi
898 2208 913 2249 a
929 2189 1060 2249 secundo
1082 2190 1139 2249 iam
1163 2189 1300 2270 conpleto
1318 2190 1461 2252 inchoare
1476 2190 1555 2253 aliud

264 2295 410 2363 futurum,
439 2292 490 2353 sed
519 2293 600 2372 quasi
628 2291 686 2352 duo
714 2292 879 2369 significare
907 2290 942 2352 ad
972 2310 1064 2352 rrnum
1091 2293 1232 2353 loturum.
1283 2300 1313 2352 et
1338 2292 1451 2353 idcirco
1478 2295 1555 2354 iusta

263 2398 379 2457 ratione
401 2395 458 2455 boc
481 2394 597 2455 dicitur.
626 2412 696 2471 ergo
719 2394 813 2471 siquis
835 2392 888 2453 tibi
910 2391 966 2452 boc
988 2395 1096 2455 itcrurn
1118 2393 1203 2463 dicat,
1228 2395 1365 2474 ‘exponis
1380 2394 1452 2455 mibi
1467 2395 1556 2456 bodie

264 2496 467 2565 lectionem‘l'‚
492 2496 518 2556 si
540 2495 636 2556 dicam
660 2498 813 2574 ‘expono’‚
827 2490 1030 2556 ¹soloecismus
1053 2502 1106 2555 est.
1149 2498 1310 2557 nonenim
1334 2498 1470 2577 exponis,
1494 2515 1598 2558 nonso

264 2597 361 2659 adbuc
382 2599 463 2667 lacis,
488 2595 540 2657 sed
562 2598 694 2658 tacturus
717 2617 758 2656 cs
803 2614 874 2674 ergo
897 2615 956 2657 non
979 2596 1080 2657 debuit
1101 2596 1200 2658 dicere
1223 2599 1384 2677 ‘expono’,
1408 2598 1462 2658 sed
1485 2601 1555 2659 ‘ex-

264 2705 399 2781 ponam’.
443 2702 514 2760 item
542 2701 572 2759 in
601 2700 743 2779 perlectis
765 2697 949 2778 temporibus
972 2707 1001 2759 et
1028 2698 1069 2759 ibi
1097 2708 1165 2760 sunt
1192 2702 1290 2778 gravia
1312 2702 1390 2762 vitia.
1435 2700 1460 2761 si
1483 2701 1557 2763 velis

265 2802 365 2864 dicere
387 2809 457 2883 puta
481 2804 555 2862 ‘ianr
578 2801 718 2880 legeram,
742 2802 800 2862 ianr
823 2800 889 2878 logi,
914 2808 1062 2862 ettamen
1085 2821 1144 2862 non
1168 2809 1254 2862 teneo
1276 2801 1460 2878 lectionem',
1486 2822 1557 2865 ecce

264 2907 483 2986 praeposterius
510 2923 581 2964 usus
609 2921 640 2962 es
666 2921 701 2964 re
729 2902 798 2964 olim
827 2903 902 2963 lacta
930 2911 997 2964 ante
1024 2923 1088 2964 rem
1116 2904 1205 2983 paulo
1232 2911 1299 2984 post
1327 2905 1444 2966 luctam.
1495 2925 1556 2967 non

265 3025 337 3086 ergo
365 3009 407 3067 sic
435 3005 526 3068 debes
554 3005 669 3072 dicere,
698 3003 813 3065 sedita
841 3005 931 3065 debes
953 3006 1049 3083 loqui,
1075 3008 1151 3067 ‘iam
1173 3004 1245 3084 legi,
1269 3007 1327 3066 iam
1350 3005 1496 3086 legeram,
1526 3016 1599 3073 etos

264 3110 334 3170 olim
356 3111 414 3169 iarn
437 3109 577 3186 legeram,
601 3114 630 3167 et
652 3114 751 3167 tamen
773 3127 833 3167 non
857 3117 943 3168 teneo
967 3108 1151 3170 lectionem'.
1189 3110 1214 3169 si
1236 3115 1387 3188 permutes
1409 3109 1555 3181 ordinem,

264 3220 326 3273 tum
354 3209 443 3271 stabit
471 3208 606 3271 elocutio.
653 3227 723 3287 ergo
751 3218 784 3270 ut
809 3211 934 3271 litemus
949 3213 1031 3280 ista,
1063 3210 1204 3271 debemus
1227 3218 1330 3273 tencre
1353 3211 1554 3273 definitionem

265 3309 471 3393 temporuml

238 3408 240 3413 ’
348 3414 497 3475 Personae
520 3414 617 3475 verbis
639 3414 776 3475 accidunt
798 3424 868 3485 tres,
892 3417 986 3494 prima
1009 3415 1137 3476 secundo
1161 3419 1256 3477 tertia.
1301 3419 1396 3496 prirna
1420 3423 1465 3477 est
1480 3434 1556 3495 quae

264 3517 351 3591 dicit,
380 3517 473 3595 ipsius
501 3515 628 3576 hominis
655 3517 815 3595 loquentis,
844 3525 877 3578 ut
899 3525 966 3596 puta
990 3516 1056 3595 lego
1078 3517 1177 3578 scribo
1205 3519 1280 3579 dico.
1326 3518 1400 3579 baec
1428 3538 1599 3599 personaso

244 3616 353 3691 stulte
375 3620 482 3697 accipit
510 3621 729 3679 nominativum.
773 3619 843 3680 licet
869 3619 947 3679 dicat
974 3621 1029 3679 iste
1051 3622 1200 3699 recipere,
1231 3620 1315 3680 aliter
1344 3619 1464 3699 recipit:
1495 3640 1556 3682 non

146 3730 205 3794 437,
220 3733 252 3781 30
264 3738 390 3799 persona
413 3721 531 3799 recipit,
555 3720 607 3781 scd
631 3720 757 3781 elocutio
785 3721 892 3799 recipit
919 3723 1138 3783 nominativum.
1185 3732 1316 3784 ceterum
1339 3726 1403 3802 ipsa
1429 3743 1557 3803 persona

263 3840 424 3900 numquam
447 3823 553 3900 recipit
574 3824 802 3892 nominativum,
826 3840 951 3901 persona
975 3825 1070 3903 prima
1093 3842 1152 3884 non
1170 3832 1236 3902 eget
1257 3827 1447 3886 nominativo.
1478 3828 1557 3906 siqui

264 3923 334 3983 velit
356 3923 411 3983 tibi
433 3923 532 3983 dicore
555 3924 642 4001 ‘quid
666 3924 782 3992 lacisl’,
805 3932 874 4003 puta
898 3924 1015 4002 ‘lego’,
1045 3945 1104 3985 non
1128 3925 1223 3985 solunt
1247 3928 1320 3988 dixit
1341 3928 1411 4006 quid
1434 3929 1556 3998 laceret,

265 4024 316 4084 sed
346 4027 433 4085 etiam
461 4044 493 4085 se
521 4027 618 4103 ipsunt
646 4026 774 4086 ostendit
800 4026 956 4103 legentem.
1003 4037 1135 4088 ceterum
1163 4030 1188 4087 si
1216 4028 1269 4089 tibi
1297 4029 1376 4090 dicat
1404 4034 1554 4110 ‘expecta
1570 4062 1596 4102 35

266 4145 321 4206 ego
343 4126 395 4186 tibi
417 4128 517 4204 lego',
548 4124 689 4187 abundat.
732 4127 788 4188 hoc
817 4131 895 4188 enim
925 4133 1020 4209 ipsum
1043 4129 1109 4208 lego
1133 4133 1275 4210 numquid
1299 4133 1444 4210 significat
1467 4134 1557 4194 ctiam

264 4230 322 4289 nisi
350 4229 424 4305 ego?
472 4229 535 4307 ipsa
563 4248 691 4308 persona
720 4229 810 4290 babet
838 4232 925 4290 etiarn
953 4233 983 4291 iu
1011 4252 1043 4293 se
1071 4252 1245 4312 pronomen,
1273 4233 1363 4295 babet
1388 4234 1418 4293 in
1442 4253 1474 4294 se
1497 4236 1556 4294 vim

337 4452 349 4502 l
369 4451 414 4500 erit
428 4451 502 4501 BCa
522 4460 558 4500 est
574 4451 598 4500 Α
616 4461 721 4518 utroque
736 4458 791 4504 loco
841 4454 986 4517 2sortussc
1003 4454 1103 4503 videtur
1119 4455 1192 4518 quusi
1211 4456 1261 4504 duro
1281 4455 1366 4505 lutura
1379 4470 1473 4522 ponere
1492 4472 1556 4520 qno-

266 4523 333 4572 nism
403 4521 533 4572 dutirnur
556 4537 612 4571 crus
630 4523 712 4573 dicam
730 4539 744 4573 c
764 4525 855 4572 utimur
877 4539 932 4573 crus
952 4525 1008 4573 dico
1029 4525 1114 4573 ABG
1181 4524 1237 4574 8si
1256 4526 1390 4575 lroccsic
1408 4525 1456 4575 lroc
1474 4526 1557 4577 ABG

333 4592 393 4642 utu
412 4609 458 4641 om.
474 4592 507 4655 A,
526 4593 586 4642 odd.
607 4609 623 4639 a
711 4595 743 4646 10
761 4603 828 4644 esset
849 4595 870 4645 C
887 4610 944 4644 esse
962 4594 984 4641 Α
991 4594 1015 4642 Β
1102 4603 1234 4656 utrumque
1257 4606 1339 4645 arrlrtu
1361 4595 1445 4645 delers
1463 4612 1504 4646 res
1523 4595 1557 4646 ad

265 4671 365 4728 tempus
384 4663 495 4712 loturum
514 4673 538 4711 ct
561 4664 609 4711 iam
628 4678 676 4712 non
703 4675 785 4714 :cirtem
809 4664 909 4714 deleres
935 4664 966 4713 ad
992 4665 1041 4712 duo
1060 4665 1083 4712 Α
1164 4664 1195 4715 13
1214 4666 1370 4731 significauit
1388 4667 1454 4715 enim
1474 4665 1559 4717 ABG

335 4734 369 4783 rt
388 4749 439 4782 rem
459 4734 519 4782 olim
536 4734 628 4782 lactum
647 4735 700 4784 Bc
784 4734 817 4783 32
837 4745 946 4783 ceterum
966 4763 998 4770 —
1017 4750 1126 4800 persona
1139 4750 1186 4783 orn.
1206 4735 1240 4792 A,
1259 4737 1321 4788 add,
1343 4753 1360 4785 a
1440 4738 1472 4785 34
1493 4746 1557 4800 putu

266 4802 324 4868 lego
343 4804 454 4853 abundat
477 4819 527 4852 uon
547 4803 630 4852 soluur
651 4805 744 4854 ABG:
769 4815 829 4870 puta
847 4820 895 4870 ego
915 4806 981 4869 lego,
1002 4820 1050 4871 ego
1072 4805 1184 4853 abundat
1206 4806 1389 4857 Lindemunnrts
1460 4804 1493 4856 36
1507 4822 1557 4872 ego

266 4873 310 4921 tibi
325 4873 382 4938 lego
400 4873 448 4923 boc
461 4875 529 4924 crrlm
546 4874 627 4937 (enim
647 4891 692 4927 om.
714 4875 746 4940 A,
764 4875 824 4927 cdd.
844 4873 875 4939 a)
896 4876 980 4941 ipsum
1001 4876 1057 4941 lego
1073 4874 1159 4923 ABG

260 5103 266 5131 l
