3346 5498
336 399 375 468 18
887 409 1062 473 ctuuonrt

359 527 381 567 p.
396 515 452 556 1871.
466 516 490 556 tt
504 514 526 556 P.

334 595 477 665 ostendit,
501 595 553 656 sed
576 595 650 657 velle
672 614 775 675 agere,
799 606 831 658 ut
853 597 990 658 lecturio:
1014 599 1157 677 significat
1174 600 1251 658 enim
1267 617 1326 659 non
1342 598 1423 676 lego,
1448 599 1500 660 sed
1523 599 1623 678 legere

333 697 409 758 volo.
439 696 604 758 inchoativa
627 698 756 768 calesco,
780 698 877 760 calere
898 701 1016 778 incipio.
1047 700 1210 762 inchoativa
1238 708 1334 761 auteur
1357 702 1452 761 lorma
1475 701 1548 761 baec
1570 701 1621 761 ba-

332 799 406 861 bere
434 799 537 870 debet,
562 807 593 860 nt
616 802 728 862 oriatur
747 797 752 883 Ι
772 800 929 862 aneutrali
950 802 1041 863 verbo
1065 811 1094 863 et
1116 811 1201 863 exeat
1222 804 1253 862 in
1276 822 1327 863 sco
1349 801 1499 882 syllabam,
1525 809 1624 864 careat

333 909 468 981 ternpore
496 904 659 982 praeterito
681 905 814 982 perlecto
838 912 867 965 et
888 904 1193 985 plusquamperfecto,
1222 911 1321 966 careat
1350 906 1437 974 ctiam
1459 906 1622 985 participiis

332 1005 424 1067 iuturi
451 1007 594 1085 temporis
622 1015 651 1066 et
678 1007 784 1066 tertiae
812 1025 931 1086 semper
959 1009 997 1068 sit
1023 1008 1237 1085 coniugationis
1267 1014 1430 1086 correptae.
1475 1008 1501 1066 si
1522 1014 1646 1067 auteurs

333 1109 430 1168 minus
451 1108 554 1177 inerit,
578 1126 638 1168 non
662 1109 718 1167 erit
739 1109 834 1169 iornra
856 1109 1037 1179 inchoativa,
1061 1108 1113 1170 sed
1136 1109 1284 1187 perlecta,
1308 1116 1339 1169 ut
1362 1127 1517 1188 compesco
1541 1128 1621 1169 oom-

332 1212 445 1288 pescis:
469 1216 585 1288 tempus
600 1211 793 1288 praeterltum
809 1213 974 1287 perlectum
992 1212 1160 1289 compescui
1173 1210 1270 1283 sorim
1292 1211 1403 1272 idcirco
1426 1229 1486 1271 non
1508 1211 1621 1271 videtur

332 1311 498 1372 inchoativa
513 1311 617 1373 lorma.
649 1312 865 1389 frequentativa
888 1320 973 1375 canto
989 1321 1104 1385 contar,
1121 1316 1233 1374 cantito
1255 1316 1393 1384 cantitas;
1417 1315 1530 1392 primae
1553 1318 1622 1373 sunt

333 1415 555 1491 coniugationis.
583 1448 626 1457 —
657 1413 816 1475 Sciendum
843 1417 961 1477 tertiam
988 1416 1226 1493 coniugationem
1249 1414 1319 1475 binc
1341 1415 1449 1477 distare
1472 1434 1488 1475 a
1510 1422 1621 1494 quarta,

333 1514 414 1592 quod·
433 1522 536 1594 quarta
559 1517 726 1594 coniugatio
750 1518 881 1578 loturum
904 1516 1050 1596 duplicem
1073 1516 1188 1586 babeat,
1212 1518 1298 1577 tertia
1321 1517 1494 1597 simplicem.
1525 1524 1623 1577 tamen
1637 1534 1664 1588 ro,

332 1616 438 1676 melius
466 1618 647 1695 coniugatio,
678 1621 739 1679 sive
768 1620 973 1698 correptasit
994 1620 1055 1680 sive
1078 1618 1237 1698 producta,
1265 1619 1380 1679 infinito
1407 1619 1496 1679 modo
1518 1617 1624 1697 deprc-

333 1718 488 1787 bcnditur,
511 1718 562 1779 ubi
585 1722 672 1781 etiam
696 1720 801 1782 melius
823 1720 1000 1800 syllabarum
1015 1729 1120 1782 natura
1135 1721 1333 1798 cognoscitur.
1365 1720 1527 1780 notandum
1543 1718 1622 1798 quod

332 1822 427 1899 prima
451 1828 481 1882 et
503 1822 632 1884 secunda
655 1824 822 1902 coniugatio
844 1841 962 1903 semper
983 1824 1114 1885 iuturum
1135 1821 1140 1904 Ι
1159 1825 1189 1882 in
1212 1821 1250 1883 bo
1275 1823 1371 1891 mittit,
1395 1824 1482 1882 tertia
1505 1839 1623 1900 semper

332 1925 362 1984 in
384 1943 441 1994 am,
465 1931 570 2003 quarta
592 1924 736 2003 producta
759 1927 840 1986 etin
863 1945 909 1987 arn
933 1933 964 1986 et
984 1927 1015 1985 in
1037 1923 1084 1985 bo.
1118 1922 1270 1987 sciendum
1286 1923 1364 2002 quod
1380 1926 1476 2003 prima
1493 1923 1623 1985 secunda

334 2032 363 2085 et
385 2034 490 2105 quarta
512 2028 680 2104 coniugatio
703 2029 849 2088 inlinitum
871 2028 1048 2107 productum
1071 2026 1182 2088 babent
1204 2033 1233 2086 ct
1255 2028 1342 2086 tertia
1371 2033 1552 2105 correptum.
1583 2022 1624 2104 [et
1637 2042 1662 2080 rs

333 2129 508 2207 inperative
524 2131 622 2189 nutrio
656 2127 793 2208 nutriris]
826 2132 943 2190 tertiam
972 2137 1139 2207 correptam
1165 2127 1211 2189 vel
1239 2127 1416 2207 productam
1444 2127 1480 2188 de
1507 2127 1623 2205 passivo

334 2231 543 2307 cognoscimus
566 2229 602 2290 de
623 2230 784 2309 penultima
808 2230 918 2311 syllaba
934 2232 1040 2292 infiniti
1054 2230 1148 2298 modi;
1172 2229 1320 2308 colligitur
1336 2237 1365 2290 et
1386 2230 1423 2291 de
1437 2230 1621 2308 imperativo,

333 2332 384 2408 qui
405 2350 422 2392 a
444 2340 551 2393 neutro
575 2333 686 2392 veniat:
711 2331 747 2393 ab
769 2334 943 2411 imperativo
967 2351 983 2393 e
1006 2340 1159 2412 correpto,
1183 2330 1294 2400 scribe:
1319 2330 1355 2392 ab
1378 2333 1502 2400 infinito,
1526 2328 1555 2389 id
1579 2337 1624 2389 est

332 2441 492 2512 perpetuo,
515 2432 620 2495 scribi:
644 2435 714 2495 item
736 2434 774 2496 ab
795 2437 969 2515 imperativo
986 2437 996 2495 i
1012 2435 1172 2513 producto,
1189 2435 1286 2502 muni;
1312 2434 1348 2495 ab
1364 2434 1487 2504 infinito,
1504 2433 1623 2492 muniri.

214 2547 274 2610 369,
286 2547 319 2596 29
333 2568 374 2579 -
385 2534 429 2595 Et
443 2530 457 2619 ΙΙ
472 2537 529 2597 inl
532 2536 642 2596 inito:
660 2538 714 2597 tria
731 2535 819 2597 verba
835 2538 865 2597 in
881 2539 1056 2616 imperativo
1073 2544 1196 2615 excepta
1210 2544 1287 2605 sunt,
1306 2535 1371 2596 dico
1388 2536 1463 2597 duco
1480 2536 1564 2602 iacio,
1576 2533 1622 2593 dic
1635 2551 1661 2591 ao

333 2636 389 2698 duc
417 2637 478 2708 iac,
508 2656 567 2698 nou
596 2638 676 2708 dice.
707 2658 767 2700 non
798 2638 888 2710 duce,
917 2659 976 2700 non
1005 2640 1078 2700 iace.
1123 2638 1200 2719 quod
1224 2640 1249 2698 si
1270 2639 1485 2708 invenerimus,
1510 2636 1622 2696 comice

332 2738 444 2799 dictum
467 2746 519 2800 est
565 2740 645 2801 modi
667 2759 737 2820 ergo
759 2743 926 2820 imperativi
947 2743 1092 2821 temporis
1120 2742 1285 2820 praesentis
1307 2740 1454 2802 secundae
1476 2755 1622 2818 personae

325 2838 365 2901 ¹re
381 2840 492 2920 syllaba
507 2841 620 2902 adiecta
636 2843 668 2903 lit
689 2842 795 2903 modus
817 2851 978 2922 perpetuus
1000 2873 1018 2907 a
1040 2840 1096 2926 lut
1111 2843 1211 2904 dicere
1234 2842 1343 2903 ducere
1365 2843 1474 2911 iacere,
1499 2848 1622 2919 excepto

333 2963 407 3011 uno,
438 2943 515 3021 quod
545 2944 631 3004 modo
660 2946 774 3005 infinito
802 2945 866 3004 siue
895 2964 929 3006 re
958 2944 1068 3024 syllaba
1091 2946 1282 3016 terminatur,
1306 2954 1340 3005 ut
1362 2944 1426 3005 volo
1449 2943 1538 3015 velle,
1562 2961 1622 3002 non

331 3044 454 3116 vellere,
479 3051 509 3105 et
529 3064 588 3106 uno
611 3046 771 3118 defectivo,
796 3065 869 3108 esse.
1119 3118 1136 3148 x
1580 3051 1581 3055 ’
1635 3061 1661 3101 a»

286 3161 317 3208 31
416 3146 566 3219 Quando
588 3150 717 3209 tertia:
750 3151 838 3210 tertia
861 3150 1027 3227 coniugatio
1051 3148 1193 3228 producta
1216 3148 1374 3228 aliqnando
1395 3149 1426 3208 in
1449 3147 1487 3208 bo
1509 3155 1621 3208 tantum

187 3229 190 3236 ¹
333 3250 434 3321 mittit,
459 3249 616 3330 aliquando
638 3259 668 3312 et
688 3251 719 3310 in
743 3270 789 3312 am
813 3253 893 3313 etin
917 3251 969 3312 bo:
994 3260 1064 3311 tunc
1079 3252 1109 3311 in
1125 3250 1163 3311 bo
1185 3258 1312 3320 tantum,
1335 3249 1453 3330 quando
1474 3250 1623 3309 indicativi

333 3351 412 3412 modi
435 3353 530 3430 prima
553 3370 679 3431 persona
702 3373 719 3413 e
742 3353 831 3414 babet
853 3363 922 3414 ante
945 3373 962 3411 n
984 3353 1116 3413 ultimam
1140 3350 1290 3430 syllabam,
1315 3365 1347 3413 ut
1362 3370 1435 3412 exeo
1451 3352 1520 3412 lacit
1535 3349 1621 3410 exibo

331 3461 460 3522 tantum;
491 3461 560 3514 tnnc
584 3463 613 3514 et
634 3457 665 3514 in
687 3474 735 3516 aur
758 3462 788 3515 et
810 3458 838 3516 in
863 3455 916 3526 bo,
947 3454 1064 3535 quaudo
1086 3456 1116 3514 in
1140 3473 1230 3533 supra
1253 3453 1329 3514 diota
1350 3472 1480 3533 persona
1501 3455 1512 3512 i
1534 3451 1623 3512 babet

216 3610 219 3615 .
331 3563 400 3614 ante
429 3554 559 3616 ultimam
590 3576 622 3624 o,
652 3565 685 3617 ut
713 3558 828 3616 nutrio:
859 3556 928 3617 iacit
956 3560 1035 3617 enirn
1064 3564 1093 3617 et
1121 3559 1247 3617 nutriam
1277 3565 1306 3617 ct
1327 3554 1457 3617 nutribo.
1502 3574 1569 3615 nam
1593 3565 1659 3615 ctao

332 3656 475 3735 Vergilius
497 3656 570 3717 dixit
879 3667 881 3670 ’

484 3757 647 3828 audiam,
672 3765 707 3818 et
728 3758 818 3818 baec
840 3776 968 3820 manes
991 3762 1117 3821 veniet
1138 3759 1225 3819 mibi
1247 3760 1340 3821 lama
1363 3758 1429 3820 sub
1451 3760 1558 3828 imos,
1649 3825 1652 3830 Δ

332 3867 361 3918 et
383 3859 542 3919 Terentius
565 3859 638 3920 dixit
661 3862 811 3920 ‘matris
833 3860 983 3921 servibo
1007 3861 1232 3923 commodis'.
1276 3861 1326 3922 ille
1348 3863 1380 3922 in
1402 3880 1448 3922 arn
1472 3869 1502 3922 et
1521 3861 1569 3922 bio
1592 3864 1622 3922 in

286 3960 370 4023 tabo
392 3963 486 4030 misit,
509 3962 588 4021 unde
611 3970 734 4040 apparet
755 3970 912 4042 utramque
935 3981 1000 4024 esse
1023 3963 1165 4040 regulam.
1190 3998 1231 4009 —·
1254 3964 1400 4025 Genera
1423 3963 1621 4025 verborum

331 4081 422 4142 quae
452 4072 487 4124 et
514 4064 841 4141 significationes:
871 4066 963 4126 activa
991 4074 1061 4125 suut
1087 4084 1162 4143 quac
1189 4083 1221 4124 se
1249 4064 1358 4144 aliquid
1387 4083 1475 4144 agere
1499 4065 1659 4126 demon-aa

331 4172 434 4234 strant,
458 4166 570 4243 passiva
594 4184 668 4244 quae
691 4167 765 4244 pati,
791 4175 895 4227 neutra
910 4185 985 4244 quae
1001 4164 1073 4226 nibil
1096 4166 1218 4227 borum:
1245 4166 1421 4246 deponentia
1444 4185 1498 4246 per
1520 4177 1619 4228 catan-

301 4268 461 4336 ·tiirasin,
489 4264 494 4346 Ι
519 4267 576 4328 boc
604 4275 649 4329 est
675 4287 729 4348 per
756 4269 1009 4337 contrarietatem,
1042 4270 1118 4329 sicut
1139 4269 1263 4338 Parcae,
1287 4268 1364 4349 quod
1388 4268 1459 4329 nulli
1481 4278 1619 4349 parcant;

331 4376 383 4430 aut
404 4376 484 4429 certe
507 4369 574 4430 ideo
597 4369 708 4430 dictum
731 4378 775 4431 est
796 4371 957 4449 deponens,
981 4369 1059 4450 quod
1076 4369 1204 4450 deponat
1220 4373 1465 4449 significationem
1481 4375 1619 4433 activam:

401 4542 461 4593 Cod.
480 4540 559 4591 Bcrn.
576 4543 599 4591 ll
618 4540 769 4592 7*-1111.
823 4541 942 4592 3in'seo
958 4541 1055 4607 syllaba
1103 4542 1245 4608 ‹itempori
1298 4543 1488 4609 lcompescoit
1504 4543 1543 4607 (id
1557 4543 1618 4594 odd.

331 4614 365 4665 ol.
385 4613 464 4673 man.)
483 4612 549 4661 circo
601 4609 797 4674 8lrcqueutiua
815 4622 887 4661 canto
906 4613 1015 4661 canticas
1032 4611 1113 4678 (corr.
1133 4613 1199 4676 tas)
1215 4613 1310 4678 primae
1359 4614 1391 4664 15
1407 4613 1482 4662 babet
1537 4612 1568 4663 17
1588 4612 1619 4660 de

332 4683 524 4747 perresultimam
542 4680 665 4745 syllabam
718 4683 751 4733 23
769 4683 850 4731 aiecta
902 4681 1053 4732 arimundo
1106 4683 1139 4732 28
1157 4680 1181 4749 e]
1201 4692 1225 4732 ct
1278 4682 1311 4733 29
1331 4691 1390 4732 tuno
1408 4684 1482 4732 ctiam
1500 4690 1524 4730 ct
1543 4682 1567 4729 in
1587 4682 1618 4728 bo

401 4752 434 4804 33
447 4752 586 4804 commodis
598 4767 666 4804 corr.
682 4753 816 4815 quomodis
865 4752 997 4816 abaliquo
1050 4751 1242 4804 tonitruorum
1295 4753 1329 4803 38
1344 4749 1483 4818 deponens]
1506 4751 1618 4815 depones

293 4873 295 4877 ’
399 4906 432 4961 ιι
452 4905 591 4978 vergnam]
616 4908 680 4960 Aen.
699 4908 744 4958 uu
762 4906 812 4960 aaa
883 4907 917 4960 aa
930 4904 1074 4974 sereonas]
1094 4907 1158 4963 nee.
1178 4908 1250 4974 1115,
1265 4908 1298 4960 ιι
