3346 5498
197 331 261 396 aas
755 328 939 395 uvrrcnrs
1094 414 1097 420 .

222 454 242 495 p.
258 439 378 486 rassin
1293 433 1474 491 parmene.

347 520 548 600 psallimus
569 525 606 579 et
627 518 807 579 saltamus
830 517 983 580 dcliivis
1005 518 1141 578 scitius
1162 517 1308 577 unctis:

196 623 275 706 pello
298 622 401 702 pellis,
426 620 456 681 id
479 627 524 680 cst
546 620 648 689 trudo,
677 619 755 680 unde
784 621 973 698 componitur
1001 619 1117 699 appello
1139 618 1275 699 appellis.
1322 636 1396 679 nam
1418 618 1495 700 quod

196 725 233 786 ad
261 725 469 785 salutationem
498 725 645 802 pertinet,
674 722 746 782 licet
773 721 899 800 simplex
927 739 986 781 nou
1019 720 1106 782 lacile
1133 721 1302 790 invenitur,
1332 726 1441 782 tamen
1468 721 1496 783 in

196 829 411 907 compositione
439 825 625 885 differentiae
653 841 758 883 sensus
786 841 874 884 causa
903 822 1026 904 priffimae
1054 830 1100 883 est
1126 821 1364 900 coniugatiouis,
1389 830 1426 884 ut
1447 840 1496 904 ap

196 929 274 1009 pello
296 927 439 1008 appellas.
484 925 562 986 bello
591 934 689 986 autem
719 923 811 985 bellas
838 925 913 986 vallo
942 925 1048 986 vacillo
1069 923 1201 986 scintillo
1222 923 1320 993 stillo,
1345 931 1380 984 ut
1403 942 1422 986 a
1445 942 1516 986 nos

196 1030 328 1092 minibus
355 1029 466 1090 belluna
494 1027 602 1088 vallum
631 1026 768 1088 vacillum
797 1022 926 1087 scintilla
953 1026 1033 1087 stilla
1061 1026 1207 1096 derivata.
1231 1025 1367 1103 generali
1389 1025 1497 1106 regula

198 1136 263 1193 iure
286 1133 401 1211 primae
426 1136 504 1189 sunt.
536 1131 566 1188 in
589 1128 635 1189 lor
657 1146 775 1208 quoque
799 1128 966 1189 desinentia
989 1129 1103 1208 primae
1118 1134 1188 1188 sunt
1210 1127 1320 1197 omnia,
1344 1120 1496 1208 ut'palor,

197 1234 275 1296 undo
299 1235 330 1293 in
353 1233 376 1291 V
398 1230 476 1292 libro
498 1230 643 1307 Virgilius
669 1230 744 1290 dixit
771 1230 964 1309 ‘palantes
985 1229 1100 1290 Troas
1128 1228 1292 1306 agebat'‚
1321 1229 1498 1309 praestolor

197 1336 316 1397 fabulor
338 1333 457 1395 osculor
479 1331 582 1393 adulor
605 1331 737 1393 aemulor
760 1331 863 1411 epulor
885 1331 1017 1409 gratulor
1039 1331 1153 1392 iaculor
1176 1330 1305 1409 regulor.

282 1438 316 1497 lu
339 1455 387 1496 mo
415 1435 580 1495 desinentia
609 1451 795 1513 quacumque
825 1433 915 1497 vocali
939 1452 992 1494 seu
1014 1439 1195 1495 consonante
1217 1435 1407 1512 praeposita,
1431 1435 1529 1515 pri-rs

199 1541 301 1600 uritiva
323 1556 375 1598 seu
399 1537 577 1605 derivativa,
601 1537 714 1617 primae
737 1543 805 1596 sunt
833 1538 1065 1614 coniugationis,
1096 1541 1128 1595 ut
1155 1553 1221 1596 amo
1248 1534 1346 1596 clamo
1369 1537 1498 1597 aestimo

203 1642 291 1700 domo
313 1639 403 1699 humo
426 1644 545 1699 autumo
568 1637 667 1697 hiemo
690 1638 771 1696 iumo
794 1655 897 1716 spnmo
920 1637 1037 1697 tiammo
1061 1655 1141 1697 armo
1164 1637 1287 1697 lacrimo
1308 1637 1413 1708 firmo,
1438 1639 1496 1700 nisi

201 1743 260 1803 sint
283 1742 436 1821 primitiva
460 1759 475 1799 c
500 1739 620 1799 brevem
648 1738 803 1798 habentia:
835 1745 905 1798 tunc
933 1740 1012 1799 enim
1042 1740 1147 1799 tertiae
1169 1747 1239 1798 sunt
1261 1741 1497 1817 coniugationis,

200 1853 233 1904 ut
256 1862 322 1903 cmo
347 1843 437 1911 curie,
461 1860 546 1919 gemo
569 1841 677 1920 gemis
700 1859 804 1920 premo
827 1848 932 1901 tremo.
965 1847 1085 1900 notatur
1107 1842 1220 1919 primae
1243 1858 1345 1900 cremo
1367 1860 1497 1904 cremas.

201 1949 211 2006 i
235 1963 352 2024 qnoque
376 1943 542 2004 breviante
559 1946 742 2005 nroinventa
759 1944 872 2022 primae
893 1950 976 2011 sunt,
999 1950 1032 2001 ut
1054 1944 1177 2002 aestimo
1199 1941 1323 2003 lacrimo
1345 1945 1496 2014 exanimo,
1511 1963 1533 2002 u

204 2049 261 2107 uisi
285 2047 447 2125 composita
471 2048 530 2106 siut
553 2065 588 2106 ex
611 2047 756 2124 hisquae
781 2064 796 2103 e
820 2050 887 2103 ante
910 2063 958 2104 mo
980 2044 1091 2104 habeut
1113 2046 1144 2103 in
1163 2040 1174 2123 Η
1192 2044 1387 2123 simplicitate
1410 2049 1498 2108 etin

202 2149 416 2227 catmpositioue
445 2165 509 2207 cam
537 2149 626 2207 ctiam
655 2149 685 2206 in
714 2149 724 2205 i
753 2152 954 2206 nrrrtarerunt:
984 2155 1053 2205 tune
1076 2146 1155 2205 euim
1178 2145 1271 2206 solius
1294 2149 1403 2208 tertiae
1427 2156 1500 2209 suut

202 2249 433 2326 conirrgationi5‚
465 2257 497 2308 ut
524 2250 677 2327 conprimo
706 2250 840 2326 exprimo
869 2249 1008 2307 interimo
1037 2248 1133 2307 adimo
1161 2246 1280 2306 dirimo.
1325 2249 1356 2308 in
1386 2250 1500 2328 quibus

202 2357 342 2411 notantur
365 2350 450 2409 demo
472 2349 584 2418 demiS,
614 2354 718 2428 promo
746 2352 873 2428 pronus,
903 2351 972 2428 quia
1001 2348 1038 2408 ab
1066 2368 1102 2408 eo
1129 2349 1206 2428 qarod
1229 2356 1365 2409 esterno
1388 2370 1499 2413 seeum

203 2453 273 2512 alum
300 2452 443 2531 quosdam
471 2452 631 2529 composita
665 2449 881 2527 longitudinem
914 2452 1142 2529 praepositionis
1176 2461 1385 2521 serraverunt,
1419 2455 1535 2515 sicutso

202 2557 316 2635 periano
345 2554 469 2634 pairimis
498 2553 689 2612 brevitatem:
718 2551 895 2630 quibusdam
929 2571 988 2612 uon
1019 2552 1056 2612 ah
1086 2571 1120 2612 co
1148 2553 1288 2612 videntur
1317 2556 1498 2634 conrposita.

205 2675 287 2716 sumo
310 2659 383 2716 item
405 2654 500 2715 solum
523 2656 628 2714 tertiae
652 2655 869 2731 coniugationis
891 2656 1082 2714 invenituru
1111 2655 1229 2732 longam
1250 2673 1388 2726 servans,
1418 2659 1501 2720 sicut

204 2777 328 2818 vomoo
356 2758 475 2817 brevem
505 2762 573 2817 autc
602 2775 650 2816 ruo
676 2755 803 2826 habens;
832 2763 862 2815 et
890 2774 973 2815 corruo
995 2757 1174 2836 paermltima
1199 2757 1285 2833 longa
1309 2775 1325 2817 a
1348 2775 1500 2838 compono

203 2861 370 2928 concisum,
393 2868 427 2919 ut
449 2866 493 2918 est
516 2858 592 2937 apud
616 2857 743 2918 Statium
767 2856 935 2917 Thebaidos
957 2856 1036 2917 libro
1058 2857 1097 2919 lll

354 2960 478 3039 inplet
500 2978 623 3020 amore
647 2962 719 3028 sui,
743 2968 890 3019 comunt
912 2961 1018 3028 iuror
1040 2961 1172 3037 iraque
1195 2961 1352 3029 cristas,
1511 2984 1536 3024 ss

204 3064 280 3143 apud
304 3063 431 3123 cundem
454 3061 533 3121 libro
555 3061 633 3122 llllll

532 3163 630 3223 hunc
653 3172 730 3223 toto
753 3166 880 3243 capies
902 3181 966 3242 pro
989 3180 1147 3242 corpore
1170 3164 1330 3231 crinem,

356 3285 502 3327 comere
525 3284 630 3345 quem
652 3268 794 3326 irustra
817 3285 869 3326 me
892 3264 1119 3340 dedignante
1144 3263 1301 3324 solebas.

205 3372 235 3430 iu
257 3388 321 3430 mor
344 3386 436 3448 pauca
460 3367 594 3447 quidem,
626 3369 740 3447 primae
770 3374 868 3428 tamen
897 3367 1104 3434 invcuirmtnr,
1128 3369 1238 3446 quippe
1261 3385 1277 3425 a
1300 3368 1423 3426 nomine
1445 3367 1500 3428 de·

206 3473 316 3540 nirata,
342 3478 373 3530 ut
395 3472 488 3530 rimor
512 3471 630 3529 riuraris
657 3489 673 3528 a
705 3472 794 3538 rima,
820 3487 955 3529 raccmor
979 3471 1140 3528 raeemaris
1162 3488 1178 3528 a
1200 3487 1330 3528 racemo.
1512 3496 1538 3537 ιι

289 3573 322 3632 ln
346 3590 383 3631 no
411 3572 577 3631 desinentia
599 3589 785 3650 ‹puacumquo
811 3571 903 3630 vocali
932 3570 1123 3631 antecedente
1148 3569 1230 3629 breui
1254 3569 1300 3629 vel
1322 3569 1412 3647 longa
1433 3573 1500 3649 pri·

206 3759 345 3823 (superem.
366 3758 388 3822 l)
407 3759 539 3824 psallimus
559 3756 584 3804 B
599 3757 760 3821 epistolarem
779 3755 841 3805 libro
863 3756 996 3822 psallimus
1013 3757 1039 3806 P
1062 3757 1226 3823 epistularum
1246 3757 1309 3805 libro
1327 3757 1411 3820 primo
1427 3757 1500 3823 psal-

206 3830 281 3878 limus
301 3838 325 3878 t:
346 3830 419 3892 epist.
439 3828 459 3877 ll
480 3829 508 3886 1,
527 3825 561 3876 33
616 3826 802 3886 lsaltemusf
851 3826 938 3875 seitins
962 3827 1043 3875 unctis
1066 3827 1173 3882 §citius
1197 3826 1319 3876 unctisP
1341 3826 1500 3877 dictionibus

207 3902 346 3960 (superscr.
362 3895 450 3961 citius)
464 3898 546 3946 unctis
558 3895 583 3943 B
595 3896 673 3944 cicius
691 3896 765 3943 uictis
776 3895 901 3957 [diucius
914 3896 1028 3945 uinctist
1079 3897 1095 3946 5
1112 3897 1176 3944 bello
1193 3907 1276 3944 autem
1291 3895 1369 3944 bellas
1384 3896 1500 3947 scintille

208 3967 273 4015 urullo
297 3966 390 4032 uagillo
414 3967 482 4016 stilio
507 3965 588 4014 stillas
607 3974 630 4012 et
649 3981 664 4012 a
684 3967 709 4014 P
727 3964 792 4013 bello
813 3975 895 4012 autem
915 3966 992 4015 bellas
1014 3966 1079 4014 uallo
1101 3966 1209 4016 scintillo
1228 3965 1320 4013 uacillo
1339 3963 1408 4014 stillo
1424 3981 1453 4015 ss
1473 3978 1501 4018 et

208 4036 287 4096 (corr.
302 4037 403 4095 uittaB
455 4032 613 4099 duacillum]
632 4034 753 4099 uagillum
771 4035 795 4082 P
847 4036 1068 4098 'lpallorBPts
1116 4031 1499 4101 8inVlibro]Aen.V‘265

277 4104 400 4169 pallentes
419 4105 457 4156 Bt
475 4104 597 4169 pallentes
618 4105 663 4165 Pf
745 4103 776 4154 15
795 4105 802 4152 i
822 4119 921 4166 atroque
939 4106 1081 4169 (saperccr,
1098 4106 1153 4164 bre)
1169 4112 1226 4153 anta
1245 4119 1285 4152 mo
1303 4104 1424 4154 habentis
1444 4107 1499 4169 pri·

209 4189 264 4223 ruse
284 4176 309 4224 B
380 4174 412 4224 18
431 4175 514 4224 adimo
530 4176 642 4237 (decimo
660 4174 720 4222 add.
741 4176 775 4223 al.
794 4174 838 4236 ιιι.)
857 4175 881 4222 in
899 4176 991 4236 quibas
1008 4177 1032 4225 P
1102 4177 1134 4228 te
1150 4183 1267 4224 rromumr
1283 4182 1293 4223 t
1311 4184 1412 4224 notatur
1426 4191 1500 4228 corr.

209 4248 244 4297 al.
264 4253 431 4294 motantur
450 4244 632 4295 Pnotatnrli
702 4244 735 4293 23
754 4241 860 4310 habeus]
885 4244 960 4294 habet
980 4245 1177 4297 Phobetcorr¹
1197 4244 1327 4293 habuitB
1379 4253 1405 4293 et
1423 4261 1499 4295 como

209 4316 346 4381 penultima
366 4313 417 4363 lon.
435 4330 450 4362 u
466 4329 589 4381 compono
606 4329 752 4365 concessum
770 4315 850 4378 (corr.
867 4315 1019 4378 corrcisum),
1033 4332 1161 4378 superscr.
1177 4318 1210 4364 oi.
1225 4331 1255 4364 ιιι.
1274 4327 1345 4363 como
1364 4329 1454 4364 eomas
1472 4327 1501 4365 ut

209 4396 234 4434 at
253 4384 297 4435 illa
312 4384 415 4434 denario
434 4396 515 4434 contat
530 4397 556 4435 ut
570 4396 608 4436 est
627 4400 699 4434 como
713 4386 737 4435 B
753 4397 776 4434 et
789 4401 860 4435 como
875 4396 902 4432 ut
920 4396 959 4435 ost
979 4394 1004 4433 at
1022 4386 1063 4434 illa
1082 4386 1185 4437 denarie
1204 4394 1287 4433 comat
1302 4393 1326 4432 et
1342 4399 1415 4433 como
1435 4399 1501 4450 pen·

208 4455 296 4505 saltima
313 4456 390 4520 longa
408 4469 424 4502 a
440 4470 563 4519 compono
579 4468 603 4506 et
621 4457 749 4505 concisum
770 4458 828 4505 Pet
843 4471 915 4503 crinio
935 4454 1074 4518 penultima
1094 4459 1170 4520 lainga
1189 4469 1204 4503 a
1222 4468 1348 4518 compono
1365 4455 1500 4505 concissam

209 4535 247 4575 est
265 4535 274 4576 t
331 4527 365 4575 24
383 4524 426 4573 lib.
444 4525 475 4573 lll
494 4527 607 4576 tebaidos
619 4528 637 4589 f
651 4525 784 4575 thebaidos
798 4527 841 4577 lib.
860 4525 903 4573 llll
916 4525 941 4574 B
959 4522 1092 4577 thebaidos
1106 4528 1168 4575 libra
1183 4535 1271 4587 quarto
1285 4524 1308 4571 P
1324 4524 1388 4574 libro
1405 4535 1500 4587 quarto

208 4594 341 4645 thebaidos
358 4603 382 4644 t:
404 4593 480 4644 Theb.
497 4596 530 4642 lll
548 4597 598 4645 424
684 4597 717 4645 25
738 4597 831 4662 inpleto
855 4610 924 4643 more
942 4608 1009 4647 corr.
1031 4597 1065 4648 nl.
1084 4615 1114 4645 ιιι.
1140 4596 1218 4660 inplet
1239 4609 1324 4644 amore
1344 4595 1370 4642 P
1391 4595 1500 4661 impleto

210 4679 278 4714 ruore
293 4668 312 4728 s
321 4665 438 4729 impletas
456 4673 548 4713 moret
637 4666 721 4728 itaque
739 4682 807 4718 corr.
824 4666 857 4716 al.
875 4681 905 4712 ιιι.
927 4666 1013 4724 iraque
1031 4665 1054 4712 P
1140 4665 1173 4715 26
1192 4664 1254 4712 libro
1273 4663 1329 4713 vtlt
1348 4662 1418 4714 BPt
1440 4666 1500 4716 Vlll

211 4733 255 4785 lib.
269 4736 297 4796 s:
316 4734 393 4784 Theb.
414 4734 482 4783 Vllll
499 4733 550 4784 901
605 4735 808 4783 morimeam
862 4736 895 4784 '28
911 4748 1009 4783 comere
1025 4751 1098 4798 quem
1117 4752 1157 4784 me
1177 4733 1270 4783 frustra
1288 4748 1389 4783 comere
1407 4733 1501 4803 digata

210 4802 290 4867 (corr.
309 4804 426 4870 dignata)
441 4803 573 4865 solebass
638 4819 677 4851 me
696 4820 735 4853 me
753 4805 874 4869 dignante
893 4803 917 4851 P
