3346 5498
692 344 925 408 CObldlllb'Tllll
1395 341 1453 405 123

1283 467 1304 507 y.
1317 454 1357 492 so·
1368 456 1392 492 m
1407 451 1428 493 1.

163 545 236 596 tnor
258 533 388 596 sedecim
404 534 451 594 isti
465 541 542 604 sunt,
559 532 838 614 proceleumaticus,
863 533 1056 613 dispondeus,
1073 532 1231 602 diiambus,
1255 533 1453 603 ditrochaeus

162 639 284 698 ionicus
307 639 415 706 maior,
435 637 550 697 ionicus
567 639 674 706 miuor,
694 639 880 716 antispastus
902 634 1099 705 choriambus,
1117 642 1256 716 quattuor
1276 654 1405 715 paeones
1425 643 1455 695 et

163 747 309 817 quattuor
326 740 446 818 epitriti.
464 739 512 799 isti
528 745 597 798 sunt
613 740 715 816 viginti
727 747 756 799 et
768 746 834 799 octo
851 738 950 818 pedes,
963 741 1020 799 iam
1038 738 1075 798 de
1091 739 1222 818 quinque
1238 736 1357 816 syllabis
1375 737 1453 797 etde

164 860 219 902 sex
242 839 363 920 syllabis
384 858 444 900 non
466 849 535 902 sunt
556 840 656 921 pedes
672 841 723 901 sed
740 839 924 921 appellantur
944 842 1098 920 synzygiae
1123 838 1349 919 [declinationes
1363 859 1452 919 ‹prae-

164 1044 269 1105 dicere
286 1063 351 1105 csse
366 1046 395 1105 in
408 1045 465 1106 hoc
478 1045 578 1116 verbo,
591 1045 642 1106 sed
658 1045 783 1107 dicimus
797 1048 974 1125 synzygiam.
992 1064 1051 1124 quo
1066 1044 1172 1105 modot
1188 1046 1298 1105 insanis
1309 1043 1454 1106 molossus

165 1157 228 1216 est,
252 1147 320 1206 simi
342 1147 456 1208 ia'mbus
479 1159 532 1208 est.
577 1146 647 1225 er'go
670 1150 728 1208 iam
750 1159 878 1227 conpnto
901 1147 976 1207 duos
1003 1146 1102 1226 pedes.
1136 1145 1196 1226 [vel
1219 1146 1255 1206 de
1277 1145 1335 1206 illis
1357 1145 1453 1224 dupli-

165 1245 276 1328 cibus].
321 1248 367 1308 rel
389 1248 426 1309 de
448 1247 561 1310 duabus
582 1248 702 1328 syllabis
723 1247 769 1309 rel
792 1249 828 1309 de
851 1248 944 1309 tribus
960 1247 1004 1308 rel
1025 1247 1061 1309 de
1077 1256 1216 1328 quattuor
1230 1247 1348 1328 syllabis
1363 1247 1454 1328 pedes

165 1367 235 1410 esse
256 1357 394 1428 possunt,
419 1350 475 1410 boc
498 1358 656 1432 estusque
679 1351 714 1411 ad
737 1359 875 1432 quattuor
897 1348 1021 1430 syllabas
1043 1350 1133 1429 pedes
1156 1349 1307 1419 dicuntnr;
1330 1368 1346 1409 a
1368 1351 1453 1428 qnin-

126 1468 153 1508 11
165 1470 225 1532 qne
247 1453 306 1511 iam
329 1459 359 1511 et
380 1470 432 1514 sex
454 1454 608 1534 synzygiae
631 1452 776 1514 dicuntur.
822 1452 873 1513 sed
896 1453 972 1513 scire
991 1459 996 1527 Ι
1015 1451 1107 1513 debes
1130 1454 1267 1532 qnoniam
1287 1451 1325 1512 de
1340 1450 1455 1512 duabus

164 1553 287 1636 syllabis
316 1560 455 1631 quattuor
482 1562 596 1615 tantum
624 1555 785 1624 babemuS,
814 1555 851 1615 de
878 1554 974 1615 tribus
1002 1562 1069 1615 octo
1091 1562 1219 1624 tantum,
1250 1554 1288 1614 de
1315 1560 1455 1631 quattuor

165 1655 308 1716 sedecim.
354 1655 391 1715 dc
413 1657 542 1736 quinque
565 1658 684 1735 triginta
707 1657 764 1717 duo
786 1659 874 1727 finnt,
905 1658 941 1717 de
969 1676 1021 1718 sex
1048 1659 1198 1734 sexaginta
1222 1663 1360 1733 quattuor
1383 1656 1456 1715 liunt

165 1759 334 1838 synzygiae.
358 1766 403 1819 est
424 1757 500 1819 liber
529 1757 566 1819 de
594 1761 754 1841 synzygiis;
784 1760 836 1819 sed
865 1757 937 1819 nibil
967 1760 1073 1828 relert,
1102 1757 1189 1819 facile
1216 1757 1272 1819 boc
1300 1776 1455 1837 possumus

165 1861 253 1921 scire.
299 1867 370 1940 puta
392 1878 470 1940 pone
493 1845 643 1940 quinque:
688 1860 724 1921 de
752 1863 882 1938 quinque
910 1860 1026 1939 quando
1054 1862 1109 1920 ista
1132 1860 1229 1921 brevis
1257 1868 1301 1920 est
1322 1861 1404 1940 prior
1426 1868 1456 1920 et

125 1976 153 2019 rs
166 1981 271 2023 omnes
294 1963 413 2040 longae,
438 1980 507 2048 ecce
530 1980 589 2023 una
611 1964 763 2043 synzygia;
792 1962 908 2041 quando
930 1964 1002 2022 istae
1031 1961 1136 2022 breves
1157 1970 1239 2030 sunt,
1262 1962 1292 2021 id
1315 1969 1359 2022 est
1381 1961 1455 2022 duae

165 2065 295 2144 primae,
321 2070 349 2124 et
371 2072 488 2124 ceterae
510 2062 630 2142 longae,
655 2083 724 2125 ecce
746 2064 837 2125 altera
860 2065 1010 2145 synzygia;
1034 2064 1151 2143 quando
1173 2066 1245 2125 istae
1268 2071 1328 2124 tres
1348 2063 1455 2125 breves

165 2174 236 2228 sunt
258 2174 288 2227 et
310 2173 427 2228 ceterae
448 2165 569 2243 longae,
598 2168 716 2246 qnando
739 2175 875 2246 quattuor
897 2164 1016 2244 longae,
1045 2165 1094 2226 illa
1117 2166 1215 2226 brevis
1238 2173 1282 2226 est
1320 2185 1339 2219 11
1361 2167 1455 2226 varie·

164 2276 242 2329 tates
263 2269 346 2349 ipsae
368 2286 427 2328 non
450 2269 626 2348 perveniunt
647 2270 703 2329 nisi
725 2288 818 2348 nsque
846 2268 882 2329 ad
905 2269 1024 2346 trIginta
1046 2267 1119 2329 duas
1141 2270 1256 2348 species
1278 2267 1453 2347 pentasylla-

165 2369 282 2431 barum.
312 2372 385 2430 item
407 2371 563 2430 varietates
585 2369 839 2450 hexasyllabarum
861 2389 921 2430 non
944 2371 1120 2448 perveniunt
1140 2372 1198 2430 nisi
1214 2370 1357 2447 usquead
1373 2389 1455 2430 sexa·

123 2490 152 2530 sa
165 2474 247 2550 ginta
270 2479 412 2551 quattuor
434 2473 558 2551 species,
601 2473 644 2531 vis
665 2473 742 2532 scire
765 2490 869 2533 verum
891 2490 971 2541 esse,
1000 2474 1140 2552 quoniam
1168 2473 1224 2532 boc
1249 2480 1294 2533 est
1316 2471 1454 2532 naturali·

165 2583 225 2645 ter,
249 2592 307 2635 nec
329 2573 397 2653 plns
418 2582 504 2654 potes
525 2574 675 2634 inveniret
709 2592 777 2633 ecce
812 2574 848 2634 de
871 2572 1019 2652 disyllabis
1041 2573 1098 2635 boc
1121 2573 1242 2651 colligis.
1289 2574 1363 2635 duae
1386 2582 1456 2634 sunt

163 2675 305 2756 syllabae.
350 2676 486 2755 quidvis
509 2693 574 2736 esse
596 2676 665 2736 istas
687 2675 831 2756 syllabas?
859 2685 909 2736 ant
936 2674 1040 2736 ambae
1069 2676 1174 2737 breves
1195 2685 1277 2746 sunt,
1307 2695 1376 2737 ecce
1399 2695 1455 2737 nna

168 2780 300 2859 species;
335 2787 387 2839 aut
408 2778 512 2838 ambae
534 2777 640 2856 longae
661 2786 743 2848 sunt,
768 2797 837 2838 ecce
860 2777 951 2838 altera
973 2779 1102 2856 species;
1126 2786 1174 2839 aut
1196 2780 1278 2858 prior
1301 2777 1397 2838 brevis
1414 2784 1457 2838 est

163 2889 195 2942 et
217 2880 366 2960 posterior
388 2878 490 2957 longa;
512 2889 564 2940 aut
584 2882 666 2959 prior
688 2879 776 2958 longa
799 2887 844 2941 est
866 2889 895 2940 et
916 2881 1064 2960 posterior
1086 2880 1194 2941 brevis.
1238 2881 1336 2940 inveni
1359 2868 1455 2948 aliam,

121 2985 190 3043 nsi
213 2990 308 3061 potes.
355 2981 492 3061 quicquid
515 2982 639 3051 dixeris,
663 2982 721 3043 buc
743 2983 896 3060 redigitur.
943 3000 1047 3042 omnes
1069 2983 1185 3042 numeri
1207 2983 1357 3043 varietatis
1377 2983 1456 3041 intra

163 3093 307 3164 quattuor
329 3085 444 3163 species
467 3085 640 3145 consistunt.
686 3093 716 3145 et
743 3103 801 3164 quo
830 3084 917 3145 modo
945 3083 1074 3145 diximus
1096 3084 1133 3145 de
1155 3082 1318 3163 disyllabis,
1348 3083 1390 3143 sic
1419 3082 1456 3142 de

164 3184 341 3266 trisyllabis,
365 3186 408 3246 sic
431 3185 467 3245 de
489 3185 695 3264 tetrasyllabis.
740 3188 812 3248 istae
835 3197 903 3248 sunt
925 3187 1088 3266 synzygiae.
1120 3185 1124 3268 Ι

251 3287 384 3348 Diximus
406 3289 485 3348 arsin
509 3297 538 3347 et
560 3288 657 3348 thesin
680 3287 800 3357 babere¹
814 3287 941 3369 aliquam
963 3291 1118 3348 rationem.
1164 3296 1297 3366 tempora
1319 3289 1350 3347 in
1373 3286 1455 3366 pedi·

165 3389 223 3449 bus
245 3389 423 3468 tripertitam
448 3387 558 3471 babent
580 3390 762 3451 divisionem.
808 3399 859 3451 aut
886 3407 979 3466 aequa
1008 3389 1114 3450 dicitnr
1142 3388 1260 3460 divisio,
1284 3397 1334 3450 aut
1356 3386 1454 3467 dupla,

131 3498 219 3551 saut
240 3489 376 3570 sescupla
399 3490 519 3567 dicitnr,
544 3510 599 3552 nec
621 3501 706 3570 potes
727 3495 861 3553 invenire
883 3491 968 3551 aliam
992 3491 1174 3552 divisionem.
1218 3494 1291 3553 istae
1313 3499 1374 3552 tres
1389 3499 1457 3551 suat

168 3600 296 3660 tantum,
321 3610 414 3671 aequa
437 3593 523 3673 dupla
551 3594 694 3672 sescupla.
746 3613 839 3674 aequa
868 3593 976 3653 dicitnr
1007 3601 1037 3653 et
1058 3592 1214 3675 dactylica3
1245 3613 1320 3674 quae
1349 3593 1456 3653 dicitnr

171 3691 269 3771 dupla,
293 3693 401 3755 dicitnr
428 3704 458 3754 et
485 3694 626 3764 iambica;
656 3696 791 3776 sescupla
821 3697 928 3756 dicitnr
956 3679 986 3756 el
1013 3698 1164 3775 paeonica.
1209 3696 1373 3766 videamus,
1399 3713 1456 3773 quo

175 3793 265 3854 modo.
310 3814 385 3874 quae
409 3805 453 3856 cst
474 3814 581 3874 aequa,
605 3817 680 3876 quae
702 3798 804 3878 dupla,
829 3817 903 3878 qnae
926 3796 1078 3877 sescupla?
1102 3817 1195 3878 aequa
1218 3798 1326 3859 dieitur
1342 3798 1454 3866 divisio,

179 3899 304 3972 quotiens
326 3906 371 3957 tot
394 3906 528 3977 tempora
550 3898 639 3960 babet
660 3902 747 3968 arsiS,
771 3910 841 3979 quot
864 3907 893 3960 et
915 3900 1017 3961 thesis.
1062 3919 1152 3961 unum
1176 3910 1204 3961 et
1227 3919 1318 3961 unum
1338 3908 1457 3980 tempus

1467 3265 1526 3324 425,
1541 3267 1574 3314 20

1468 3335 1527 3392 481,
1543 3335 1572 3381 11

240 4071 255 4114 t
272 4068 454 4116 declinationes
472 4070 595 4131 quemdum
615 4071 767 4134 adscriptum
787 4086 843 4120 ease
864 4070 970 4132 uidetur,
990 4078 1016 4119 ut
1031 4070 1236 4120 declinationibus
1249 4071 1394 4137 quidusdam
1412 4086 1456 4120 no-

186 4135 257 4184 nirnan
268 4146 293 4187 et
309 4137 440 4187 verborum
457 4141 545 4202 [onyae
562 4140 735 4191 uocabulorum
752 4141 860 4203 foratae,
878 4157 943 4204 yeme
954 4142 1091 4206 synzygiae
1109 4141 1261 4204 dicerentur,
1278 4142 1347 4204 effici
1360 4141 1456 4190 indica·

189 4211 246 4252 retur
292 4207 308 4256 o
326 4209 465 4273 synzygias
483 4209 568 4259 ABG
618 4211 633 4258 7
655 4211 693 4259 vel
712 4211 744 4258 de
763 4210 812 4259 illis
829 4211 984 4276 duplicibus,
1003 4212 1053 4258 nisi
1066 4212 1144 4274 plura
1161 4212 1207 4260 ltoc
1225 4214 1280 4262 loeo
1295 4212 1455 4270 exciderunt,

191 4272 217 4318 td
239 4291 265 4324 eu
291 4293 354 4342 quae
378 4286 523 4343 sequuntur,
550 4278 636 4328 uelde
653 4280 752 4329 duabus
771 4279 875 4342 syllabis
893 4280 931 4328 vel
949 4281 981 4329 de
1000 4279 1089 4337 tribus,
1108 4280 1238 4345 adscripta
1258 4296 1313 4330 esce
1330 4280 1454 4330 uidentur.

193 4351 234 4389 ΜΕ
249 4355 362 4408 quattuor
383 4356 409 4397 et
431 4363 479 4397 sex
499 4349 651 4414 syllabarum
667 4350 760 4412 perles,
776 4352 835 4414 yreia
852 4349 984 4414 disyllabis
1002 4351 1041 4399 uel
1057 4350 1196 4415 trisyllabis
1211 4351 1341 4412 yeminctic
1355 4352 1454 4411 fierent,

162 4435 165 4438 ·
195 4405 285 4473 duplices
301 4419 422 4467 dixerunt
436 4420 604 4480 yramrnatiri:
624 4420 658 4476 ef.
673 4421 743 4479 infra
759 4436 785 4481 p.
801 4421 835 4470 ot
907 4421 963 4470 liet
981 4419 1029 4467 boc
1048 4429 1086 4468 est
1102 4420 1126 4467 A
1198 4419 1286 4470 l'lilln
1304 4420 1388 4469 brevis
1407 4429 1454 4475 est,

196 4488 318 4536 tutelerunt
334 4497 359 4536 et
382 4497 470 4549 quarta
489 4488 610 4553 syzygia3
635 4492 767 4538 varietates
785 4491 856 4553 ipsae
873 4492 978 4540 coniecit
996 4489 1188 4541 Lindemannus.
1215 4490 1262 4538 sed
1280 4493 1367 4553 plures
1383 4490 1455 4537 etiarn

196 4549 305 4626 ittietuteo
321 4561 377 4607 atim
396 4566 556 4608 enumeratae
572 4557 654 4619 fuisse
671 4559 794 4611 uidentur,
822 4576 900 4624 quare
917 4562 1029 4608 lucrinum
1046 4561 1154 4609 indicavi
1237 4558 1269 4609 18
1292 4560 1363 4623 ipsae
1384 4558 1454 4606 Be'a

198 4624 265 4674 lpsrA
329 4628 360 4678 ‘21
381 4637 464 4691 potest
482 4628 597 4676 inuenire
615 4628 640 4676 A
658 4638 740 4693 potest
760 4631 867 4678 inueniri
887 4629 938 4679 BG
987 4626 1183 4690 colligitABC
1250 4630 1284 4677 22
1302 4643 1359 4676 ecce
1377 4628 1455 4674 altera

198 4681 417 4748 Aoeatranca
487 4699 521 4749 ‘26
537 4699 675 4746 corrsistant
691 4700 741 4747 Ao
809 4701 840 4747 27
861 4697 933 4766 istae]
952 4701 1022 4763 ipsae
1039 4699 1122 4749 ABG
1189 4698 1222 4747 32
1241 4698 1372 4746 uideamus
1392 4712 1451 4758 quo·

199 4755 318 4833 'illosum
341 4769 405 4816 istae
427 4782 508 4830 nequa
531 4768 623 4815 dicitnr
644 4769 666 4816 l.
752 4767 785 4818 3⁴
805 4770 871 4818 arsis
891 4768 1091 4833 (quotitidie)
1117 4779 1140 4819 et
1165 4768 1242 4817 thesis
1263 4782 1343 4828 nequa
1364 4767 1455 4815 dicitnr

200 4815 267 4878 dltutio
284 4849 329 4886 nnn
351 4847 375 4887 et
393 4852 469 4886 nnnm
489 4847 513 4886 et
532 4852 607 4885 tinum
627 4848 726 4901 tempus
745 4839 769 4885 A
