3346 5498
222 363 264 428 58
779 362 955 426 cernetur

248 487 269 528 p.
284 475 384 516 tart-to
397 473 420 514 P.

222 572 288 614 ruur
311 554 349 614 ab
371 553 489 634 activo}
526 552 734 614 moribundus:
765 551 801 612 ab
825 572 861 612 eo
884 551 962 630 quod
986 560 1029 612 est
1052 553 1181 612 moriens
1204 550 1273 611 tolle
1290 570 1320 620 s,
1348 549 1424 610 adde
1447 549 1511 619 dus,

223 675 281 717 non
310 657 379 716 iacit
408 663 524 735 tempus
552 655 684 716 futurum
712 673 728 714 a
756 656 888 734 passivo,
921 655 998 714 sicut
1026 672 1127 713 aurens
1160 653 1318 723 amandus,
1348 654 1424 712 sicut
1457 650 1512 711 alia

121 757 342 832 383,2similia;
364 756 415 818 sed
432 765 477 818 est
491 757 672 837 participale.
690 791 730 800 —
746 758 873 818 Activa
890 764 975 816 sunt
998 773 1089 835 quae
1111 775 1129 814 o
1152 754 1279 815 littera
1302 757 1512 815 terminan-

222 867 280 920 tur
301 855 314 942 11
331 868 367 920 ει
388 869 543 939 accepta
572 879 588 920 r
608 859 735 920 littera
764 860 970 919 faciuntea
992 877 1034 919 se
1050 859 1212 936 passiva,
1236 855 1374 935 utlego
1391 855 1511 934 legor:

221 963 346 1022 activum
372 961 493 1022 verbum
516 967 576 1030 cst,
592 960 670 1040 quod
694 980 712 1020 o
733 959 824 1021 habet
846 969 875 1020 et
891 960 989 1020 addito
1012 978 1027 1019 r
1049 960 1198 1039 passivum
1219 957 1223 1037 Ι
1242 958 1322 1019 iacit.
1360 976 1429 1020 nam
1452 976 1538 1023 none

222 1072 322 1144 potest
346 1082 411 1124 esse
433 1064 569 1132 activum,
594 1062 673 1142 quod
693 1081 752 1122 non
768 1063 857 1122 iaciat
871 1065 1035 1140 passivum,
1061 1080 1157 1141 neque
1171 1063 1334 1140 passivum,
1359 1060 1437 1140 quod
1455 1079 1514 1120 non

222 1167 309 1227 iaciat
325 1168 462 1227 activum.
498 1173 637 1225 neutrum
654 1172 712 1234 est,
729 1166 754 1224 si
765 1183 830 1224 non
848 1164 936 1225 iaciat
956 1166 1112 1244 passivum.
1151 1174 1323 1238 commune,
1347 1163 1424 1242 quod
1441 1164 1515 1223 casi-

222 1268 277 1329 bus
300 1268 493 1342 discernitur,
523 1266 600 1346 quod
624 1276 654 1326 et
675 1265 713 1327 ab
735 1269 829 1327 activo
853 1278 882 1327 ct
903 1286 920 1326 a
942 1269 1057 1346 passivo
1080 1268 1110 1325 in
1133 1267 1277 1326 ervenit.
1314 1266 1366 1326 sed
1389 1267 1513 1326 activam

222 1371 469 1448 significationem
491 1370 673 1428 accusativus
695 1369 786 1447 regit,
811 1371 953 1446 passivam
977 1368 1133 1438 ablativus,
1158 1377 1192 1429 ut
1206 1369 1351 1428 criminor
1367 1377 1395 1428 te
1411 1377 1441 1453 et
1456 1369 1514 1428 cri-

193 1476 320 1532 tminor
346 1490 362 1532 a
384 1470 607 1532 te—Neutra
631 1469 736 1550 [sunt
758 1488 851 1549 quae
874 1472 908 1531 in
931 1458 953 1530 r‘
974 1471 1103 1531 littera
1127 1472 1391 1538 terminantur,
1416 1478 1451 1531 et
1474 1488 1551 1532 earo

222 1576 355 1634 amissa
377 1572 538 1635 redeunt
559 1574 595 1632 irr
618 1575 751 1642 activa,
775 1580 813 1633 ut
835 1571 939 1652 legor
962 1572 1053 1650 lego.
1084 1571 1235 1654 neutra]
1261 1574 1387 1633 activum
1404 1571 1515 1634 liabent

223 1684 345 1736 tantum.
384 1675 436 1736 sed
459 1677 527 1755 quia
550 1673 624 1735 illud
646 1674 720 1735 alter
743 1694 803 1736 non
824 1677 949 1755 patitur,
981 1677 1107 1736 activum
1135 1685 1276 1744 nonest,
1307 1663 1340 1735 ut
1367 1681 1447 1735 nato.
1472 1708 1513 1717 —

194 1779 314 1838 oSunt
344 1779 452 1838 etiam
483 1785 631 1848 neutra,
663 1795 754 1856 quae
782 1779 792 1837 i
820 1776 949 1837 littera
981 1779 1245 1845 terminantur,
1280 1783 1318 1836 ut
1345 1775 1405 1836 odi
1426 1778 1514 1836 novi

222 1881 385 1940 memini:
409 1880 459 1940 odi
482 1883 624 1959 temporis
645 1881 799 1959 praeteriti
821 1879 946 1959 perlecti
969 1887 1016 1940 est
1039 1877 1086 1959 [ut
1108 1878 1155 1938 odi
1179 1880 1246 1939 novi
1261 1877 1414 1958 memini],
1438 1881 1515 1939 sicut

222 1981 288 2060 legi.
327 1999 395 2042 nam
417 1981 495 2061 quod
525 1981 598 2042 dicis
627 1980 712 2042 ‘odio
736 1990 765 2041 te
793 1979 924 2055 babeo',
955 1968 1065 2042 nomeu
1095 1989 1152 2050 cst,
1182 2000 1241 2041 non
1267 1979 1399 2041 verbum.
1446 1998 1552 2041 namra

222 2084 382 2144 Terentius

375 2170 481 2229 miris
503 2168 619 2229 modis
642 2168 766 2230 odisse
789 2171 897 2229 aiunt
918 2168 1200 2229 adulescentem
1223 2168 1400 2229 Sostrata.

195 2286 264 2333 7-
287 2272 376 2332 Sunt
395 2268 400 2353 Ι
419 2273 505 2332 item
529 2289 621 2348 quae
643 2273 679 2331 iu
703 2289 757 2331 urn
781 2269 961 2352 syllabam
985 2254 1175 2341 desinant,
1199 2278 1512 2350 utsumprosum:

223 2392 287 2433 sum
310 2375 504 2453 praeteritum
527 2373 724 2452 inperfectum
742 2375 810 2433 tacit
825 2392 923 2442 eram;
948 2376 976 2433 in
994 2375 1157 2452 coraposito
1173 2374 1242 2432 iacit
1256 2372 1370 2432 adsum.
1408 2391 1514 2433 secun·

224 2475 278 2535 dae
301 2475 515 2554 coniugatiouis
537 2475 698 2554 productae
721 2483 777 2535 est:
802 2477 845 2535 sic
868 2475 992 2536 dicimus
1015 2495 1059 2544 es,
1084 2493 1143 2552 quo
1165 2475 1253 2535 modo
1277 2493 1394 2544 mones,
1423 2484 1456 2536 ut
1477 2477 1553 2540 sitro

194 2577 433 2642 eoircumilexus
448 2587 596 2638 accentus.
615 2611 654 2620 ·—-
670 2578 760 2638 ltem
777 2597 868 2658 quae
891 2587 903 2638 t
925 2578 1055 2638 littera
1079 2587 1228 2648 exeunt,
1254 2577 1515 2656 utpudettae·

224 2679 284 2739 det
310 2681 494 2758 paenitet:
525 2679 629 2739 taedeo
652 2682 682 2740 in
705 2681 809 2741 Casina
832 2680 927 2741 Plauti
949 2677 1083 2757 legimus.
1120 2679 1283 2740 secundum
1313 2680 1369 2740 lroc
1391 2679 1514 2740 verbum

223 2780 388 2861 principale
410 2783 538 2860 positum
562 2789 606 2842 est
627 2782 813 2861 ‘pertaeduit
835 2802 882 2844 me
903 2780 984 2842 illius
1006 2783 1077 2851 rei',
1102 2788 1131 2842 et
1153 2783 1339 2862 ‘pertaesum
1363 2791 1408 2843 est
1422 2780 1514 2842 illius'

195 2885 281 2948 siam
302 2903 358 2963 pro
382 2882 506 2944 arbitrio
528 2881 687 2944 scribentis
709 2893 882 2966 usurpatum
906 2890 959 2944 est.
976 2919 1017 2927 -
1033 2883 1101 2944 Sed
1124 2884 1217 2945 haec
1240 2892 1274 2945 et
1295 2883 1430 2944 similia
1454 2884 1514 2944 dc·

222 2986 237 3044 1
241 2987 364 3046 ectiva
387 2984 632 3046 existimanda
648 2996 743 3047 suut:
768 2988 928 3048 notandum
944 3005 1014 3047 sane
1029 2988 1127 3047 omnia
1150 2986 1349 3066 inpersonalia
1371 2986 1514 3047 delectiva
1529 3009 1553 3048 ro

224 3106 298 3149 esse.
319 3120 363 3134 —
384 3109 403 3145 e
426 3086 477 3148 sed
500 3085 571 3147 illud
595 3086 701 3149 melius
724 3098 782 3159 est,
814 3089 892 3169 quod
916 3097 1018 3149 carent
1040 3090 1195 3169 participio
1217 3090 1309 3150 iuturi
1334 3089 1477 3168 temporis
1499 3107 1514 3149 a

92 3272 94 3278 Ι
179 3209 207 3256 11
222 3192 401 3269 passivo.——
419 3190 631 3252 Communia
654 3199 740 3251 sunt
761 3211 854 3271 <luae
877 3211 892 3251 r
914 3192 1043 3252 littera
1059 3192 1309 3252 terminantur
1325 3192 1410 3251 etin
1427 3190 1516 3251 duas

224 3293 361 3354 iormas
383 3292 533 3353 cadunt:
559 3293 648 3354 vador
664 3291 748 3355 illum
764 3297 885 3373 agentis,
901 3294 992 3354 vador
1008 3294 1044 3354 ab
1066 3293 1117 3353 illo
1139 3295 1292 3372 patientis;
1307 3291 1443 3353 similiter
1457 3293 1516 3352 cri·

224 3397 330 3456 minor.
368 3404 521 3466 neutrum,
550 3399 617 3475 quia
640 3415 696 3456 nec
718 3399 845 3458 activum
868 3405 913 3458 est
936 3395 940 3478 1
967 3415 1021 3457 nec
1043 3398 1200 3475 passivum,
1238 3395 1406 3473 deponens,
1436 3393 1515 3474 quod

180 3507 239 3556 13r
261 3495 389 3557 litteram
413 3516 572 3577 numquam
596 3497 738 3577 deponat,
763 3518 817 3578 per
844 3500 1056 3561 catantilrasiu.
1093 3533 1132 3543 >—-
1166 3500 1258 3560 Sunt
1279 3497 1389 3558 verba
1412 3505 1553 3561 entrare

225 3597 517 3677 trancregulam,
541 3600 860 3679 quaeiuaoqualia
877 3600 1069 3661 dicuntur:
1093 3599 1257 3681 inaequalia
1273 3599 1411 3659 dicuntur
1426 3598 1516 3659 verba

224 3716 301 3777 quac
322 3700 353 3758 in
376 3703 526 3778 praesenti
550 3709 685 3781 tempore
707 3704 791 3781 quasi
813 3704 905 3762 activa
928 3712 997 3764 suut
1018 3712 1049 3763 et
1069 3705 1098 3763 in
1114 3704 1275 3783 praeterito
1291 3703 1373 3781 quasi
1388 3703 1516 3780 passiva,

164 3807 165 3810 ’
224 3808 257 3859 ut
279 3798 361 3861 soleo
384 3801 487 3862 solitus
509 3822 591 3872 sum,
614 3802 728 3880 gaudeo
751 3805 867 3881 gavisus
888 3824 968 3873 sum,
994 3806 1031 3865 iio
1054 3807 1148 3866 lactus
1170 3824 1249 3874 sum,
1273 3802 1332 3863 fido
1354 3804 1425 3863 fisus
1439 3822 1517 3878 sum,

225 3910 255 3960 et
276 3904 360 3981 siqua
382 3911 451 3962 sunt
465 3904 580 3965 similia.
619 3924 686 3965 nam
702 3904 783 3966 soleo
799 3906 875 3967 solui
890 3906 993 3968 debuit
1008 3905 1137 3990 laticem,
1161 3906 1277 3986 gaudeo
1293 3904 1412 3985 gaudui.
1450 3905 1516 3965 lero

225 4021 285 4064 non
308 4005 378 4064 iacit
398 4006 525 4067 interior
546 4006 598 4067 sed
621 4005 737 4068 iulator.
774 4007 879 4069 vescor
901 4008 1022 4070 dubiunr
1046 4016 1145 4070 utrum
1168 4011 1294 4070 vescitus
1316 4007 1442 4077 dicatur,
1467 4014 1554 4071 autes

180 4121 211 4168 16
223 4105 301 4165 lorte
323 4104 391 4165 ideo
406 4122 538 4177 vescor,'
549 4111 617 4187 quia
632 4126 689 4169 ooo
705 4110 775 4170 lacit
791 4112 886 4170 vescui
904 4109 1012 4191 [audeo
1028 4129 1116 4170 ausus
1131 4108 1221 4190 sum].
1245 4145 1286 4153 -
1309 4109 1402 4170 Sunt
1423 4127 1516 4188 quae

295 4269 588 4328 Cod.Ber·n.X2*-⁶i.
644 4278 822 4330 3terminntur
870 4280 991 4329 beldeto
1045 4277 1215 4346 ipassivum]
1232 4281 1342 4329 uotiuum
1397 4278 1518 4330 llbabet

278 4348 310 4398 12
322 4345 379 4398 illut
431 4347 463 4398 13
476 4347 551 4414 quoe]
568 4350 611 4413 qni
664 4349 832 4415 20productn
883 4350 1047 4399 andcentus
1097 4350 1164 4400 tedet
1178 4352 1274 4416 penitet
1290 4350 1362 4399 redeo
1413 4348 1517 4416 23per·

224 4416 304 4465 reduit
355 4424 483 4481 pertesum
537 4419 571 4469 26
591 4419 661 4468 illum
717 4419 751 4470 34
769 4416 865 4485 debuit]
887 4420 961 4468 debui
986 4419 1061 4468 debui
1113 4419 1147 4471 35
1166 4420 1258 4468 dubiae
1311 4418 1479 4472 eoronam.

296 4573 329 4625 16
346 4570 489 4639 Terentius]
509 4575 573 4624 Hee.
594 4575 603 4622 l
622 4576 648 4634 ’2,
668 4574 717 4625 104
787 4577 821 4625 22
841 4576 930 4625 taedeo
947 4577 971 4624 iu
989 4575 1083 4625 Casina
1098 4577 1186 4626 Plarrti
1201 4591 1266 4625 nunc
1281 4591 1330 4625 non
1348 4576 1454 4638 lepiturr
1471 4576 1519 4624 sed

224 4643 384 4705 inperaooole
405 4643 489 4692 taedet
503 4654 541 4694 est
556 4644 615 4698 Cos,
636 4647 646 4693 l
665 4647 698 4695 54
715 4647 787 4707 abeo,
808 4646 890 4695 taedet
910 4646 944 4693 tui
958 4647 1082 4695 sermonis
1134 4645 1168 4696 ‘26
1186 4647 1232 4696 sed
1251 4644 1313 4694 illud
1326 4671 1359 4680 -
1372 4659 1387 4693 a
1402 4646 1516 4709 passivo,

226 4729 290 4777 quoe
310 4730 345 4762 ex
362 4715 502 4776 definitione
522 4715 669 4775 deponentis
690 4715 761 4764 verbi
785 4718 875 4766 relicto
904 4724 962 4765 sunt
985 4724 1043 4776 post
1066 4715 1100 4765 30
1123 4732 1169 4780 per
1197 4714 1373 4764 entantiirasiu
1402 4715 1517 4764 videntur

225 4784 372 4833 collocando
391 4799 447 4834 esse
514 4783 547 4834 35
563 4784 666 4834 dubium
686 4785 819 4836 Patrobios
890 4786 924 4837 311
943 4785 1023 4834 audeo
1039 4801 1116 4835 susus
1135 4800 1190 4835 sum
1208 4797 1264 4851 post
1283 4785 1316 4836 33
1335 4785 1442 4853 gavisus
1457 4799 1516 4837 sum

225 4854 449 4921 collocanda-esse
466 4854 583 4905 videntur
1508 4858 1509 4861 ’
