3346 5498
123 317 185 383 608
240 367 242 371 -
676 317 855 381 uacuum!

154 440 174 480 p.
188 428 291 468 atas-tt
306 425 329 466 P.

125 509 204 570 tione
233 513 283 568 ant
310 526 331 585 η
358 516 410 567 aut
437 526 452 567 ε
479 514 548 568 ante
576 518 624 567 σω
652 507 819 585 reperitur,
843 504 941 567 πωλῶ
969 501 1126 586 πωλήσει,
1148 505 1249 586 φορῶ
1273 500 1436 585 φορέσω.

126 618 156 672 et
177 608 255 688 apud
277 607 360 678 illos,
383 605 521 688 quotiens
543 610 575 669 iu
597 609 697 669 lnturo
720 626 735 668 ε
758 592 826 668 ante
848 619 896 668 σω
916 608 1052 686 ponitur,
1082 607 1204 670 brevem
1233 626 1308 670 esse
1338 626 1436 689 prae·

126 714 220 775 sentis
241 710 451 790 paenultimam
479 709 668 771 observatum
692 717 748 770 est.
795 728 850 770 uee
874 716 970 770 tannen
999 711 1152 789 reciproca
1173 717 1221 773 est
1241 713 1435 781 necessitas,

127 822 173 884 nt,
197 814 335 893 qarotieus
361 811 460 873 brevis
488 819 535 873 est
560 811 739 891 paenultima
767 811 949 890 praesentis,
978 829 995 873 ε
1021 819 1089 873 ante
1111 825 1160 872 σω
1182 814 1223 875 sit
1244 814 1281 875 in
1304 813 1435 876 futuro:

127 934 197 989 ecee
226 917 305 975 enim
332 913 402 1001 voci
428 908 557 994 νοήσω,
586 911 675 992 φιλῶ
703 908 846 993 φιλήσω.
889 912 1019 975 secunda
1041 914 1212 992 coniugatio
1233 922 1290 976 aut
1312 934 1335 995 η
1360 922 1460 977 antes

128 1030 177 1085 σω
206 1019 236 1078 iu
262 1018 363 1077 iuturo
389 1014 493 1084 habet,
522 1022 555 1075 ut
576 1006 667 1075 darni
689 1008 841 1095 ὀστήσω,
870 1021 921 1076 aut
941 1034 963 1075 α
983 1015 1175 1095 productum,
1206 1022 1240 1078 ιιι
1268 1010 1435 1098 κεράσω,

57 1157 66 1175 .
128 1127 179 1186 aut
201 1137 222 1177 α
249 1124 434 1197 correptum,
464 1125 497 1178 ut
522 1111 664 1196 γελάσω.
700 1112 985 1198 'deprehensamque
1012 1126 1057 1179 est
1079 1136 1182 1178 eorum
1203 1119 1389 1181 luturorum
1413 1138 1436 1179 α

131 1223 162 1283 in
185 1219 366 1301 paenultima
388 1219 529 1299 produci,
552 1237 680 1300 quorum
702 1237 845 1298 praesens
867 1226 918 1280 aut
939 1218 1049 1281 nullam
1064 1227 1281 1283 consonantem
1302 1228 1382 1283 ante
1406 1239 1435 1281 ω

131 1330 182 1384 aut
204 1341 224 1402 ρ
247 1320 350 1390 habet,
375 1315 420 1381 ἐῶ
443 1315 544 1399 ἐάσω,
567 1320 659 1400 περῶ
681 1315 834 1399 replico,
857 1323 889 1381 in
910 1322 1093 1383 eontrarium
1116 1338 1175 1382 non
1197 1321 1353 1386 redeunte
1377 1342 1433 1385 ne·

130 1427 286 1494 cessitate,
309 1421 455 1504 siquidem
478 1421 547 1503 χρῶ
569 1406 682 1503 χρήσω
704 1423 775 1484 lacit
796 1430 826 1483 et
848 1417 960 1500 ἐγγυῶ
983 1418 1151 1504 ἐγγυήσωι
1174 1423 1237 1486 iilic
1259 1442 1336 1485 vero
1360 1444 1432 1487 eor-
1446 1442 1470 1481 n

131 1529 206 1607 ripi,
230 1525 281 1586 uhi
304 1527 335 1586 in
363 1525 513 1604 praesenti
537 1520 541 1603 l
569 1532 638 1585 ante
660 1543 687 1584 ω
709 1523 729 1584 i
751 1525 917 1593 invenitur,
939 1523 1027 1602 γελῶ
1049 1519 1190 1603 γελάσω.
1236 1527 1291 1587 sed
1314 1545 1377 1589 nee
1399 1527 1433 1589 in

132 1629 188 1689 hoo
210 1628 282 1689 haee
310 1628 340 1687 iu
369 1644 401 1687 se
430 1627 591 1686 necessitas
619 1625 711 1697 redit,
740 1623 849 1686 aeolici
877 1620 1040 1706 κολίήσω.
1084 1620 1234 1688 aerariae>
1260 1635 1383 1690 autem·
1399 1638 1432 1690 et

133 1725 264 1804 ὄιψιίσω
295 1727 395 1789 dorica
424 1733 494 1788 sunt
520 1746 576 1806 per
605 1727 696 1790 solam
723 1728 867 1797 litteram,
898 1745 955 1789 non
979 1729 1068 1788 etiam
1092 1746 1147 1807 per
1169 1737 1349 1790 accentum:
1385 1731 1431 1793 illi

133 1833 212 1893 enim
235 1833 265 1891 in
288 1832 368 1891 omni
395 1830 495 1891 lutura
523 1831 554 1890 iu
577 1848 603 1890 ω
626 1831 780 1891 desinente
810 1829 940 1891 ultimam
968 1831 1215 1891 circumflectunt.
1260 1832 1354 1893 tertia
1379 1839 1432 1893 aut

134 1952 160 1994 ω
182 1935 213 1994 in
241 1932 420 2012 paenultima
448 1933 540 1993 luturi
564 1932 654 1993 lrallet
676 1940 726 1994 aut
747 1952 776 1992 o.
821 1932 872 1992 sed
896 1932 945 1992 lrie
973 1941 1055 1994 certa
1077 1931 1230 1993 distinctio
1252 1939 1309 1993 est.
1360 1952 1431 1995 nam
1445 1950 1469 1989 ιε

135 2034 223 2096 verba
246 2053 320 2115 (prae
349 2033 510 2095 derivativa
533 2041 602 2094 sunt
629 2052 655 2093 ω
683 2034 809 2104 lrabeut;
838 2023 913 2114 q'uae
937 2052 1007 2094 vero
1029 2033 1204 2113 principalia
1228 2052 1285 2094 nee
1307 2053 1347 2095 ex
1372 2035 1433 2096 alio

135 2144 229 2198 tracta
257 2154 290 2204 ο,
320 2131 439 2196 τέκνον
467 2135 573 2197 aeneai
603 2131 778 2215 τεκνώσει,
810 2131 975 2216 στέφανος
1007 2134 1163 2215 στεφανῶ
1197 2131 1430 2215 στεφανωσω·

100 2234 103 2239 ’
136 2230 327 2317 dpeiantem
351 2228 459 2317 ὀμοῖς,
488 2240 557 2316 qnia
585 2256 643 2298 non
672 2239 836 2299 ‹lerivatum
860 2244 919 2307 est,
942 2230 1054 2317 ὀμόσω
1081 2237 1154 2298 lacit
1182 2245 1213 2296 et
1234 2229 1307 2316 ἀρῶ
1331 2231 1434 2317 ripole

135 2331 260 2418 ἀρόσω.
305 2339 382 2417 apud
410 2339 538 2399 Graecos
566 2357 622 2398 nou
657 2339 743 2399 lacile
771 2341 867 2420 prima
894 2339 1005 2419 syllaba
1033 2340 1204 2419 praesentis-
1226 2346 1364 2400 mutatur
1398 2342 1433 2401 iu

138 2441 253 2511 laturo,
277 2441 353 2520 ‹prrod
377 2443 549 2520 praemissis
571 2439 685 2520 patebit
707 2442 829 2519 regulis
859 2443 992 2502 luttrrum
1007 2441 1084 2521 apud
1108 2439 1173 2500 illos
1195 2439 1290 2500 altero
1313 2460 1331 2502 e
1355 2441 1472 2502 σιω-ω

138 2541 193 2602 bus
221 2540 294 2603 loeis
322 2552 469 2612 ureretur,
498 2550 549 2603 aut
580 2540 682 2603 ultimo
710 2551 761 2604 aut
788 2543 978 2623 paenultima.
1022 2541 1145 2604 ultimus
1178 2541 1295 2603 duobus
1332 2543 1435 2605 arandis

137 2650 288 2713 movetur,
316 2651 366 2705 aut
392 2644 501 2705 litteris
532 2651 583 2706 aut
609 2653 748 2706 accentu:
780 2643 902 2713 litteris,
937 2652 968 2703 ut
995 2637 1115 2723 γράφω
1144 2638 1279 2722 γράψω,
1308 2641 1435 2706 νύσσω

137 2740 242 2819 veiim,
270 2753 409 2816 accentu,
439 2755 471 2806 ut
493 2742 581 2826 νέμω
603 2746 706 2826 vapsi,
734 2742 820 2824 δέρω
848 2741 945 2823 δερῶ.
990 2752 1020 2804 et
1047 2763 1113 2804 eum
1135 2752 1269 2805 ureretur
1293 2745 1434 2817 ultimus,

138 2866 197 2908 non
212 2849 293 2909 omni
310 2847 395 2908 modo
412 2855 508 2908 movet
521 2848 751 2927 paenultimum;
775 2855 871 2908 motus
893 2854 990 2907 autem
1013 2845 1213 2926 paenultimae
1235 2848 1317 2908 omni
1342 2849 1436 2910 modo

138 2948 273 3010 ultimam
296 2956 406 3018 nlovet,
436 2941 557 3028 ἀγείρω
579 2941 705 3028 ἄγερσί,
734 2947 855 3029 prolum
877 2946 996 3028 pronai.
1041 2948 1089 3007 llic
1117 2950 1197 3008 enim
1220 2955 1249 3008 et
1271 2948 1308 3008 de
1332 2967 1432 3029 paen·
1447 2968 1472 3007 es

139 3050 241 3111 ultima
263 3050 414 3113 subtracta
437 3060 482 3112 est
505 3050 619 3120 littera,
653 3060 683 3112 et
704 3053 734 3112 in
759 3052 889 3112 ultimam
913 3050 1022 3111 cecidit
1042 3057 1192 3110 accentus.
1236 3068 1292 3110 nee
1316 3069 1378 3112 non
1404 3062 1437 3115 et

140 3151 248 3231 πνίγω
276 3148 398 3232 aazia,
428 3147 540 3233 ἐρύκω
569 3148 687 3232 ἐρύξω.
732 3161 842 3214 mutata
870 3161 915 3213 est
943 3159 973 3211 et
1001 3149 1096 3211 dualis
1124 3153 1155 3211 iu
1177 3150 1276 3212 littera
1298 3160 1331 3213 et
1352 3171 1437 3232 quae

140 3254 290 3315 antecedit
311 3257 342 3315 in
365 3262 514 3334 tempore,
539 3255 685 3334 siquidem
709 3276 720 3314 ι
743 3262 773 3314 et
794 3274 816 3313 υ
839 3253 997 3314 vorlrorum
1014 3271 1103 3332 supra
1119 3254 1264 3313 dictorum
1286 3253 1318 3314 in
1343 3273 1438 3334 prae·

141 3332 219 3418 sedti
241 3357 360 3436 quidem
382 3357 595 3437 producuntur,
619 3360 823 3437 corripiuntur
845 3364 943 3418 autem
966 3358 996 3415 in
1020 3358 1130 3416 tuturo.
1161 3357 1186 3416 si
1209 3373 1280 3433 ergo
1303 3375 1440 3420 neeesse

141 3467 186 3520 est
208 3465 241 3519 ut
263 3461 293 3519 iu
317 3458 469 3539 barytouis
488 3459 587 3520 verbis
602 3478 677 3540 quae
693 3458 804 3520 habent
826 3461 856 3519 in
878 3459 1031 3539 praesenti
1053 3464 1120 3519 ante
1143 3475 1169 3516 ω
1192 3455 1337 3537 liquidam
1360 3476 1439 3520 con·
1453 3478 1479 3518 ao

141 3568 294 3621 sonantum
323 3563 354 3621 iu
381 3563 481 3621 tuturo
509 3562 689 3641 paenultima
716 3580 751 3621 ex
781 3562 866 3638 longa
895 3559 995 3620 lucris
1021 3560 1087 3628 fiat,
1112 3551 1441 3642 ultramarinae,

141 3661 263 3742 μιαίνω
285 3661 412 3743 proed,
436 3665 570 3742 sequitur
592 3671 642 3732 ut,
666 3681 733 3723 curu
757 3663 843 3722 lullus
865 3662 944 3722 modi
960 3659 1050 3721 rerba
1065 3659 1208 3740 hispllnlla
1224 3660 1441 3737 reperiuntur,

107 3764 109 3768 ⁴
143 3767 173 3824 in
196 3763 304 3843 quillus
328 3763 439 3842 syllaba
461 3782 536 3843 qum
560 3766 666 3844 incipit
698 3767 762 3844 ipsa
790 3772 835 3824 est
869 3766 971 3843 utique
1005 3760 1199 3843 paenultima,
1234 3767 1304 3820 tune
1335 3771 1442 3825 mnte-

143 3874 192 3926 tur
215 3884 272 3924 nou
295 3867 380 3944 quasi
403 3868 513 3944 prima,
537 3867 588 3926 sed
604 3869 687 3946 quasi
705 3865 897 3945 paenultima,
922 3864 1022 3944 κείρω
1038 3863 1142 3943 aspri,
1161 3859 1287 3940 σπείρω
1302 3866 1443 3946 σπερῶ.

142 3970 183 4028 ita
207 3968 237 4027 irt
261 3974 292 4026 nt
314 3967 390 4046 apud
415 3968 542 4027 Graecos
565 3971 673 4029 mutari
689 3988 747 4028 uun
768 3986 927 4046 rrtrrmpuam
942 3969 1035 4029 futuri
1049 3965 1162 4045 syllaba
1184 3965 1279 4044 prima
1302 3963 1485 4031 dicaturus

143 4071 215 4130 item
238 4063 349 4147 τρέψω
371 4071 497 4148 primam
519 4069 649 4130 litteram
677 4077 879 4149 permutantes
901 4064 1017 4149 θρέψω
1045 4068 1155 4129 iaciunt
1178 4074 1208 4126 et
1229 4062 1292 4143 ἔχω
1317 4064 1445 4150 ψιλόν,

143 4166 204 4244 ἔξω
231 4163 319 4230 δασύ
345 4174 546 4249 pronuntiant.
592 4172 644 4232 sed
665 4169 784 4250 θρέψω
808 4172 927 4252 quidem
956 4179 988 4232 ut
1010 4172 1161 4231 diceretur
1175 4162 1289 4238 Ἴωνες
1312 4168 1445 4236 obtinn-

144 4281 246 4343 erunt,
270 4271 378 4351 quilms
393 4273 485 4334 lillido
501 4283 546 4334 est
562 4276 773 4352 aspirationem
790 4274 876 4333 modo
892 4273 1016 4343 addere,
1040 4273 1127 4333 modo
1149 4272 1284 4331 demere:
1309 4270 1445 4346 addere,

145 4382 176 4435 ut
198 4369 309 4453 τρέψω
335 4370 453 4453 θρέψω
482 4383 512 4436 et
539 4370 650 4454 τρέχω,
671 4369 800 4454 θρέξω,
824 4375 959 4444 demere,
985 4373 988 4456 l
1020 4382 1052 4434 ut
1072 4368 1151 4452 θρίξ
1173 4365 1285 4450 τριχός
1306 4371 1448 4439 iaciunt.

148 4512 342 4520 ——.--.---
354 4513 419 4519 --.·-
426 4514 446 4520 -.

216 4598 228 4647 l
248 4606 305 4644 ante
322 4615 344 4647 ω
359 4598 384 4646 Ρ
434 4594 513 4661 φορῶ
525 4589 635 4659 φορέσω
648 4613 667 4660 p
684 4594 765 4661 φορῶ
778 4592 893 4663 φορήσω
910 4595 934 4644 Ρ
949 4595 1038 4658 orooro
1049 4591 1169 4658 στορὲσω
1187 4593 1391 4649 camerulam

145 4666 235 4715 Ponte
249 4683 270 4716 ω
285 4667 310 4714 P
375 4667 465 4716 ‘larue
486 4665 546 4716 ωΡ
614 4665 706 4715 nante
725 4684 747 4716 ω
766 4665 790 4714 Ρ
856 4666 873 4717 9
893 4667 917 4714 in
937 4667 1088 4715 eontrarium
1109 4665 1211 4714 coniecit
1229 4661 1402 4725 Opsopoeua:
1422 4672 1452 4722 in

145 4750 190 4785 om.
213 4736 235 4784 P
321 4738 352 4787 12
376 4749 486 4787 arouse)
504 4739 528 4787 P
611 4734 645 4786 25
670 4734 776 4801 μιαίνει
798 4733 925 4801 pannon
947 4751 1138 4801 perceperam
1158 4735 1179 4785 Ρ
1247 4730 1281 4786 33
1304 4736 1401 4803 utique
1422 4742 1453 4794 in

146 4803 301 4871 paenultima
318 4809 344 4857 Ρ
409 4801 596 4869 scapiono
618 4813 713 4870 τρεψω
734 4805 756 4855 Ρ
