3346 5498
152 1225 429 1312 EXOERPTA
466 1227 724 1312 ottonom]
759 1229 831 1311 DE
867 1224 1239 1312 DlllFEltFlN'l'IlS
1274 1226 1339 1307 El*

189 1379 558 1468 soolartllssvs
590 1379 787 1466 cannot
818 1381 1103 1487 Latinitate*
1134 1379 1297 1465 VERBI

669 1620 818 1628 ———.

184 1769 276 1849 Quae
305 1769 492 1834 Macrobius
521 1769 561 1834 de
589 1770 778 1835 differentiis
807 1781 839 1836 et
868 1740 1081 1836 societatibus
1102 1770 1212 1854 graeei
1235 1768 1392 1855 latinique

100 1871 192 1937 verbi
220 1871 395 1958 scripserat
422 1894 487 1934 non
514 1873 656 1957 integra,
689 1873 744 1937 sie
763 1883 799 1936 ut
821 1874 863 1939 ab
886 1872 942 1938 illo
972 1873 1227 1959 scriptitarunt,
1250 1880 1392 1936 aetatem

99 1973 257 2054 tulerunt,
281 1973 340 2037 scd
362 1996 435 2037 cum
458 1972 534 2038 olim
556 1997 577 2037 a
598 1974 817 2059 grammaticis
836 1976 1006 2063 utriusque
1028 1974 1159 2059 linguae
1181 1971 1336 2038 studiosis
1358 1959 1406 2036 in¹
1502 2013 1504 2019 ι

99 2075 317 2161 conpendium
351 2075 486 2141 redacta
513 2086 546 2141 et
574 2075 648 2140 aliis
676 2077 820 2161 omissis,
853 2075 926 2142 aliis
955 2076 1077 2142 additis
1106 2075 1158 2140 vel
1185 2075 1320 2139 mutatis
1349 2075 1391 2138 ad

99 2199 193 2241 usum
219 2176 383 2241 inferioris
411 2179 528 2242 aetatis
558 2178 800 2244 accommodata
828 2189 952 2260 essent,
982 2189 1091 2244 vetere
1119 2177 1280 2243 Macrobii
1308 2177 1392 2242 libro

98 2278 246 2364 neglecto
269 2301 307 2342 ca
330 2301 413 2364 quae
435 2280 630 2365 posteriores
657 2281 861 2364 grammatici
890 2280 1037 2346 diversas
1060 2281 1202 2345 rationes
1225 2280 1328 2343 secuti
1350 2300 1392 2342 ex

98 2381 153 2445 illo
181 2380 380 2464 collegerant
410 2382 646 2446 consuetudine
679 2382 862 2447 scholarum
896 2394 1078 2470 propagata
1110 2392 1196 2447 sunt.
1239 2390 1393 2467 quattuor

99 2495 208 2548 autem
230 2493 459 2568 excerptorum
481 2505 601 2568 genera
623 2487 657 2548 in
678 2486 847 2551 codicibus
869 2508 967 2550 manu
990 2484 1119 2571 scriptis
1148 2486 1283 2548 inventa
1305 2492 1391 2546 sunt.

99 2585 256 2671 equibus
279 2584 361 2672 illud
383 2584 471 2672 quod
494 2587 597 2672 primo
625 2584 696 2652 loco
723 2590 818 2675 posui
846 2590 881 2651 in
903 2587 1014 2653 codice
1037 2586 1186 2651 Parisino
1210 2584 1391 2669 71861egi-

98 2699 161 2752 tur.
205 2688 233 2751 is
262 2696 311 2751 est
338 2687 461 2752 formae
488 2687 666 2774 quadratae
695 2690 828 2755 minoris
857 2712 899 2754 ex
921 2689 1047 2754 duabus
1071 2687 1210 2752 diversis
1233 2686 1393 2751 membra·

98 2812 211 2852 narum
234 2788 381 2876 partibus
405 2790 603 2875 conpositus,
627 2813 764 2877 quarum
785 2791 956 2876 posterior,
979 2812 1062 2876 quae
1085 2800 1134 2854 est
1155 2790 1293 2853 duomm
1315 2810 1393 2873 qua·

98 2891 296 2971 ternionem,
329 2890 491 2955 Macrobii
525 2903 680 2979 excerpta
712 2893 858 2958 continet
889 2890 1061 2956 undecimo
1096 2889 1225 2955 saeculo
1258 2890 1391 2974 scripta,

100 2994 122 3057 f.
138 2993 264 3057 42-56
287 2998 337 3057 Ex
358 2998 436 3059 libro
459 2999 611 3057 Macrobii
615 2997 648 3077 *)
671 3001 709 3058 de
730 3000 911 3075 differentiis
931 3005 961 3057 et
981 2998 1145 3058 societatib.
1167 2998 1256 3071 preci
1274 2997 1392 3070 latinia:

98 3102 194 3160 uerbi.
234 3102 348 3161 Grecae
374 3102 547 3174 latinaeque
567 3102 691 3174 linquae
711 3133 754 3145 -
776 3118 863 3160 oreo.
901 3102 1048 3175 explicuit
1070 3101 1230 3174 defloratio
1252 3100 1290 3157 dc
1315 3098 1393 3157 libro

99 3204 242 3262 ambrosii
261 3202 406 3261 macrobii
431 3203 577 3261 theodosii
603 3220 693 3276 arram
721 3203 866 3262 iohannes
892 3208 1054 3278 carpserat
1081 3203 1305 3262 addiscendas
1323 3217 1392 3274 are-

98 3322 201 3364 corum
216 3305 375 3363 aratoriam
389 3305 521 3376 reputas.
552 3299 659 3384 spatio
679 3301 715 3363 in
737 3299 800 3363 fine
823 3300 961 3386 paginae
983 3298 1107 3380 relicto,
1130 3300 1164 3362 in
1186 3321 1249 3385 quo
1272 3297 1393 3384 scripta

100 3411 176 3465 sunt
198 3401 292 3481 haec,
322 3406 422 3463 Diana
443 3421 534 3477 areae
556 3406 669 3465 (linear
690 3407 834 3466 artlremis
855 3410 944 3482 quasi
969 3407 1125 3465 herotemis
1147 3405 1204 3465 lroe
1225 3412 1270 3464 est
1291 3421 1392 3463 aerem

99 3522 235 3578 caecant,
260 3502 406 3588 sequitur
429 3500 603 3567 declinatio
624 3503 735 3588 graeci
756 3504 848 3570 verbi
870 3509 956 3569 ποιῶ
978 3514 1011 3568 et
1032 3502 1202 3568 adnotatio
1225 3510 1392 3588 excerpto·

99 3603 208 3683 1·lS‚f.
236 3604 419 3668 56*-57“’“
457 3630 558 3666 rorans
582 3643 616 3653 -
638 3625 788 3680 orattsarat.
840 3606 904 3671 fuit
939 3615 1049 3670 aulem
1085 3605 1167 3670 haec
1201 3626 1277 3692 pars
1306 3603 1393 3668 codi-

98 3705 145 3767 cis
176 3703 252 3769 olim
282 3705 371 3769 Petri
399 3704 545 3787 Pithoei,
573 3709 664 3772 ouius
691 3730 810 3772 nomen
837 3709 888 3775 bis
916 3709 950 3772 in
972 3730 1012 3772 ea
1034 3707 1281 3793 scriptumest,
1304 3704 1328 3770 f.
1350 3705 1392 3768 42

99 3814 133 3870 P.
149 3813 257 3871 Pithon
279 3818 312 3871 et
334 3807 358 3870 f.
380 3807 420 3871 57
444 3813 528 3872 Petri
540 3789 666 3874 Pillibei.
690 3831 792 3895 eoque
816 3809 932 3875 librum
954 3809 1151 3874 concedente
1173 3810 1314 3895 primum
1337 3829 1392 3871 ex·

99 3912 218 3995 eerptis
235 3908 393 3974 Macrobii
415 3932 493 3973 usus
517 3921 566 3976 est
580 3912 767 3977 Ludovicus
783 3911 909 3993 Carrio,
932 3913 988 3998 qui
1010 3912 1229 3994 fragmentum
1245 3907 1392 3975 Sallustii

99 4036 131 4097 p.
147 4012 231 4076 2765
246 4011 282 4074 Ρ.
306 4034 348 4076 ex
371 4010 499 4076 schedis
522 4013 709 4078 Pithoeanis
732 4037 768 4078 se
791 4014 933 4079 edidisse
956 4012 1071 4078 scribit
1092 4011 1192 4076 schol.
1207 4014 1241 4075 in
1257 4010 1389 4076 Sallust.

100 4115 174 4178 hist.
197 4115 315 4198 fragm.
338 4136 371 4199 p.
393 4114 456 4178 253
478 4114 528 4178 ed.
545 4116 646 4181 Antv.
670 4141 699 4181 a.
718 4116 809 4181 1579.
833 4115 951 4180 deinde
973 4114 1136 4179 Henrieus
1153 4113 1336 4201 Stephanus
1358 4115 1392 4176 in

100 4214 241 4302 epistula
263 4216 306 4278 ad
329 4214 485 4280 Iacobum
508 4216 691 4282 Danesium
713 4219 846 4305 scripta,
869 4239 953 4303 quae
975 4228 1025 4281 est
1045 4216 1079 4279 in
1102 4216 1244 4282 editione
1265 4214 1391 4279 Macro-

101 4320 144 4381 bii
161 4341 181 4381 a
196 4317 352 4382 Carrionc
368 4317 456 4382 faeta
472 4318 606 4382 Parisiis
629 4341 659 4382 a.
677 4319 767 4398 1585,
792 4324 852 4383 ‘ex
866 4319 971 4384 veteri
985 4317 1022 4382 P.
1040 4317 1167 4383 Pithoei
1189 4313 1392 4402 exemplari’,

100 4428 136 4498 pt
158 4419 220 4500 ait,
251 4431 283 4483 et
311 4419 549 4504 praefationem
576 4419 678 4484 libelli
706 4419 811 4486 edidit
837 4431 870 4486 ct
897 4429 1002 4486 totum
1033 4419 1152 4486 librum
1173 4441 1208 4484 se
1230 4409 1391 4483 editurum

185 4624 211 4689 *)
236 4626 367 4674 Macrobii
386 4626 507 4676 arrrbroeii
525 4627 553 4675 in
574 4627 668 4677 codice
693 4630 823 4694 scriptum
847 4644 907 4679 esse
926 4628 1061 4677 indicavit
1079 4629 1162 4677 Ianus
1181 4630 1292 4675 auctore
1311 4627 1391 4675 Pres-

101 4708 177 4763 selio,
198 4711 276 4759 cuius
295 4726 379 4775 opera
398 4712 425 4760 in
445 4728 476 4761 eo
496 4711 663 4762 conterendo
681 4727 745 4763 usus
764 4718 816 4764 eat.
853 4728 905 4778 ego
922 4713 952 4762 in
971 4713 1067 4779 paucis
1085 4726 1155 4777 quae
1175 4710 1208 4760 de
1228 4710 1279 4762 hoc
1297 4710 1390 4760 codice

100 4792 231 4844 adnotavi
248 4794 335 4845 solum
353 4797 489 4847 Macrobii
506 4813 604 4848 nomen
623 4797 730 4863 scripsi.
