3346 5498
284 350 348 416 446
836 350 1021 414 uvrrcflls

284 537 500 619 existimavit,
533 545 642 602 utrum
674 536 906 622 grammaticus
938 535 1070 601 natione
1097 535 1261 618 Graecus,
1295 559 1369 602 cum
1396 536 1439 601 de
1471 535 1579 605 latino

285 663 434 706 sermone
455 639 628 721 scriberet,
652 659 769 704 nomen
791 639 941 703 suumin
963 636 1100 704 latinum
1127 659 1250 703 merem
1272 639 1508 722 convertisset,
1536 662 1581 704 an

284 740 421 807 latinum
453 739 577 807 seilicet
609 761 727 805 nomen
758 761 878 825 graeca
910 740 1136 805 terminatione
1168 741 1342 826 adsumpta
1368 741 1580 807 mutavisset.

284 843 363 909 mibi
385 845 485 909 tutius
508 863 581 907 esse
602 842 711 907 visum
727 850 777 908 est
791 841 978 909 Cassiodori
992 841 1216 907 testimonium
1237 841 1331 907 bonis
1354 841 1449 909 libris
1469 843 1581 931 ipsius

283 944 488 1032 grammatici
511 942 737 1010 confirmatum
758 965 855 1030 quam
876 943 1040 1009 inferioris
1055 944 1172 1008 aetatis
1188 944 1457 1009 consuetudinem
1471 947 1581 1032 sequi.

371 1047 584 1134 Antiquiores
606 1047 687 1111 artis
709 1048 940 1132 grammaticae
954 1056 1104 1111 auctores
1118 1068 1184 1112 non
1199 1036 1581 1135 nominavit'Eutyebes‚

284 1150 347 1214 nisi
373 1149 461 1235 quod
490 1147 590 1214 semel
617 1148 822 1213 Priscianum
849 1158 1094 1234 praeceptorem
1122 1170 1219 1213 auum
1245 1147 1394 1214 laudavit
1422 1172 1454 1236 p.
1480 1149 1580 1215 2154,

284 1250 433 1316 eiusdem
454 1249 547 1316 libris
570 1249 610 1314 de
633 1249 733 1314 verbe
755 1248 919 1315 interdum
941 1272 1021 1314 usus
1043 1258 1104 1314 est.
1141 1250 1232 1314 ouius
1254 1248 1300 1314 rei
1324 1250 1511 1314 certissima
1531 1251 1582 1315 in-

285 1353 371 1418 dicia
400 1360 476 1417 sunt
502 1352 537 1415 in
563 1350 604 1415 iis
627 1372 711 1437 quae
733 1351 773 1416 de
795 1351 905 1416 verbis
926 1352 960 1415 in
982 1361 1012 1416 to
1040 1350 1262 1417 desinentibus
1285 1352 1418 1438 scripsit
1438 1374 1472 1438 p.
1495 1352 1585 1418 2185

286 1452 361 1520 coll.
390 1453 494 1519 Prisc.
523 1451 544 1516 l.
574 1452 609 1516 X
630 1475 663 1539 p.
685 1453 759 1518 536.
796 1475 893 1538 saepe
921 1453 1018 1518 etiam
1053 1451 1166 1517 iisdem
1198 1462 1345 1519 veterum
1378 1453 1584 1539 scriptorum

271 1554 443 1641 ‘exemplis
465 1564 602 1640 uterque
624 1577 702 1619 usus
724 1563 785 1619 est.
815 1576 833 1618 c
855 1553 972 1640 quibus
988 1552 1149 1640 quaedam
1166 1554 1350 1641 Eutycbem
1372 1578 1393 1619 a
1407 1550 1584 1621 Prisciano

286 1657 446 1743 recepisse
475 1655 646 1742 probabile
673 1665 738 1739 est3
766 1654 831 1721 alia
857 1677 936 1721 vero
963 1656 1016 1721 vel
1047 1678 1089 1719 cx
1118 1657 1303 1742 antiquiore
1330 1656 1421 1722 fonte
1451 1657 1510 1722 vel
1539 1680 1585 1724 ex

285 1760 431 1845 ipsorum
454 1760 650 1844 scriptorum
677 1755 769 1822 libris
792 1759 896 1844 potita
918 1779 990 1822 esse
1012 1758 1192 1844 scripturae
1215 1758 1398 1824 differentia
1420 1759 1584 1825 ostendit.

286 1882 387 1943 quaro
419 1861 454 1924 in
481 1860 522 1923 iis
549 1877 632 1944 quae
660 1859 801 1924 maxime
828 1859 1053 1925 memorabilia
1086 1882 1156 1925 esse
1191 1859 1388 1925 videbantur
1414 1859 1587 1926 Prisciani
1658 1906 1661 1910 ι

287 1964 392 2044 locos,
415 1961 471 2026 ubi
493 1960 606 2026 eadem
629 1960 792 2045 leguntur,
815 1960 970 2027 indicavi.
