<?xml version="1.0" encoding="UTF-8"?>
<!DOCTYPE html PUBLIC "-//W3C//DTD XHTML 1.0 Transitional//EN"
    "http://www.w3.org/TR/xhtml1/DTD/xhtml1-transitional.dtd">
<html xmlns="http://www.w3.org/1999/xhtml" xml:lang="en" lang="en">
 <head>
  <title>
</title>
<meta http-equiv="Content-Type" content="text/html;charset=utf-8" />
  <meta name='ocr-system' content='tesseract 3.04.00' />
  <meta name='ocr-capabilities' content='ocr_page ocr_carea ocr_par ocr_line ocrx_word'/>
</head>
<body>
  <div class='ocr_page' id='page_1' title='image "./grammaticilatin03keilgoog_0428.png"; bbox 0 0 3346 5498; ppageno 0'>
   <div class='ocr_carea' id='block_1_1' title="bbox 624 1282 895 1378">
    <p class='ocr_par' dir='ltr' id='par_1_1' title="bbox 624 1282 895 1378">
     <span class='ocr_line' id='line_1_1' title="bbox 624 1282 895 1378; baseline -0.007 0"><span class='ocrx_word' id='word_1_1' title='bbox 624 1282 895 1378; x_wconf 81' lang='lat' dir='ltr'><strong>PHOOAE</strong></span> 
     </span>
    </p>
   </div>
   <div class='ocr_carea' id='block_1_2' title="bbox 698 1504 817 1584">
    <p class='ocr_par' dir='ltr' id='par_1_2' title="bbox 698 1504 817 1584">
     <span class='ocr_line' id='line_1_2' title="bbox 698 1504 817 1584; baseline 0 0"><span class='ocrx_word' id='word_1_2' title='bbox 698 1504 817 1584; x_wconf 88' lang='lat' dir='ltr'><strong>ARS</strong></span> 
     </span>
    </p>
   </div>
   <div class='ocr_carea' id='block_1_3' title="bbox 183 1691 1308 1989">
    <p class='ocr_par' dir='ltr' id='par_1_3' title="bbox 183 1691 1308 1989">
     <span class='ocr_line' id='line_1_3' title="bbox 454 1691 1065 1777; baseline 0 -4"><span class='ocrx_word' id='word_1_3' title='bbox 454 1691 525 1773; x_wconf 79' lang='lat' dir='ltr'><strong>DE</strong></span> <span class='ocrx_word' id='word_1_4' title='bbox 556 1691 763 1774; x_wconf 76' lang='lat' dir='ltr'><strong>NOMINE</strong></span> <span class='ocrx_word' id='word_1_5' title='bbox 794 1692 859 1773; x_wconf 79' lang='grc' dir='ltr'><strong>ΕΤ</strong></span> <span class='ocrx_word' id='word_1_6' title='bbox 890 1691 1065 1777; x_wconf 78' lang='lat' dir='ltr'>VERBO</span> 
     </span>
     <span class='ocr_line' id='line_1_4' title="bbox 183 1888 1308 1989; baseline -0.001 -33"><span class='ocrx_word' id='word_1_7' title='bbox 183 1985 185 1989; x_wconf 11' lang='lat' dir='ltr'>y</span> <span class='ocrx_word' id='word_1_8' title='bbox 211 1891 416 1956; x_wconf 83' lang='lat' dir='ltr'><strong>mvsnnu</strong></span> <span class='ocrx_word' id='word_1_9' title='bbox 439 1890 519 1970; x_wconf 79' lang='lat' dir='ltr'><strong>ovi</strong></span> <span class='ocrx_word' id='word_1_10' title='bbox 540 1889 735 1955; x_wconf 80' lang='lat' dir='ltr'><strong>nmmvn</strong></span> <span class='ocrx_word' id='word_1_11' title='bbox 756 1889 893 1953; x_wconf 76' lang='lat' dir='ltr'><strong>arnan</strong></span> <span class='ocrx_word' id='word_1_12' title='bbox 914 1888 977 1952; x_wconf 84' lang='lat' dir='ltr'><strong>nn</strong></span> <span class='ocrx_word' id='word_1_13' title='bbox 1000 1888 1308 1956; x_wconf 78' lang='lat' dir='ltr'><strong>nsrmnrions</strong></span> 
     </span>
    </p>
   </div>
   <div class='ocr_carea' id='block_1_4' title="bbox 110 2246 1406 4884">
    <p class='ocr_par' dir='ltr' id='par_1_4' title="bbox 110 2246 1406 4884">
     <span class='ocr_line' id='line_1_5' title="bbox 199 2246 1403 2336; baseline -0.002 -22"><span class='ocrx_word' id='word_1_14' title='bbox 199 2250 326 2315; x_wconf 89' lang='lat' dir='ltr'><strong>Phocae</strong></span> <span class='ocrx_word' id='word_1_15' title='bbox 347 2248 426 2312; x_wconf 84' lang='lat' dir='ltr'><strong>artis</strong></span> <span class='ocrx_word' id='word_1_16' title='bbox 449 2247 490 2312; x_wconf 88' lang='lat' dir='ltr'><strong>de</strong></span> <span class='ocrx_word' id='word_1_17' title='bbox 511 2248 641 2312; x_wconf 88' lang='lat' dir='ltr'><strong>nomine</strong></span> <span class='ocrx_word' id='word_1_18' title='bbox 669 2259 701 2312; x_wconf 88' lang='lat' dir='ltr'><strong>et</strong></span> <span class='ocrx_word' id='word_1_19' title='bbox 723 2247 824 2313; x_wconf 87' lang='lat' dir='ltr'><strong>verbo</strong></span> <span class='ocrx_word' id='word_1_20' title='bbox 847 2246 941 2311; x_wconf 90' lang='lat' dir='ltr'><strong>multi</strong></span> <span class='ocrx_word' id='word_1_21' title='bbox 964 2260 1041 2313; x_wconf 85' lang='lat' dir='ltr'><strong>sunt</strong></span> <span class='ocrx_word' id='word_1_22' title='bbox 1063 2249 1137 2315; x_wconf 88' lang='lat' dir='ltr'><strong>libri</strong></span> <span class='ocrx_word' id='word_1_23' title='bbox 1159 2271 1257 2314; x_wconf 90' lang='lat' dir='ltr'><strong>manu</strong></span> <span class='ocrx_word' id='word_1_24' title='bbox 1280 2251 1403 2336; x_wconf 85' lang='lat' dir='ltr'><strong>scripti,</strong></span> 
     </span>
     <span class='ocr_line' id='line_1_6' title="bbox 115 2349 1402 2439; baseline -0.001 -23"><span class='ocrx_word' id='word_1_25' title='bbox 115 2375 249 2439; x_wconf 89' lang='lat' dir='ltr'><strong>quorum</strong></span> <span class='ocrx_word' id='word_1_26' title='bbox 283 2351 526 2437; x_wconf 85' lang='lat' dir='ltr'><strong>antiquissimus</strong></span> <span class='ocrx_word' id='word_1_27' title='bbox 559 2360 610 2414; x_wconf 90' lang='lat' dir='ltr'><strong>est</strong></span> <span class='ocrx_word' id='word_1_28' title='bbox 631 2349 800 2414; x_wconf 80' lang='lat' dir='ltr'>Parisinus</span> <span class='ocrx_word' id='word_1_29' title='bbox 834 2350 918 2414; x_wconf 74' lang='lat'>7530</span> <span class='ocrx_word' id='word_1_30' title='bbox 949 2361 1065 2416; x_wconf 80' lang='lat' dir='ltr'><strong>octavo</strong></span> <span class='ocrx_word' id='word_1_31' title='bbox 1093 2352 1221 2417; x_wconf 87' lang='lat' dir='ltr'><strong>saeculo</strong></span> <span class='ocrx_word' id='word_1_32' title='bbox 1254 2353 1402 2438; x_wconf 82' lang='lat' dir='ltr'><strong>scriptus,</strong></span> 
     </span>
     <span class='ocr_line' id='line_1_7' title="bbox 115 2450 1402 2539; baseline 0.002 -22"><span class='ocrx_word' id='word_1_33' title='bbox 115 2457 138 2518; x_wconf 84' lang='lat' dir='ltr'><strong>f.</strong></span> <span class='ocrx_word' id='word_1_34' title='bbox 162 2455 202 2519; x_wconf 83' lang='lat'><strong>66</strong></span> <span class='ocrx_word' id='word_1_35' title='bbox 212 2455 311 2518; x_wconf 74' lang='lat'>-782</span> <span class='ocrx_word' id='word_1_36' title='bbox 335 2453 378 2516; x_wconf 82' lang='lat' dir='ltr'><strong>ci.</strong></span> <span class='ocrx_word' id='word_1_37' title='bbox 402 2451 467 2516; x_wconf 88' lang='lat' dir='ltr'><strong>vol.</strong></span> <span class='ocrx_word' id='word_1_38' title='bbox 491 2451 537 2516; x_wconf 92' lang='lat' dir='ltr'><strong>IV</strong></span> <span class='ocrx_word' id='word_1_39' title='bbox 560 2451 664 2538; x_wconf 86' lang='lat' dir='ltr'><strong>prael.</strong></span> <span class='ocrx_word' id='word_1_40' title='bbox 687 2476 721 2539; x_wconf 90' lang='lat' dir='ltr'><strong>p.</strong></span> <span class='ocrx_word' id='word_1_41' title='bbox 745 2450 853 2516; x_wconf 90' lang='lat' dir='ltr'><strong>XLIl.</strong></span> <span class='ocrx_word' id='word_1_42' title='bbox 878 2453 921 2516; x_wconf 85' lang='lat' dir='ltr'><strong>ad</strong></span> <span class='ocrx_word' id='word_1_43' title='bbox 943 2453 1039 2517; x_wconf 84' lang='lat' dir='ltr'><strong>huius</strong></span> <span class='ocrx_word' id='word_1_44' title='bbox 1062 2463 1202 2520; x_wconf 87' lang='lat' dir='ltr'><strong>aetatem</strong></span> <span class='ocrx_word' id='word_1_45' title='bbox 1224 2477 1266 2517; x_wconf 82' lang='lat' dir='ltr'><strong>ex</strong></span> <span class='ocrx_word' id='word_1_46' title='bbox 1287 2454 1327 2517; x_wconf 89' lang='lat' dir='ltr'><strong>iis</strong></span> <span class='ocrx_word' id='word_1_47' title='bbox 1350 2476 1402 2519; x_wconf 87' lang='lat' dir='ltr'><strong>co-</strong></span> 
     </span>
     <span class='ocr_line' id='line_1_8' title="bbox 115 2553 1402 2641; baseline -0.002 -21"><span class='ocrx_word' id='word_1_48' title='bbox 115 2556 241 2621; x_wconf 90' lang='lat' dir='ltr'><strong>dicibus</strong></span> <span class='ocrx_word' id='word_1_49' title='bbox 265 2578 345 2641; x_wconf 91' lang='lat' dir='ltr'><strong>quos</strong></span> <span class='ocrx_word' id='word_1_50' title='bbox 369 2556 439 2640; x_wconf 89' lang='lat' dir='ltr'><strong>ipse</strong></span> <span class='ocrx_word' id='word_1_51' title='bbox 462 2553 531 2618; x_wconf 91' lang='lat' dir='ltr'><strong>vidi</strong></span> <span class='ocrx_word' id='word_1_52' title='bbox 553 2553 701 2640; x_wconf 84' lang='lat' dir='ltr'><strong>proxime</strong></span> <span class='ocrx_word' id='word_1_53' title='bbox 722 2553 883 2618; x_wconf 86' lang='lat' dir='ltr'><strong>accedunt</strong></span> <span class='ocrx_word' id='word_1_54' title='bbox 904 2564 970 2619; x_wconf 89' lang='lat' dir='ltr'><strong>tres</strong></span> <span class='ocrx_word' id='word_1_55' title='bbox 993 2553 1118 2619; x_wconf 89' lang='lat' dir='ltr'><strong>decimo</strong></span> <span class='ocrx_word' id='word_1_56' title='bbox 1133 2555 1263 2619; x_wconf 87' lang='lat' dir='ltr'><strong>saeculo</strong></span> <span class='ocrx_word' id='word_1_57' title='bbox 1279 2554 1402 2640; x_wconf 84' lang='lat' dir='ltr'><strong>scripti,</strong></span> 
     </span>
     <span class='ocr_line' id='line_1_9' title="bbox 115 2656 1402 2744; baseline -0.002 -22"><span class='ocrx_word' id='word_1_58' title='bbox 115 2658 320 2722; x_wconf 79' lang='lat' dir='ltr'>Monacensis</span> <span class='ocrx_word' id='word_1_59' title='bbox 332 2657 425 2737; x_wconf 75' lang='lat'><strong>6281,</strong></span> <span class='ocrx_word' id='word_1_60' title='bbox 442 2656 517 2719; x_wconf 90' lang='lat' dir='ltr'><strong>olim</strong></span> <span class='ocrx_word' id='word_1_61' title='bbox 534 2656 753 2740; x_wconf 85' lang='lat' dir='ltr'><strong>Frisingensis</strong></span> <span class='ocrx_word' id='word_1_62' title='bbox 769 2657 820 2737; x_wconf 88' lang='lat'><strong>81,</strong></span> <span class='ocrx_word' id='word_1_63' title='bbox 836 2656 860 2720; x_wconf 86' lang='lat' dir='ltr'><strong>f.</strong></span> <span class='ocrx_word' id='word_1_64' title='bbox 877 2656 1135 2743; x_wconf 79' lang='lat' dir='ltr'><strong>91*-108*(ef.</strong></span> <span class='ocrx_word' id='word_1_65' title='bbox 1152 2657 1196 2722; x_wconf 92' lang='lat' dir='ltr'><strong>ib.</strong></span> <span class='ocrx_word' id='word_1_66' title='bbox 1213 2681 1244 2744; x_wconf 90' lang='lat' dir='ltr'><strong>p.</strong></span> <span class='ocrx_word' id='word_1_67' title='bbox 1261 2656 1402 2742; x_wconf 87' lang='lat' dir='ltr'>XLIV),</span> 
     </span>
     <span class='ocr_line' id='line_1_10' title="bbox 115 2758 1401 2846; baseline -0.002 -22"><span class='ocrx_word' id='word_1_68' title='bbox 115 2760 280 2824; x_wconf 83' lang='lat' dir='ltr'><strong>Parisinus</strong></span> <span class='ocrx_word' id='word_1_69' title='bbox 304 2759 387 2822; x_wconf 78' lang='grc'>7520</span> <span class='ocrx_word' id='word_1_70' title='bbox 415 2765 523 2838; x_wconf 81' lang='lat' dir='ltr'><strong>incipit</strong></span> <span class='ocrx_word' id='word_1_71' title='bbox 550 2780 603 2823; x_wconf 83' lang='lat' dir='ltr'><strong>crs</strong></span> <span class='ocrx_word' id='word_1_72' title='bbox 625 2762 720 2835; x_wconf 81' lang='lat' dir='ltr'><strong>focae</strong></span> <span class='ocrx_word' id='word_1_73' title='bbox 739 2765 933 2837; x_wconf 77' lang='lat' dir='ltr'><strong>prummutici</strong></span> <span class='ocrx_word' id='word_1_74' title='bbox 955 2758 1039 2846; x_wconf 77' lang='lat' dir='ltr'><strong>lArs</strong></span> <span class='ocrx_word' id='word_1_75' title='bbox 1059 2781 1126 2823; x_wconf 85' lang='lat' dir='ltr'><strong>meu</strong></span> <span class='ocrx_word' id='word_1_76' title='bbox 1146 2797 1188 2807; x_wconf 89' lang='lat'>-</span> <span class='ocrx_word' id='word_1_77' title='bbox 1208 2765 1318 2823; x_wconf 80' lang='lat' dir='ltr'><strong>similia</strong></span> <span class='ocrx_word' id='word_1_78' title='bbox 1339 2760 1401 2840; x_wconf 75' lang='lat' dir='ltr'><strong>eal</strong></span> 
     </span>
     <span class='ocr_line' id='line_1_11' title="bbox 110 2861 1404 2942; baseline -0.002 -18"><span class='ocrx_word' id='word_1_79' title='bbox 110 2870 199 2942; x_wconf 73' lang='lat' dir='ltr'><strong>plico</strong></span> <span class='ocrx_word' id='word_1_80' title='bbox 221 2883 274 2924; x_wconf 80' lang='lat' dir='ltr'><strong>urs</strong></span> <span class='ocrx_word' id='word_1_81' title='bbox 292 2864 386 2936; x_wconf 83' lang='lat' dir='ltr'><strong>saeue</strong></span> <span class='ocrx_word' id='word_1_82' title='bbox 404 2867 600 2938; x_wconf 81' lang='lat' dir='ltr'><strong>prummutici</strong></span> <span class='ocrx_word' id='word_1_83' title='bbox 626 2867 664 2923; x_wconf 79' lang='lat' dir='ltr'><strong>dc</strong></span> <span class='ocrx_word' id='word_1_84' title='bbox 684 2866 804 2924; x_wconf 83' lang='lat' dir='ltr'><strong>nomine</strong></span> <span class='ocrx_word' id='word_1_85' title='bbox 824 2871 853 2923; x_wconf 83' lang='lat' dir='ltr'><strong>et</strong></span> <span class='ocrx_word' id='word_1_86' title='bbox 873 2865 977 2937; x_wconf 79' lang='lat' dir='ltr'><strong>verbo,</strong></span> <span class='ocrx_word' id='word_1_87' title='bbox 1002 2861 1169 2925; x_wconf 80' lang='lat' dir='ltr'><strong>Parisinus</strong></span> <span class='ocrx_word' id='word_1_88' title='bbox 1193 2861 1210 2924; x_wconf 92' lang='grc'>7</span> <span class='ocrx_word' id='word_1_89' title='bbox 1215 2861 1276 2924; x_wconf 81' lang='grc'><strong>759</strong></span> <span class='ocrx_word' id='word_1_90' title='bbox 1298 2866 1404 2939; x_wconf 78' lang='lat' dir='ltr'><strong>incipit</strong></span> 
     </span>
     <span class='ocr_line' id='line_1_12' title="bbox 114 2961 1406 3047; baseline 0 -22"><span class='ocrx_word' id='word_1_91' title='bbox 114 2984 167 3026; x_wconf 84' lang='lat' dir='ltr'><strong>urs</strong></span> <span class='ocrx_word' id='word_1_92' title='bbox 185 2968 257 3038; x_wconf 82' lang='lat' dir='ltr'><strong>socc</strong></span> <span class='ocrx_word' id='word_1_93' title='bbox 277 2968 474 3040; x_wconf 78' lang='lat' dir='ltr'><strong>prummuiici</strong></span> <span class='ocrx_word' id='word_1_94' title='bbox 498 2962 503 3047; x_wconf 77' lang='grc' dir='ltr'>Ι</span> <span class='ocrx_word' id='word_1_95' title='bbox 528 2967 587 3025; x_wconf 81' lang='lat' dir='ltr'><strong>Ars</strong></span> <span class='ocrx_word' id='word_1_96' title='bbox 608 2961 675 3025; x_wconf 69' lang='lat' dir='ltr'><strong>meri</strong></span> <span class='ocrx_word' id='word_1_97' title='bbox 695 3000 739 3010; x_wconf 91' lang='lat'>—</span> <span class='ocrx_word' id='word_1_98' title='bbox 759 2968 870 3026; x_wconf 80' lang='lat' dir='ltr'><strong>similia</strong></span> <span class='ocrx_word' id='word_1_99' title='bbox 891 2968 974 3042; x_wconf 75' lang='lat' dir='ltr'><strong>capi.</strong></span> <span class='ocrx_word' id='word_1_100' title='bbox 998 2983 1052 3026; x_wconf 81' lang='lat' dir='ltr'><strong>urs</strong></span> <span class='ocrx_word' id='word_1_101' title='bbox 1068 2969 1189 3043; x_wconf 77' lang='lat' dir='ltr'><strong>phocae</strong></span> <span class='ocrx_word' id='word_1_102' title='bbox 1208 2967 1406 3041; x_wconf 83' lang='lat' dir='ltr'><strong>prummutici</strong></span> 
     </span>
     <span class='ocr_line' id='line_1_13' title="bbox 114 3061 1403 3151; baseline -0.001 -23"><span class='ocrx_word' id='word_1_103' title='bbox 114 3072 151 3128; x_wconf 80' lang='lat' dir='ltr'><strong>dc</strong></span> <span class='ocrx_word' id='word_1_104' title='bbox 172 3071 291 3128; x_wconf 84' lang='lat' dir='ltr'><strong>nomine</strong></span> <span class='ocrx_word' id='word_1_105' title='bbox 312 3076 341 3127; x_wconf 85' lang='lat' dir='ltr'><strong>ct</strong></span> <span class='ocrx_word' id='word_1_106' title='bbox 363 3069 464 3127; x_wconf 81' lang='lat' dir='ltr'><strong>uerbo.</strong></span> <span class='ocrx_word' id='word_1_107' title='bbox 508 3073 622 3149; x_wconf 87' lang='lat' dir='ltr'><strong>postea</strong></span> <span class='ocrx_word' id='word_1_108' title='bbox 643 3062 686 3127; x_wconf 94' lang='lat' dir='ltr'><strong>ab</strong></span> <span class='ocrx_word' id='word_1_109' title='bbox 708 3061 764 3126; x_wconf 92' lang='lat' dir='ltr'><strong>illo</strong></span> <span class='ocrx_word' id='word_1_110' title='bbox 787 3072 931 3149; x_wconf 86' lang='lat' dir='ltr'><strong>tempore</strong></span> <span class='ocrx_word' id='word_1_111' title='bbox 954 3063 1123 3151; x_wconf 89' lang='lat' dir='ltr'><strong>usquead</strong></span> <span class='ocrx_word' id='word_1_112' title='bbox 1145 3063 1294 3150; x_wconf 89' lang='lat' dir='ltr'><strong>quintum</strong></span> <span class='ocrx_word' id='word_1_113' title='bbox 1317 3062 1403 3127; x_wconf 83' lang='lat' dir='ltr'><strong>deci·</strong></span> 
     </span>
     <span class='ocr_line' id='line_1_14' title="bbox 113 3162 1403 3252; baseline -0.002 -22"><span class='ocrx_word' id='word_1_114' title='bbox 113 3190 201 3231; x_wconf 90' lang='lat' dir='ltr'><strong>mum</strong></span> <span class='ocrx_word' id='word_1_115' title='bbox 224 3163 389 3230; x_wconf 88' lang='lat' dir='ltr'><strong>sacculum</strong></span> <span class='ocrx_word' id='word_1_116' title='bbox 412 3165 523 3229; x_wconf 88' lang='lat' dir='ltr'><strong>multis</strong></span> <span class='ocrx_word' id='word_1_117' title='bbox 546 3162 788 3250; x_wconf 80' lang='lat' dir='ltr'><strong>exemplaribus</strong></span> <span class='ocrx_word' id='word_1_118' title='bbox 811 3186 909 3229; x_wconf 88' lang='lat' dir='ltr'><strong>manu</strong></span> <span class='ocrx_word' id='word_1_119' title='bbox 932 3165 1061 3251; x_wconf 87' lang='lat' dir='ltr'><strong>scriptis</strong></span> <span class='ocrx_word' id='word_1_120' title='bbox 1077 3163 1309 3230; x_wconf 80' lang='lat' dir='ltr'><strong>Phocae&#39;liber</strong></span> <span class='ocrx_word' id='word_1_121' title='bbox 1330 3186 1403 3252; x_wconf 90' lang='lat' dir='ltr'><strong>pro·</strong></span> 
     </span>
     <span class='ocr_line' id='line_1_15' title="bbox 112 3265 1404 3356; baseline -0.002 -23"><span class='ocrx_word' id='word_1_122' title='bbox 112 3278 250 3356; x_wconf 88' lang='lat' dir='ltr'><strong>pagatus</strong></span> <span class='ocrx_word' id='word_1_123' title='bbox 274 3277 334 3331; x_wconf 86' lang='lat' dir='ltr'><strong>est.</strong></span> <span class='ocrx_word' id='word_1_124' title='bbox 379 3268 486 3331; x_wconf 88' lang='lat' dir='ltr'><strong>editus</strong></span> <span class='ocrx_word' id='word_1_125' title='bbox 510 3277 618 3331; x_wconf 86' lang='lat' dir='ltr'><strong>autem</strong></span> <span class='ocrx_word' id='word_1_126' title='bbox 641 3275 691 3329; x_wconf 85' lang='lat' dir='ltr'><strong>est</strong></span> <span class='ocrx_word' id='word_1_127' title='bbox 712 3266 854 3352; x_wconf 89' lang='lat' dir='ltr'><strong>primum</strong></span> <span class='ocrx_word' id='word_1_128' title='bbox 876 3276 1010 3332; x_wconf 86' lang='lat' dir='ltr'><strong>curante</strong></span> <span class='ocrx_word' id='word_1_129' title='bbox 1025 3265 1160 3331; x_wconf 88' lang='lat' dir='ltr'><strong>Nicolao</strong></span> <span class='ocrx_word' id='word_1_130' title='bbox 1176 3267 1316 3332; x_wconf 85' lang='lat' dir='ltr'><strong>Iensono</strong></span> <span class='ocrx_word' id='word_1_131' title='bbox 1339 3288 1404 3331; x_wconf 91' lang='lat' dir='ltr'><strong>una</strong></span> 
     </span>
     <span class='ocr_line' id='line_1_16' title="bbox 114 3367 1401 3454; baseline -0.002 -20"><span class='ocrx_word' id='word_1_132' title='bbox 114 3394 188 3436; x_wconf 86' lang='lat' dir='ltr'><strong>cum</strong></span> <span class='ocrx_word' id='word_1_133' title='bbox 211 3370 371 3434; x_wconf 87' lang='lat' dir='ltr'><strong>Diomede</strong></span> <span class='ocrx_word' id='word_1_134' title='bbox 393 3368 529 3454; x_wconf 85' lang='lat' dir='ltr'><strong>aliisque</strong></span> <span class='ocrx_word' id='word_1_135' title='bbox 551 3367 773 3452; x_wconf 82' lang='lat' dir='ltr'><strong>grammaticis</strong></span> <span class='ocrx_word' id='word_1_136' title='bbox 796 3367 944 3432; x_wconf 85' lang='lat' dir='ltr'><strong>Venetiis</strong></span> <span class='ocrx_word' id='word_1_137' title='bbox 968 3369 1056 3433; x_wconf 86' lang='lat' dir='ltr'><strong>eirca</strong></span> <span class='ocrx_word' id='word_1_138' title='bbox 1082 3392 1204 3433; x_wconf 89' lang='lat' dir='ltr'><strong>annum</strong></span> <span class='ocrx_word' id='word_1_139' title='bbox 1232 3369 1328 3433; x_wconf 78' lang='lat'><strong>1476:</strong></span> <span class='ocrx_word' id='word_1_140' title='bbox 1359 3368 1401 3432; x_wconf 78' lang='lat' dir='ltr'><strong>cl&#39;.</strong></span> 
     </span>
     <span class='ocr_line' id='line_1_17' title="bbox 113 3469 1402 3557; baseline -0.002 -21"><span class='ocrx_word' id='word_1_141' title='bbox 113 3471 177 3537; x_wconf 90' lang='lat' dir='ltr'><strong>vol.</strong></span> <span class='ocrx_word' id='word_1_142' title='bbox 203 3470 218 3534; x_wconf 95' lang='grc' dir='ltr'>Ι</span> <span class='ocrx_word' id='word_1_143' title='bbox 241 3472 344 3556; x_wconf 84' lang='lat' dir='ltr'><strong>praei.</strong></span> <span class='ocrx_word' id='word_1_144' title='bbox 369 3494 401 3557; x_wconf 92' lang='lat' dir='ltr'><strong>p.</strong></span> <span class='ocrx_word' id='word_1_145' title='bbox 427 3470 590 3534; x_wconf 85' lang='lat' dir='ltr'>XXXIV.</span> <span class='ocrx_word' id='word_1_146' title='bbox 614 3491 709 3557; x_wconf 88' lang='lat' dir='ltr'><strong>quam</strong></span> <span class='ocrx_word' id='word_1_147' title='bbox 732 3469 906 3534; x_wconf 84' lang='lat' dir='ltr'><strong>editionem</strong></span> <span class='ocrx_word' id='word_1_148' title='bbox 933 3471 989 3556; x_wconf 92' lang='lat' dir='ltr'><strong>qui</strong></span> <span class='ocrx_word' id='word_1_149' title='bbox 1011 3472 1171 3557; x_wconf 86' lang='lat' dir='ltr'><strong>proximis</strong></span> <span class='ocrx_word' id='word_1_150' title='bbox 1194 3470 1288 3534; x_wconf 88' lang='lat' dir='ltr'><strong>annis</strong></span> <span class='ocrx_word' id='word_1_151' title='bbox 1311 3492 1402 3556; x_wconf 84' lang='lat' dir='ltr'><strong>repe-</strong></span> 
     </span>
     <span class='ocr_line' id='line_1_18' title="bbox 113 3570 1402 3659; baseline -0.002 -20"><span class='ocrx_word' id='word_1_152' title='bbox 113 3574 258 3639; x_wconf 85' lang='lat' dir='ltr'><strong>tiverunt</strong></span> <span class='ocrx_word' id='word_1_153' title='bbox 290 3595 395 3659; x_wconf 89' lang='lat' dir='ltr'><strong>pauca</strong></span> <span class='ocrx_word' id='word_1_154' title='bbox 428 3570 582 3637; x_wconf 84' lang='lat' dir='ltr'><strong>videntur</strong></span> <span class='ocrx_word' id='word_1_155' title='bbox 614 3572 805 3636; x_wconf 84' lang='lat' dir='ltr'><strong>mutavisse.</strong></span> <span class='ocrx_word' id='word_1_156' title='bbox 849 3593 926 3636; x_wconf 90' lang='lat' dir='ltr'><strong>nam</strong></span> <span class='ocrx_word' id='word_1_157' title='bbox 953 3572 988 3635; x_wconf 92' lang='lat' dir='ltr'><strong>in</strong></span> <span class='ocrx_word' id='word_1_158' title='bbox 1016 3573 1218 3637; x_wconf 83' lang='lat' dir='ltr'><strong>Ascensiana</strong></span> <span class='ocrx_word' id='word_1_159' title='bbox 1247 3570 1402 3653; x_wconf 84' lang='lat' dir='ltr'><strong>editione,</strong></span> 
     </span>
     <span class='ocr_line' id='line_1_19' title="bbox 113 3672 1402 3762; baseline -0.002 -22"><span class='ocrx_word' id='word_1_160' title='bbox 113 3698 215 3762; x_wconf 57' lang='lat' dir='ltr'><strong>quam,</strong></span> <span class='ocrx_word' id='word_1_161' title='bbox 232 3673 336 3739; x_wconf 91' lang='lat' dir='ltr'><strong>solam</strong></span> <span class='ocrx_word' id='word_1_162' title='bbox 359 3698 400 3739; x_wconf 85' lang='lat' dir='ltr'><strong>ex</strong></span> <span class='ocrx_word' id='word_1_163' title='bbox 423 3674 565 3761; x_wconf 86' lang='lat' dir='ltr'><strong>antiquis</strong></span> <span class='ocrx_word' id='word_1_164' title='bbox 588 3672 747 3761; x_wconf 84' lang='lat' dir='ltr'><strong>exemplis</strong></span> <span class='ocrx_word' id='word_1_165' title='bbox 770 3695 844 3738; x_wconf 89' lang='lat' dir='ltr'><strong>cum</strong></span> <span class='ocrx_word' id='word_1_166' title='bbox 858 3673 1005 3760; x_wconf 84' lang='lat' dir='ltr'><strong>principe</strong></span> <span class='ocrx_word' id='word_1_167' title='bbox 1023 3674 1164 3740; x_wconf 84' lang='lat' dir='ltr'><strong>editione</strong></span> <span class='ocrx_word' id='word_1_168' title='bbox 1179 3672 1315 3756; x_wconf 83' lang='lat' dir='ltr'><strong>contuli,</strong></span> <span class='ocrx_word' id='word_1_169' title='bbox 1338 3696 1402 3737; x_wconf 90' lang='lat' dir='ltr'><strong>non</strong></span> 
     </span>
     <span class='ocr_line' id='line_1_20' title="bbox 113 3775 1402 3863; baseline -0.002 -21"><span class='ocrx_word' id='word_1_170' title='bbox 113 3776 216 3842; x_wconf 92' lang='lat' dir='ltr'><strong>multa</strong></span> <span class='ocrx_word' id='word_1_171' title='bbox 238 3800 280 3841; x_wconf 83' lang='lat' dir='ltr'><strong>ex</strong></span> <span class='ocrx_word' id='word_1_172' title='bbox 302 3775 391 3840; x_wconf 90' lang='lat' dir='ltr'><strong>illius</strong></span> <span class='ocrx_word' id='word_1_173' title='bbox 414 3778 575 3863; x_wconf 89' lang='lat' dir='ltr'><strong>scriptura</strong></span> <span class='ocrx_word' id='word_1_174' title='bbox 596 3785 725 3840; x_wconf 84' lang='lat' dir='ltr'><strong>mutata</strong></span> <span class='ocrx_word' id='word_1_175' title='bbox 745 3776 867 3840; x_wconf 86' lang='lat' dir='ltr'><strong>inveni.</strong></span> <span class='ocrx_word' id='word_1_176' title='bbox 904 3776 999 3862; x_wconf 91' lang='lat' dir='ltr'><strong>plura</strong></span> <span class='ocrx_word' id='word_1_177' title='bbox 1021 3777 1145 3862; x_wconf 90' lang='lat' dir='ltr'><strong>primus</strong></span> <span class='ocrx_word' id='word_1_178' title='bbox 1167 3777 1305 3841; x_wconf 77' lang='lat' dir='ltr'><strong>novavit</strong></span> <span class='ocrx_word' id='word_1_179' title='bbox 1326 3775 1402 3840; x_wconf 92' lang='lat' dir='ltr'><strong>Put-</strong></span> 
     </span>
     <span class='ocr_line' id='line_1_21' title="bbox 114 3877 1404 3966; baseline -0.002 -22"><span class='ocrx_word' id='word_1_180' title='bbox 114 3879 238 3959; x_wconf 87' lang='lat' dir='ltr'><strong>schius,</strong></span> <span class='ocrx_word' id='word_1_181' title='bbox 261 3881 316 3966; x_wconf 92' lang='lat' dir='ltr'><strong>qui</strong></span> <span class='ocrx_word' id='word_1_182' title='bbox 338 3883 397 3943; x_wconf 74' lang='lat' dir='ltr'><strong>‘ex</strong></span> <span class='ocrx_word' id='word_1_183' title='bbox 419 3879 556 3943; x_wconf 89' lang='lat' dir='ltr'><strong>Puteani</strong></span> <span class='ocrx_word' id='word_1_184' title='bbox 579 3877 707 3960; x_wconf 85' lang='lat' dir='ltr'><strong>codice,</strong></span> <span class='ocrx_word' id='word_1_185' title='bbox 730 3877 823 3944; x_wconf 89' lang='lat' dir='ltr'><strong>cuius</strong></span> <span class='ocrx_word' id='word_1_186' title='bbox 846 3879 1012 3943; x_wconf 88' lang='lat' dir='ltr'><strong>variantes</strong></span> <span class='ocrx_word' id='word_1_187' title='bbox 1036 3900 1056 3943; x_wconf 88' lang='lat' dir='ltr'><strong>a</strong></span> <span class='ocrx_word' id='word_1_188' title='bbox 1076 3877 1142 3944; x_wconf 88' lang='lat' dir='ltr'><strong>Dn.</strong></span> <span class='ocrx_word' id='word_1_189' title='bbox 1166 3878 1348 3964; x_wconf 87' lang='lat' dir='ltr'><strong>Bongarsio</strong></span> <span class='ocrx_word' id='word_1_190' title='bbox 1371 3888 1404 3942; x_wconf 89' lang='lat' dir='ltr'><strong>et</strong></span> 
     </span>
     <span class='ocr_line' id='line_1_22' title="bbox 113 3978 1405 4068; baseline -0.003 -21"><span class='ocrx_word' id='word_1_191' title='bbox 113 3983 163 4048; x_wconf 84' lang='lat' dir='ltr'><strong>Cl.</strong></span> <span class='ocrx_word' id='word_1_192' title='bbox 193 3982 314 4046; x_wconf 89' lang='lat' dir='ltr'><strong>Ioanne</strong></span> <span class='ocrx_word' id='word_1_193' title='bbox 343 3981 497 4045; x_wconf 86' lang='lat' dir='ltr'><strong>Wouwer</strong></span> <span class='ocrx_word' id='word_1_194' title='bbox 525 3990 724 4067; x_wconf 86' lang='lat' dir='ltr'><strong>acceperat’‚</strong></span> <span class='ocrx_word' id='word_1_195' title='bbox 758 3989 794 4045; x_wconf 90' lang='lat' dir='ltr'><strong>ut</strong></span> <span class='ocrx_word' id='word_1_196' title='bbox 822 3981 884 4063; x_wconf 86' lang='lat' dir='ltr'><strong>ait,</strong></span> <span class='ocrx_word' id='word_1_197' title='bbox 911 3980 997 4044; x_wconf 87' lang='lat' dir='ltr'><strong>huno</strong></span> <span class='ocrx_word' id='word_1_198' title='bbox 1024 3978 1144 4046; x_wconf 91' lang='lat' dir='ltr'><strong>librum</strong></span> <span class='ocrx_word' id='word_1_199' title='bbox 1172 3978 1285 4046; x_wconf 88' lang='lat' dir='ltr'><strong>edidit.</strong></span> <span class='ocrx_word' id='word_1_200' title='bbox 1329 3990 1405 4068; x_wconf 90' lang='lat' dir='ltr'><strong>post</strong></span> 
     </span>
     <span class='ocr_line' id='line_1_23' title="bbox 114 4081 1402 4168; baseline -0.002 -20"><span class='ocrx_word' id='word_1_201' title='bbox 114 4085 202 4150; x_wconf 84' lang='lat' dir='ltr'><strong>hunc</strong></span> <span class='ocrx_word' id='word_1_202' title='bbox 223 4083 409 4147; x_wconf 86' lang='lat' dir='ltr'><strong>Fridericus</strong></span> <span class='ocrx_word' id='word_1_203' title='bbox 433 4082 678 4148; x_wconf 88' lang='lat' dir='ltr'><strong>Lindemannus</strong></span> <span class='ocrx_word' id='word_1_204' title='bbox 707 4082 740 4145; x_wconf 93' lang='lat' dir='ltr'><strong>in</strong></span> <span class='ocrx_word' id='word_1_205' title='bbox 768 4081 910 4168; x_wconf 88' lang='lat' dir='ltr'><strong>primum</strong></span> <span class='ocrx_word' id='word_1_206' title='bbox 935 4081 1088 4148; x_wconf 82' lang='lat' dir='ltr'><strong>volumen</strong></span> <span class='ocrx_word' id='word_1_207' title='bbox 1115 4083 1402 4168; x_wconf 85' lang='lat' dir='ltr'><strong>grammaticorum</strong></span> 
     </span>
     <span class='ocr_line' id='line_1_24' title="bbox 114 4183 1402 4270; baseline -0.004 -18"><span class='ocrx_word' id='word_1_208' title='bbox 114 4210 134 4253; x_wconf 91' lang='lat' dir='ltr'><strong>a</strong></span> <span class='ocrx_word' id='word_1_209' title='bbox 156 4210 192 4251; x_wconf 88' lang='lat' dir='ltr'><strong>se</strong></span> <span class='ocrx_word' id='word_1_210' title='bbox 214 4185 375 4251; x_wconf 85' lang='lat' dir='ltr'><strong>editorum</strong></span> <span class='ocrx_word' id='word_1_211' title='bbox 398 4196 502 4250; x_wconf 89' lang='lat' dir='ltr'><strong>artem</strong></span> <span class='ocrx_word' id='word_1_212' title='bbox 516 4185 645 4249; x_wconf 80' lang='lat' dir='ltr'><strong>Phocus</strong></span> <span class='ocrx_word' id='word_1_213' title='bbox 664 4184 789 4270; x_wconf 88' lang='lat' dir='ltr'><strong>recepit</strong></span> <span class='ocrx_word' id='word_1_214' title='bbox 809 4184 915 4249; x_wconf 90' lang='lat' dir='ltr'><strong>tribus</strong></span> <span class='ocrx_word' id='word_1_215' title='bbox 936 4207 1014 4249; x_wconf 89' lang='lat' dir='ltr'><strong>usus</strong></span> <span class='ocrx_word' id='word_1_216' title='bbox 1037 4183 1205 4250; x_wconf 88' lang='lat' dir='ltr'><strong>codicibus</strong></span> <span class='ocrx_word' id='word_1_217' title='bbox 1226 4208 1287 4250; x_wconf 88' lang='lat' dir='ltr'><strong>nec</strong></span> <span class='ocrx_word' id='word_1_218' title='bbox 1307 4186 1402 4250; x_wconf 92' lang='lat' dir='ltr'><strong>bonis</strong></span> 
     </span>
     <span class='ocr_line' id='line_1_25' title="bbox 115 4284 1402 4375; baseline -0.004 -21"><span class='ocrx_word' id='word_1_219' title='bbox 115 4313 173 4354; x_wconf 87' lang='lat' dir='ltr'><strong>nee</strong></span> <span class='ocrx_word' id='word_1_220' title='bbox 211 4288 352 4375; x_wconf 83' lang='lat' dir='ltr'><strong>antiquis</strong></span> <span class='ocrx_word' id='word_1_221' title='bbox 389 4310 427 4352; x_wconf 91' lang='lat' dir='ltr'><strong>ac</strong></span> <span class='ocrx_word' id='word_1_222' title='bbox 463 4310 503 4351; x_wconf 94' lang='lat' dir='ltr'><strong>ne</strong></span> <span class='ocrx_word' id='word_1_223' title='bbox 538 4296 644 4352; x_wconf 89' lang='lat' dir='ltr'><strong>totum</strong></span> <span class='ocrx_word' id='word_1_224' title='bbox 672 4284 804 4372; x_wconf 84' lang='lat' dir='ltr'><strong>quidem</strong></span> <span class='ocrx_word' id='word_1_225' title='bbox 832 4285 953 4351; x_wconf 89' lang='lat' dir='ltr'><strong>librum</strong></span> <span class='ocrx_word' id='word_1_226' title='bbox 980 4286 1237 4360; x_wconf 86' lang='lat' dir='ltr'><strong>continentibus,</strong></span> <span class='ocrx_word' id='word_1_227' title='bbox 1275 4285 1402 4351; x_wconf 88' lang='lat' dir='ltr'><strong>duobus</strong></span> 
     </span>
     <span class='ocr_line' id='line_1_26' title="bbox 116 4385 1403 4474; baseline -0.006 -17"><span class='ocrx_word' id='word_1_228' title='bbox 116 4389 444 4471; x_wconf 85' lang='lat' dir='ltr'><strong>Wolfenbuttelauis‚</strong></span> <span class='ocrx_word' id='word_1_229' title='bbox 467 4391 554 4474; x_wconf 88' lang='lat' dir='ltr'><strong>Aug.</strong></span> <span class='ocrx_word' id='word_1_230' title='bbox 570 4389 628 4469; x_wconf 87' lang='lat'><strong>38,</strong></span> <span class='ocrx_word' id='word_1_231' title='bbox 643 4387 684 4451; x_wconf 78' lang='grc'><strong>27</strong></span> <span class='ocrx_word' id='word_1_232' title='bbox 707 4387 954 4453; x_wconf 88' lang='lat' dir='ltr'><strong>membranaceo</strong></span> <span class='ocrx_word' id='word_1_233' title='bbox 976 4411 1060 4454; x_wconf 87' lang='lat' dir='ltr'><strong>saec.</strong></span> <span class='ocrx_word' id='word_1_234' title='bbox 1077 4386 1162 4452; x_wconf 88' lang='lat' dir='ltr'><strong>XIV</strong></span> <span class='ocrx_word' id='word_1_235' title='bbox 1184 4399 1217 4452; x_wconf 89' lang='lat' dir='ltr'><strong>et</strong></span> <span class='ocrx_word' id='word_1_236' title='bbox 1237 4385 1324 4452; x_wconf 83' lang='lat' dir='ltr'><strong>Gud.</strong></span> <span class='ocrx_word' id='word_1_237' title='bbox 1339 4387 1403 4449; x_wconf 77' lang='lat'><strong>260</strong></span> 
     </span>
     <span class='ocr_line' id='line_1_27' title="bbox 116 4488 1401 4575; baseline -0.002 -17"><span class='ocrx_word' id='word_1_238' title='bbox 116 4494 289 4559; x_wconf 89' lang='lat' dir='ltr'><strong>chartaceo</strong></span> <span class='ocrx_word' id='word_1_239' title='bbox 320 4516 404 4557; x_wconf 85' lang='lat' dir='ltr'><strong>saec.</strong></span> <span class='ocrx_word' id='word_1_240' title='bbox 429 4491 496 4555; x_wconf 88' lang='lat' dir='ltr'><strong>XV</strong></span> <span class='ocrx_word' id='word_1_241' title='bbox 525 4491 581 4575; x_wconf 87' lang='lat' dir='ltr'><strong>(cf.</strong></span> <span class='ocrx_word' id='word_1_242' title='bbox 610 4490 723 4555; x_wconf 81' lang='lat' dir='ltr'><strong>Ebert.</strong></span> <span class='ocrx_word' id='word_1_243' title='bbox 751 4488 831 4554; x_wconf 92' lang='lat' dir='ltr'><strong>bibl.</strong></span> <span class='ocrx_word' id='word_1_244' title='bbox 863 4489 1034 4556; x_wconf 83' lang='lat' dir='ltr'><strong>Guelferb.</strong></span> <span class='ocrx_word' id='word_1_245' title='bbox 1063 4490 1134 4554; x_wconf 89' lang='lat' dir='ltr'><strong>cod.</strong></span> <span class='ocrx_word' id='word_1_246' title='bbox 1162 4511 1268 4575; x_wconf 87' lang='lat' dir='ltr'><strong>graec.</strong></span> <span class='ocrx_word' id='word_1_247' title='bbox 1293 4498 1325 4552; x_wconf 86' lang='lat' dir='ltr'><strong>et</strong></span> <span class='ocrx_word' id='word_1_248' title='bbox 1347 4489 1401 4555; x_wconf 92' lang='lat' dir='ltr'><strong>lat.</strong></span> 
     </span>
     <span class='ocr_line' id='line_1_28' title="bbox 113 4589 1401 4682; baseline -0.005 -21"><span class='ocrx_word' id='word_1_249' title='bbox 113 4595 208 4661; x_wconf 88' lang='lat' dir='ltr'><strong>class.</strong></span> <span class='ocrx_word' id='word_1_250' title='bbox 239 4619 270 4682; x_wconf 90' lang='lat' dir='ltr'><strong>p.</strong></span> <span class='ocrx_word' id='word_1_251' title='bbox 298 4597 389 4681; x_wconf 72' lang='lat'>1:²9),</span> <span class='ocrx_word' id='word_1_252' title='bbox 419 4593 514 4659; x_wconf 85' lang='lat' dir='ltr'><strong>tertio</strong></span> <span class='ocrx_word' id='word_1_253' title='bbox 543 4593 693 4658; x_wconf 86' lang='lat' dir='ltr'><strong>Gothano</strong></span> <span class='ocrx_word' id='word_1_254' title='bbox 725 4592 784 4655; x_wconf 93' lang='grc'><strong>117</strong></span> <span class='ocrx_word' id='word_1_255' title='bbox 818 4592 988 4658; x_wconf 84' lang='lat' dir='ltr'><strong>chartaceo</strong></span> <span class='ocrx_word' id='word_1_256' title='bbox 1016 4614 1102 4658; x_wconf 84' lang='lat' dir='ltr'><strong>suec.</strong></span> <span class='ocrx_word' id='word_1_257' title='bbox 1131 4590 1207 4656; x_wconf 92' lang='lat' dir='ltr'><strong>XV.</strong></span> <span class='ocrx_word' id='word_1_258' title='bbox 1236 4613 1254 4655; x_wconf 91' lang='lat' dir='ltr'><strong>e</strong></span> <span class='ocrx_word' id='word_1_259' title='bbox 1282 4589 1401 4676; x_wconf 88' lang='lat' dir='ltr'><strong>quibus</strong></span> 
     </span>
     <span class='ocr_line' id='line_1_29' title="bbox 114 4690 1401 4782; baseline -0.005 -20"><span class='ocrx_word' id='word_1_260' title='bbox 114 4698 283 4763; x_wconf 90' lang='lat' dir='ltr'><strong>codicibus</strong></span> <span class='ocrx_word' id='word_1_261' title='bbox 306 4721 378 4761; x_wconf 88' lang='lat' dir='ltr'><strong>cum</strong></span> <span class='ocrx_word' id='word_1_262' title='bbox 402 4695 456 4760; x_wconf 84' lang='lat' dir='ltr'><strong>ille</strong></span> <span class='ocrx_word' id='word_1_263' title='bbox 479 4695 696 4782; x_wconf 88' lang='lat' dir='ltr'><strong>antiquiorem</strong></span> <span class='ocrx_word' id='word_1_264' title='bbox 718 4691 1059 4761; x_wconf 86' lang='lat' dir='ltr'><strong>Wolfenbuttelanum</strong></span> <span class='ocrx_word' id='word_1_265' title='bbox 1080 4693 1192 4758; x_wconf 91' lang='lat' dir='ltr'><strong>multis</strong></span> <span class='ocrx_word' id='word_1_266' title='bbox 1214 4692 1291 4756; x_wconf 90' lang='lat' dir='ltr'><strong>locis</strong></span> <span class='ocrx_word' id='word_1_267' title='bbox 1314 4690 1401 4757; x_wconf 87' lang='lat' dir='ltr'><strong>haud</strong></span> 
     </span>
     <span class='ocr_line' id='line_1_30' title="bbox 112 4793 1401 4884; baseline -0.006 -18"><span class='ocrx_word' id='word_1_268' title='bbox 112 4800 213 4866; x_wconf 84' lang='lat' dir='ltr'><strong>dubia</strong></span> <span class='ocrx_word' id='word_1_269' title='bbox 236 4800 440 4865; x_wconf 89' lang='lat' dir='ltr'><strong>librariorum</strong></span> <span class='ocrx_word' id='word_1_270' title='bbox 456 4799 509 4864; x_wconf 87' lang='lat' dir='ltr'><strong>vel</strong></span> <span class='ocrx_word' id='word_1_271' title='bbox 524 4795 810 4883; x_wconf 86' lang='lat' dir='ltr'><strong>grammaticorum</strong></span> <span class='ocrx_word' id='word_1_272' title='bbox 832 4796 1037 4884; x_wconf 84' lang='lat' dir='ltr'><strong>neglegentia</strong></span> <span class='ocrx_word' id='word_1_273' title='bbox 1059 4802 1246 4881; x_wconf 89' lang='lat' dir='ltr'><strong>corruptum</strong></span> <span class='ocrx_word' id='word_1_274' title='bbox 1268 4793 1401 4883; x_wconf 88' lang='lat' dir='ltr'><strong>potissi·</strong></span> 
     </span>
    </p>
   </div>
   <div class='ocr_carea' id='block_1_5' title="bbox 0 0 1678 5498">
    <p class='ocr_par' dir='ltr' id='par_1_5' title="bbox 0 0 1678 5498">
     <span class='ocr_line' id='line_1_31' title="bbox 0 0 1678 5498; baseline 0 0"><span class='ocrx_word' id='word_1_275' title='bbox 0 0 1678 5498; x_wconf 95' lang='lat' dir='ltr'><strong> </strong></span> 
     </span>
    </p>
   </div>
  </div>
 </body>
</html>
