3346 5498
573 436 581 458 .
622 376 859 440 couunurvu
1352 375 1410 439 rar

1226 484 1386 538 pilo-181..

114 576 217 630 autem
244 568 276 627 in
304 574 365 627 tres
393 567 513 644 regulas
542 574 663 635 exeunt,
694 574 723 625 et
744 583 849 626 omnes
870 566 943 625 istae
965 563 1086 643 regulae
1109 564 1269 625 femininae
1290 567 1412 626 veniunt

114 669 152 731 ad
183 669 372 729 latinitatem:
408 668 438 727 in
466 669 505 736 is,
534 674 567 726 ut
593 667 705 735 Atreis:
733 669 764 727 in
792 668 851 735 ias,
878 674 911 726 ut
938 669 1067 749 Atreias:
1096 668 1126 728 in
1156 684 1207 736 ne,
1240 675 1272 727 ut
1298 669 1410 736 Atrine,

115 770 196 832 unde
219 770 377 831 ‘Nerine
400 767 574 830 Galatea'
602 769 775 829 invenimus.
822 754 892 828 ecce
919 769 992 829 istae
1020 779 1081 830 tres
1109 768 1230 847 regulae
1252 770 1412 830 femininae

114 890 290 934 communes
307 879 376 931 sunt
396 878 426 930 et
440 871 552 930 Latinis
573 877 602 930 et
618 870 752 938 Graecis:
774 869 841 930 illae
857 870 1037 932 masculinae
1059 869 1192 948 regulae,
1217 888 1292 948 qnae
1317 868 1321 951 Ι
1343 878 1413 931 sunt

23 1014 32 1041 s
87 984 192 1042 atres,
211 973 287 1034 duae
302 972 338 1034 ad
355 991 410 1032 nos
426 974 563 1039 veniunt,
587 979 616 1032 et
630 991 688 1032 una
709 980 844 1032 remanet
864 972 941 1052 apud
958 972 1096 1034 Graecos.
1126 971 1177 1033 sed
1194 975 1281 1033 etiem
1297 973 1334 1033 de
1349 975 1413 1033 istis

116 1075 233 1136 duabus
249 1084 292 1136 est
307 1074 403 1153 aliqua
421 1074 600 1144 differentia,
621 1074 700 1153 quod
717 1073 788 1135 illud
805 1074 885 1152 quod
906 1077 937 1135 in
953 1074 1004 1134 des
1020 1077 1080 1134 erit
1095 1092 1214 1153 semper
1229 1076 1411 1155 patronymi-

115 1195 172 1238 con
188 1184 246 1247 est,
268 1175 341 1236 illud
357 1175 435 1255 quod
454 1177 484 1235 in
499 1177 546 1237 ius
562 1177 667 1237 enitet
683 1178 906 1256 patronymicon
924 1183 969 1236 est
984 1184 1014 1236 et
1029 1178 1172 1245 cteticon,
1189 1177 1219 1237 id
1237 1185 1282 1237 est
1298 1195 1412 1256 posses·

115 1280 222 1340 sirum.
252 1280 277 1339 si
293 1278 387 1338 dicam
403 1277 533 1346 atrides,
555 1295 613 1338 non
636 1296 757 1357 possum
778 1277 953 1356 intellegere
969 1279 1025 1337 nisi
1041 1277 1078 1338 de
1093 1278 1154 1339 lilio
1170 1280 1248 1346 eius:
1267 1280 1292 1340 si
1314 1287 1411 1340 autem

116 1381 213 1442 dicam
227 1382 359 1451 Atreius,
376 1379 546 1458 ambiguum
564 1388 622 1448 est,
639 1387 739 1440 utrum
756 1379 793 1440 de
808 1379 868 1440 filio
883 1388 933 1440 aut
949 1379 986 1439 de
1001 1379 1099 1457 gladio
1115 1381 1194 1441 Atrei
1211 1380 1316 1442 dicam.
1341 1399 1412 1459 ergo

79 1500 104 1538 m
117 1482 175 1543 hoc
194 1483 334 1551 interest,
357 1481 434 1561 quod
450 1481 499 1541 illa
516 1482 634 1541 nomina
650 1483 679 1542 in
696 1481 747 1542 des
762 1489 878 1542 tautum
900 1483 1033 1552 mittunt,
1057 1489 1086 1542 et
1105 1481 1172 1543 dico
1187 1483 1322 1545 ‘Atrides
1337 1482 1413 1544 Ore·

116 1588 203 1653 stes’;
219 1587 335 1646 Atreius
351 1602 421 1643 vero
437 1591 594 1662 utrumqne
610 1583 692 1652 dico,
710 1593 740 1643 et
753 1585 887 1645 ‘Atreius
903 1583 1041 1644 Orestes'
1065 1594 1095 1645 et
1117 1585 1252 1645 ‘Atreius
1267 1584 1411 1661 gladius’.

203 1686 276 1746 Sunt
304 1686 392 1746 etiam
420 1686 539 1745 nomina
568 1703 643 1764 quae
666 1685 852 1764 appellantur
874 1686 1029 1752 adiectiva.
1059 1705 1135 1766 quae
1158 1686 1326 1746 adiciuntur
1348 1685 1531 1759 albefacta

118 1787 223 1856 rebus,
249 1796 281 1849 ut
302 1789 326 1846 si
350 1784 432 1845 dicas
455 1787 540 1846 fortis
563 1795 592 1846 et
615 1804 746 1864 magnus.
779 1786 836 1846 hoc
858 1787 937 1865 quod
961 1786 1086 1847 dicimus
1108 1788 1193 1848 fortis
1216 1805 1337 1865 magnus
1360 1806 1414 1867 per

118 1908 149 1950 se
172 1898 274 1950 notum
298 1895 342 1948 est
363 1887 499 1966 quidem,
522 1888 575 1948 sed
598 1887 719 1968 plenum
736 1907 795 1949 non
810 1889 867 1947 erit
881 1890 937 1949 nisi
954 1888 1115 1950 accedente
1131 1907 1267 1968 persona,
1290 1907 1414 1967 magnus

82 1993 177 2060 uvir,
206 1991 290 2051 fortis
314 1990 470 2050 exercitus.
513 2008 584 2068 ergo
612 1989 753 2051 adiectiva
780 1997 851 2050 sunt
878 1989 927 2049 illa
957 2008 1033 2069 quae
1061 1991 1205 2051 accedunt
1227 1991 1262 2051 ad
1286 1991 1414 2072 aliquam

119 2111 182 2154 rem
205 2101 234 2153 et
264 2111 317 2171 per
340 2109 372 2150 se
395 2091 515 2170 quidem
539 2090 650 2152 babent
672 2109 804 2162 sensum,
834 2090 886 2151 sed
910 2090 1032 2169 plenum
1055 2100 1175 2153 sumunt
1196 2094 1362 2154 coniunctis
1385 2102 1414 2152 et

119 2194 328 2255 accedentibus
350 2194 498 2272 personis:
528 2200 560 2253 ut
581 2195 606 2254 si
628 2193 709 2255 dicas
730 2211 869 2271 magnus,
898 2212 952 2273 per
975 2212 1007 2253 se
1030 2193 1247 2271 intellegimus,
1272 2194 1346 2273 vquid
1370 2203 1415 2255 est

119 2314 259 2374 magnus:
283 2293 334 2355 sed
359 2312 418 2354 non
442 2290 446 2376 Ι
471 2293 560 2356 babet
582 2293 702 2374 plenum
725 2313 862 2364 sensum,
884 2296 942 2355 nisi
965 2313 1109 2375 personae
1131 2298 1358 2374 coniungantur,
1382 2305 1414 2357 ut

119 2400 144 2459 si
166 2398 248 2458 dicas
270 2414 396 2475 magnus
424 2397 481 2467 vir,
505 2414 629 2474 magnus
656 2398 818 2465 exercitus,
842 2414 966 2474 magnus
994 2395 1118 2474 gladius.
1170 2397 1306 2459 similiter
1328 2397 1414 2459 fortis

82 2507 148 2560 met
170 2498 236 2559 alia.
280 2499 334 2559 ista
357 2498 498 2558 adiectiva
522 2497 659 2559 dicuntur
681 2497 785 2574 latine,
810 2516 917 2577 graece
940 2500 1068 2579 epitheta
1090 2498 1284 2579 appellantur.

204 2601 280 2663 Sunt
307 2599 362 2660 alia
391 2617 467 2678 quae
496 2599 682 2678 appellantur
704 2599 869 2681 qualitatis:
898 2600 992 2680 qualis
1016 2609 1059 2661 est
1080 2600 1148 2662 ittet
1176 2601 1285 2672 bonus,
1309 2602 1531 2678 molesmum

121 2705 253 2764 novimus
277 2700 446 2780 qualitatem
470 2721 486 2762 a
509 2701 603 2763 tribus
625 2701 715 2764 rebus
737 2702 882 2773 ordinari,
906 2702 943 2764 ab
966 2704 1079 2772 animo,
1103 2722 1118 2763 a
1142 2723 1276 2784 corpore,
1301 2707 1412 2766 extrin-

120 2824 219 2866 secus:
244 2803 282 2864 ab
305 2804 417 2873 animo,
448 2803 552 2863 doctos
575 2803 695 2874 stultus;
724 2825 739 2866 a
763 2823 903 2884 corpore,
928 2806 1012 2883 niger
1035 2803 1193 2875 candidus;
1218 2809 1412 2877 extrinsecus,

119 2907 284 2966 fortunatus
299 2904 389 2965 dives.
422 2914 491 2965 sunt
505 2907 677 2985 quantitatis
692 2908 827 2976 nomina,
851 2925 976 2986 magnus
997 2924 1118 2985 parvus:
1141 2910 1167 2968 si
1188 2908 1268 2969 dicas
1289 2927 1415 2987 magnus

84 3009 177 3075 savir,
200 3025 309 3087 parvus
334 3007 386 3066 vir.
432 3006 556 3067 ethaeo
579 3026 627 3068 res
654 3027 670 3068 a
693 3026 831 3070 mensura
857 3006 1028 3078 deducitur,
1051 3010 1173 3088 proprie
1196 3011 1220 3070 si
1243 3009 1299 3071 boc
1323 3009 1411 3079 dicas,

121 3110 336 3189 ‘quantitatis’z
374 3110 497 3187 proprie
524 3109 581 3169 boc
608 3127 623 3170 a
653 3127 791 3170 mensura
818 3111 961 3171 trahitur:
1001 3111 1027 3169 si
1055 3119 1153 3171 autem
1176 3111 1412 3180 catachresticos‚

121 3214 207 3273 etiam
236 3210 367 3292 qualitati
401 3211 488 3271 datur
520 3229 668 3271 mensura.
714 3211 840 3289 legimus
872 3213 952 3272 enim
984 3211 1231 3291 ‘magnanime
1264 3210 1411 3284 Aenea',

121 3332 187 3374 cum
217 3330 340 3390 magnus
368 3331 428 3373 non
456 3314 551 3392 possit
579 3331 642 3373 esse
670 3314 727 3373 nisi
749 3314 781 3374 in
803 3331 951 3373 mensura.
995 3315 1086 3374 animi
1112 3322 1212 3376 autem
1241 3333 1413 3376 mensuram

122 3434 208 3476 nemo
235 3421 334 3494 potest
362 3416 449 3476 seire.
494 3433 553 3495 quo
580 3414 669 3476 modo
697 3433 769 3494 ergo
797 3413 870 3475 dixit
898 3417 1102 3494 magnanime?
1135 3416 1187 3477 sed
1210 3416 1329 3478 abusive
1352 3425 1412 3484 est:

87 3516 178 3578 arboc
210 3518 326 3595 poetice
360 3518 443 3585 fecit,
479 3519 555 3577 sicut
587 3524 616 3576 et
638 3517 743 3578 Graeci
775 3515 879 3577 dicunt
905 3513 1095 3598 μεγάθυμοι
1119 3511 1255 3599 Ἀχαιοί,
1286 3516 1290 3597 l
1320 3526 1350 3579 et
1377 3536 1412 3578 ex

124 3621 297 3679 auctoritate
324 3617 492 3678 descendit:
521 3635 628 3696 graeca
651 3625 696 3678 est
717 3619 801 3679 ratio.
848 3617 900 3678 sed
923 3637 982 3679 non
1005 3621 1134 3699 pertinet
1157 3620 1193 3680 ad
1217 3638 1286 3681 uos:
1318 3618 1412 3700 philo·
1458 3613 1466 3620 ’

123 3720 281 3800 sophorum
306 3727 359 3780 est.
405 3721 460 3780 ista
484 3738 554 3797 ergo
577 3727 659 3789 suut,
683 3738 758 3800 quae
780 3717 929 3799 qualitatis
951 3728 1020 3782 sunt
1042 3729 1071 3781 et
1092 3723 1272 3802 quantitatis.

206 3823 281 3883 Sunt
303 3823 413 3898 gentis,
438 3820 568 3882 Graecus
591 3821 628 3882 de
650 3822 788 3890 Graecia,
812 3822 958 3903 Hispanus
980 3821 1017 3884 de
1038 3823 1187 3904 Hispania.
1222 3825 1252 3886 in
1275 3826 1339 3885 istis
1360 3842 1485 3900 notae,
1499 3842 1531 3891 18

124 3924 253 3986 minibus
280 3925 500 4004 provinciarum
527 3925 693 3985 invenimus
720 3925 752 3983 in
779 3922 889 4001 regulis
916 3926 1019 3989 nescio
1046 3943 1102 4004 qua
1130 3927 1245 3988 ratione
1273 3925 1412 3988 derivata.

193 4162 308 4212 laotem
327 4176 372 4210 om.
394 4163 431 4219 A,
451 4162 512 4214 add.
532 4178 549 4210 a
620 4162 683 4210 istae
701 4161 806 4227 regulae
824 4161 889 4212 Bo:
913 4162 1018 4227 regulae
1037 4164 1157 4214 σπι..Αο
1224 4164 1346 4215 Βιιετίιιε
1364 4164 1415 4215 BC

124 4233 203 4281 oirine
222 4232 262 4280 A:
283 4233 361 4296 Verq.
380 4230 460 4283 bucol.
481 4232 507 4294 t,
525 4232 558 4282 :tt
629 4231 748 4298 galathea
765 4216 850 4282 Ado
890 4216 981 4280 *istae
999 4240 1051 4283 tres
1069 4235 1171 4299 regulae
1190 4234 1326 4285 femininae
1344 4250 1415 4284 com-

124 4317 212 4351 mones
231 4311 291 4351 aunt
310 4300 335 4350 B
359 4302 422 4350 latae
440 4310 492 4350 tres
512 4301 648 4351 femininae
665 4316 812 4352 communes
830 4309 889 4350 sunt
908 4302 1012 4367 regulae
1026 4303 1078 4353 Ac
1104 4345 1114 4355 „
1161 4305 1219 4353 iet
1234 4306 1327 4354 tericon
1348 4306 1372 4352 B
1390 4312 1414 4352 et

123 4371 313 4421 theticumAG
382 4372 408 4419 id
427 4380 465 4419 est
479 4382 503 4419 et
523 4374 697 4436 possessiuum
716 4372 741 4421 A
827 4371 934 4420 ildicas
952 4387 1014 4436 ergo
1031 4371 1115 4423 ABG
1196 4374 1229 4426 16
1246 4374 1291 4423 sed
1310 4374 1412 4438 plenum

125 4441 195 4492 cca
219 4442 264 4492 aed
290 4440 462 4506 uonplenom
482 4441 507 4489 A
596 4441 626 4491 tt
647 4440 999 4506 quideat‘ABquidemC
1088 4441 1120 4493 18
1137 4441 1413 4509 coniunganturBCo

124 4514 292 4578 coniungatur
307 4512 332 4560 A
402 4512 435 4560 24
453 4525 562 4576 magnus
578 4527 674 4576 paruos
695 4513 718 4561 Β
736 4525 831 4578 parona
845 4524 955 4576 magnos
970 4509 1021 4561 Ao
1091 4511 1126 4564 26
1141 4513 1288 4576 quantitatis
1309 4513 1413 4577 proprie

124 4582 170 4632 hoc
194 4598 209 4631 a
231 4595 350 4630 mensura
368 4581 440 4632 BCa
465 4584 593 4644 quantitas
616 4583 718 4647 proprie
736 4597 751 4630 a
770 4595 889 4629 mensura
906 4580 931 4629 A
1019 4581 1276 4646 aequandorum
1294 4595 1413 4630 mensura

124 4652 194 4704 1300
210 4652 342 4716 qualitatis
359 4666 478 4700 mensura
498 4654 521 4699 A
591 4648 763 4717 magnanime]
787 4651 865 4714 Verp.
886 4651 952 4700 Aen.
973 4651 994 4698 V
1015 4651 1046 4702 17
1118 4651 1152 4702 28
1171 4653 1247 4701 animi
1263 4649 1295 4699 a*
1313 4653 1413 4699 animae

124 4722 208 4773 ABG
277 4722 311 4772 30
329 4721 524 4786 magathumgoe
543 4719 676 4771 achaoetA
694 4718 814 4786 megatbu
833 4735 857 4768 ro
877 4734 909 4769 oe
927 4721 1005 4784 (mioe
1024 4722 1063 4786 B)
1081 4721 1160 4771 achoe
1178 4722 1230 4772 BC
1280 4720 1312 4773 31
1330 4719 1413 4785 plrifo-

124 4792 261 4857 sophorum
280 4792 315 4840 ita
335 4791 439 4857 ergoA
510 4791 544 4840 34
561 4791 664 4840 dirioat.
679 4790 704 4839 A
724 4790 862 4858 dtnoatom
908 4789 950 4840 Oa
967 4789 1162 4843 dirioatincrum
1181 4790 1215 4845 B.
1233 4792 1412 4853 nescioquam

125 4862 256 4922 maionem,
276 4861 390 4911 derivata
409 4875 487 4924 quare
508 4862 542 4911 ita
561 4859 666 4910 fecerint
682 4861 788 4911 coariecit
803 4859 990 4910 tenueramus

1148 4942 1212 5010 10*
