3346 5498
271 396 336 461 sno
422 436 424 440 »
843 397 981 480 [lsrru]

298 518 320 558 ρ.
336 506 436 546 ram-so
451 505 473 545 v.
1381 518 1403 560 p.
1415 507 1460 548 arr.
1476 466 1539 547 ref.

272 582 388 644 duobus
408 585 584 662 generibus,
609 594 640 646 ut
663 584 712 645 hic
733 594 764 645 et
784 585 857 645 llaec
878 586 980 655 tortis,
1003 592 1054 644 aut
1074 583 1185 655 tribus,
1209 595 1242 646 ut
1256 585 1305 645 hic
1321 593 1351 645 et
1365 585 1438 645 haec
1460 593 1491 646 et
1505 585 1565 646 hoc

271 669 409 747 elegans,
432 672 649 750 promiscuum,
674 672 705 730 in
727 689 786 751 quo
808 677 858 730 aut
879 668 1041 731 masculina
1063 678 1132 731 sunt
1154 688 1286 751 semper,
1315 678 1348 730 ut
1369 687 1475 730 corvus
1498 678 1563 730 tur·

272 754 342 823 dus,
365 760 416 815 aut
438 773 556 835 semper
577 756 734 824 feminina,
757 762 791 815 ut
812 753 911 835 aquila
938 755 1052 814 cornix.
1096 757 1213 815 numeri
1237 754 1375 816 accidunt
1397 754 1469 824 duo,
1499 756 1563 816 sin·

272 839 399 918 gadaris,
423 848 456 900 ut
478 839 527 903 hie
542 840 626 910 Cato,
651 839 790 919 pluralis,
814 848 847 900 ut
868 840 901 900 hi
916 839 1057 908 Catones,
1074 835 1088 920 ll
1111 842 1291 910 communis,
1314 848 1348 900 ut
1369 840 1433 900 dies
1454 838 1563 902 nubes.

271 933 341 985 suut
362 923 507 1003 quaedam
529 926 649 985 nomina
672 942 789 1004 semper
811 924 987 1002 singularia,
1011 931 1043 984 ut
1057 941 1162 984 aurum
1177 924 1293 993 oleum,
1316 924 1462 1005 quaedam
1483 941 1591 985 sem-s

272 1024 326 1087 per
347 1008 488 1086 pluralia,
512 1016 546 1068 ut
567 1007 683 1069 Puteoli
699 1008 881 1078 Saturnalia;
903 1008 961 1069 alia
983 1009 1076 1069 lorma
1099 1008 1276 1086 singularia,
1299 1009 1352 1070 sed
1373 1011 1403 1069 vi
1423 1008 1562 1088 pluralia,

272 1100 305 1151 ut
325 1093 453 1171 populus
475 1095 641 1163 exercitus,
664 1100 715 1154 aul
736 1102 839 1155 contra
861 1095 954 1155 lorma
969 1093 1111 1173 pluralia,
1135 1093 1187 1154 sed
1203 1096 1232 1155 vi
1247 1093 1423 1172 singularia,
1447 1103 1479 1154 ut
1494 1094 1563 1154 idus

272 1194 376 1237 nonae.
421 1179 516 1255 ligura
543 1181 697 1239 nominum
718 1178 827 1257 duplex
849 1187 907 1240 est:
936 1186 987 1239 aut
1008 1180 1089 1239 enim
1110 1178 1258 1258 simplicia
1279 1187 1349 1240 sunt
1370 1181 1505 1248 uomina,
1530 1186 1563 1239 ut

271 1259 397 1341 probus,
422 1270 472 1323 aut
494 1264 670 1342 composita,
695 1270 728 1322 ut
749 1263 912 1343 improbus.
958 1270 1175 1343 componuntur
1203 1273 1301 1325 autem
1323 1266 1442 1325 uomina
1464 1260 1563 1324 modis

271 1357 413 1427 quatuor:
437 1355 488 1409 aut
510 1350 590 1408 enim
612 1349 728 1425 integra
750 1350 900 1427 corruptis
916 1351 920 1430 l
937 1350 1115 1427 iunguntur,
1138 1357 1172 1408 ut
1185 1349 1332 1418 insulsus,
1355 1355 1407 1409 aut
1421 1358 1561 1428 corrupta
1577 1367 1603 1405 ιιι

271 1435 435 1512 corruptis,
458 1440 491 1494 ut
512 1435 658 1510 armiger,
682 1440 733 1494 aut
754 1435 870 1511 integra
892 1435 1032 1511 integris,
1055 1440 1088 1492 ul
1109 1435 1257 1512 inpotens,
1280 1442 1330 1494 aut
1352 1440 1491 1513 corrupta
1514 1436 1561 1493 in·

270 1519 380 1595 tegris,
416 1524 449 1578 ut
481 1519 674 1596 armipotens.
718 1536 805 1579 casus
831 1519 984 1579 nondnum
1013 1526 1083 1579 sunt
1109 1535 1176 1586 sex,
1205 1520 1418 1587 nominativus,
1446 1527 1480 1579 ut
1511 1518 1562 1578 hic

271 1601 357 1671 Cato,
381 1604 544 1679 genitivus,
573 1610 607 1663 ut
633 1601 722 1663 huius
749 1602 882 1671 Catonis,
911 1602 1041 1672 dativus,
1071 1611 1103 1662 ut
1131 1602 1200 1662 huic
1223 1602 1341 1672 Catoni,
1364 1604 1561 1672 accusativus,

271 1695 304 1747 ut
336 1687 415 1747 hunc
443 1686 597 1757 Catonem,
628 1689 793 1756 vocativus,
822 1695 855 1748 ut
881 1706 899 1747 o
928 1687 1013 1757 Cato,
1043 1686 1205 1756 ablativus,
1235 1696 1268 1748 ut
1296 1688 1334 1748 ab
1360 1688 1417 1748 hoc
1439 1687 1561 1749 Catone.

272 1771 385 1831 addunt
399 1778 430 1832 et
444 1774 604 1851 septimum
618 1790 733 1841 casum,
757 1772 848 1833 veluti
863 1790 929 1832 cum
946 1771 1074 1832 dicimus
1090 1791 1145 1832 nos
1166 1777 1264 1832 ‘terra
1282 1773 1326 1832 vel
1341 1775 1417 1834 mari
1432 1777 1563 1842 vectos',
1582 1789 1605 1827 rs

271 1858 323 1937 qui
353 1859 483 1936 speciem
513 1856 633 1917 ablativi
662 1856 767 1927 habet,
797 1875 850 1917 nec
878 1865 977 1917 tamen
1007 1866 1061 1917 est.
1106 1859 1170 1936 ipse
1199 1860 1279 1919 enim
1307 1859 1486 1938 aliquotiens
1507 1877 1564 1937 per

272 1944 472 2003 accusativum
494 1941 637 2022 liquidius
658 1944 840 2021 explicatur,
863 1960 922 2002 uon
945 1943 1048 2021 utique
1071 1944 1169 2002 ‘terra
1192 1942 1238 2002 vel
1260 1935 1337 2003 mari
1359 1946 1487 2010 vectos’,
1510 1943 1564 2002 sed

271 2028 342 2105 ‘per
364 2035 475 2087 terram
497 2026 543 2087 vel
566 2045 648 2087 mare
671 2030 800 2088 vectos’.
835 2045 872 2087 ex
893 2026 949 2086 hoc
971 2044 1060 2086 sensu
1082 2035 1127 2086 est
1149 2027 1318 2088 ‘multum
1340 2026 1405 2088 ille
1428 2034 1465 2088 et
1487 2035 1563 2088 ter·

271 2113 326 2172 ris
347 2113 511 2172 iactatus
538 2120 573 2172 et
601 2111 704 2172 alto'.
749 2120 817 2172 sunt
844 2110 988 2192 quaedam
1015 2112 1135 2172 nomina
1162 2130 1237 2191 quae
1265 2131 1325 2172 non
1346 2112 1508 2172 flectuntur
1530 2116 1562 2173 in

271 2197 369 2257 varios
392 2214 478 2256 casus
500 2197 660 2266 declinata,
684 2197 735 2257 sed
760 2216 817 2257 rma
840 2195 1036 2276 appellatione
1057 2214 1112 2275 per
1139 2215 1242 2257 omnes
1269 2195 1410 2257 articulos
1431 2197 1562 2258 ellerun·
1576 2217 1603 2256 eo

271 2288 335 2349 tur,
360 2287 392 2340 ut
413 2281 492 2357 frugi
516 2300 659 2361 nequam,
683 2299 758 2360 quae
781 2281 888 2342 Graeci
910 2288 1081 2360 monoptota
1103 2281 1264 2361 appellant.
1309 2289 1377 2343 sunt
1403 2300 1480 2361 quae
1509 2283 1561 2342 de-

271 2363 462 2426 clinationem
485 2368 605 2426 omnino
627 2369 658 2425 in
674 2366 817 2445 quosdam
840 2384 926 2427 casus
948 2384 1006 2426 non
1030 2367 1193 2445 recipiunt,
1218 2374 1251 2426 ut
1272 2367 1317 2427 las
1339 2367 1423 2428 nelas
1445 2376 1560 2428 tanturn

271 2468 326 2529 per
349 2450 563 2511 nominativum
586 2458 616 2510 et
637 2460 741 2528 sponte
765 2458 879 2512 tantum
900 2469 955 2530 per
977 2449 1137 2512 ablativum
1159 2453 1191 2511 in
1212 2470 1268 2512 usu
1290 2451 1446 2513 habentur.

764 2619 814 2681 DE
835 2619 1058 2684 PRONOlllNE

354 2739 521 2801 Pronomeu
554 2748 599 2800 est
630 2757 701 2820 pars
733 2742 876 2802 orationis
906 2757 981 2820 quae
1009 2737 1089 2798 idem
1116 2739 1195 2818 quod
1223 2758 1345 2809 nomen,
1380 2741 1431 2801 sed
1459 2745 1600 2803 miuusr's

270 2825 357 2906 plene
383 2825 395 2904 il
419 2827 577 2903 significat.
621 2827 789 2904 pronomini
813 2824 952 2885 accidunt
973 2823 1101 2903 qualitas
1128 2826 1306 2901 significatio
1333 2828 1443 2904 positio
1464 2844 1560 2903 genus

269 2929 413 2971 numerus
441 2912 515 2971 ordo
541 2911 636 2987 figura
665 2928 790 2989 persona
812 2927 907 2971 casus.
951 2907 1078 2989 qualitas
1100 2917 1159 2977 est,
1189 2912 1259 2989 quia
1281 2918 1349 2970 sunt
1371 2919 1421 2971 aut
1442 2911 1560 2973 inlinita

270 2997 459 3075 pronomina,
484 2997 619 3074 etquis,
643 3002 694 3055 aut
716 2995 812 3064 linita,
836 3003 869 3055 ut
890 2997 964 3073 ipse.
1009 2994 1188 3070 significatio
1209 2996 1416 3072 pronominum
1438 2997 1469 3055 in
1492 3006 1560 3058 octo

269 3088 370 3160 partes
391 3079 485 3140 divisa
508 3088 569 3140 est:
594 3087 644 3140 aut
665 3081 746 3140 enim
768 3097 928 3159 personam
950 3079 1131 3156 significant,
1155 3086 1187 3138 ut
1207 3081 1274 3159 quis
1296 3098 1387 3159 quae,
1411 3090 1461 3141 aut
1482 3100 1558 3158 rem,

270 3173 303 3225 ut
324 3165 380 3224 hoc
401 3165 496 3233 istud,
526 3174 577 3224 aut
602 3173 735 3241 gentem,
763 3173 797 3226 ut
818 3167 900 3225 cuias
927 3173 1060 3233 nostras,
1088 3168 1139 3223 aul
1161 3182 1331 3233 numerum,
1355 3173 1388 3225 ut
1409 3174 1481 3245 quot
1504 3173 1558 3237 tot,
1572 3185 1599 3225 eo

181 3325 185 3334 ἱ
270 3258 320 3310 aut
342 3249 491 3317 ordinem,
521 3256 553 3309 ut
575 3259 683 3328 quotus
705 3257 797 3319 totus,
827 3258 877 3311 ant
899 3250 1085 3336 qualitatem,
1116 3257 1147 3308 ut
1169 3249 1266 3329 qualis
1287 3249 1368 3319 talis,
1392 3258 1443 3310 aut
1464 3269 1558 3330 quan·

269 3337 398 3403 titatem,
422 3342 455 3393 ut
477 3341 604 3413 quantus
626 3342 745 3404 tantus,
763 3342 814 3395 aut
835 3335 872 3395 ad
895 3333 1023 3414 aliquid;
1045 3351 1173 3413 quorum
1194 3334 1339 3413 quaedam
1361 3342 1411 3394 aut
1432 3342 1558 3416 utraque

269 3419 431 3496 singularia
453 3427 536 3487 sunt,
561 3427 697 3479 ulmeus
719 3429 804 3489 tuus,
828 3427 879 3479 aut
899 3426 1025 3499 utraque
1047 3418 1188 3497 pluralia,
1211 3427 1244 3480 ut
1265 3421 1360 3480 nostri
1382 3422 1483 3489 vestri,
1507 3429 1559 3481 aut

269 3507 457 3565 extrinsecus
479 3503 656 3581 singularia,
680 3513 713 3564 ut
734 3512 836 3565 noster
858 3512 969 3574 vester,
999 3511 1051 3564 aut
1071 3505 1252 3565 intrinsecus
1273 3503 1413 3584 pluralia,
1443 3507 1557 3566 ulmei

270 3591 323 3648 tui.
366 3591 475 3667 positio
504 3596 562 3656 est,
592 3607 649 3668 qua
672 3598 837 3668 spectatur,
866 3597 965 3649 utrum
994 3591 1205 3666 interrogativa
1227 3591 1287 3650 sint
1309 3591 1500 3668 pronomina,
1525 3598 1558 3651 ut
1572 3609 1599 3649 ec

268 3676 336 3754 quis
358 3683 446 3743 uter,
470 3681 520 3734 aut
542 3676 730 3753 responsiva,
753 3682 786 3734 ut
807 3674 856 3735 hic
878 3677 949 3742 iste,
973 3682 1024 3734 aut
1046 3675 1243 3751 segregativa,
1269 3682 1300 3734 ut
1319 3676 1455 3754 quisquis
1475 3682 1557 3736 uter·

268 3776 342 3839 que,
376 3766 428 3820 aut
453 3760 613 3838 privativa,
647 3766 679 3818 ut
711 3761 817 3839 nequis
848 3769 954 3820 neuter
981 3776 1069 3819 nemo
1095 3758 1180 3819 nihil.
1225 3777 1367 3820 numerus
1387 3763 1557 3839 pronomini

269 3844 378 3904 accidit
406 3842 581 3921 singularis,
610 3851 643 3902 nt
670 3861 725 3920 ego
755 3845 834 3923 quis,
863 3843 1000 3924 pluralis,
1030 3851 1062 3903 ut
1089 3862 1143 3904 uos
1169 3847 1287 3923 quanti,
1316 3847 1494 3914 communis,
1525 3853 1558 3905 ut

268 3947 343 4007 quae
372 3936 492 4007 quanta.
537 3945 677 3989 numerus
705 3928 783 4007 apud
809 3928 937 3989 Graecos
965 3936 1090 4008 propter
1123 3928 1238 3989 dualem
1270 3947 1427 3990 numerum
1459 3938 1558 3990 motus

269 4012 358 4074 habet
380 4031 498 4082 novem,
529 4016 560 4074 in
589 4031 725 4073 sermone
755 4021 856 4074 nostro
878 4021 1020 4093 quatuor:
1044 4022 1095 4073 aut
1116 4016 1195 4073 enim
1217 4033 1308 4075 uuum
1331 4016 1421 4075 unius
1441 4016 1556 4091 signifi·
1570 4035 1600 4073 m

269 4117 383 4168 camus,
408 4107 440 4158 ut
462 4118 546 4159 meus
567 4105 648 4168 tuus,
678 4106 729 4158 aul
755 4099 863 4160 multos
889 4099 1062 4168 multorum,
1092 4107 1125 4159 ut
1146 4101 1240 4159 nostri
1262 4103 1368 4167 vestri,
1391 4106 1556 4159 autunum

268 4236 569 4244 --—-—‹.-.—-...

338 4321 348 4371 l
368 4332 395 4371 m
414 4320 455 4369 hic
473 4329 497 4369 et
511 4319 573 4369 haec
591 4320 710 4370 sacerdos
727 4327 771 4369 aut
788 4321 868 4370 tribus
883 4320 1018 4385 generibus
1037 4333 1062 4379 ς,
1081 4318 1165 4374 onst
1223 4319 1239 4370 3
1256 4316 1351 4384 aquile]
1371 4319 1457 4384 aliqua
1479 4321 1505 4368 V
1511 4362 1516 4372 ,

268 4390 347 4440 'leuc
369 4387 467 4456 contre]
489 4389 539 4438 alla
557 4399 679 4447 contras
750 4391 896 4448 sedem
967 4390 998 4440 15
1022 4403 1068 4439 nos
1087 4400 1179 4439 terram
1197 4390 1236 4439 uel
1258 4405 1327 4439 mare
1346 4389 1398 4441 VG
1468 4400 1557 4441 uectus

269 4460 291 4510 G
377 4461 411 4512 13
427 4476 473 4527 per
488 4462 661 4509 accusetiuum
676 4459 773 4523 aliquid
793 4461 833 4509 ius
849 4459 1000 4527 explicatG
1090 4460 1121 4511 l'l
1141 4457 1215 4523 meri]
1234 4474 1304 4509 mare
1326 4460 1353 4509 V
1357 4461 1379 4511 G
1463 4459 1495 4511 18
1510 4476 1557 4527 per

268 4542 359 4581 terrem
379 4545 448 4580 mare
471 4529 497 4578 V
502 4528 524 4578 G
593 4532 718 4581 uectus&
788 4525 904 4594 multum]
927 4530 1004 4594 Vero.
1023 4528 1087 4578 Aea.
1104 4530 1147 4580 l3
1218 4529 1252 4580 23
1270 4529 1362 4580 habent
1383 4531 1409 4579 V
1413 4529 1435 4579 θ
1449 4528 1559 4580 habetur

268 4613 285 4656 ς
354 4600 388 4652 32
407 4611 450 4648 eut
468 4599 501 4650 ad
518 4597 615 4662 aliquid
638 4608 663 4647 ut
681 4615 787 4664 quoram
813 4600 936 4663 quaedam
959 4601 986 4649 V
1000 4609 1043 4646 aut
1062 4598 1158 4660 aliquid
1177 4607 1205 4648 ut
1221 4614 1329 4662 quorum
1344 4598 1488 4663 quidam&
1511 4612 1556 4651 aut

267 4671 301 4720 ad
318 4669 415 4733 aliquid
432 4679 458 4719 ut
475 4669 579 4734 quidam
598 4669 757 4732 quaedams
827 4669 861 4720 33
880 4679 907 4718 ut
925 4671 1004 4720 nostri
1022 4694 1057 4703 —
1075 4669 1215 4734 singularia
1233 4671 1317 4721 cnud
1386 4669 1420 4720 35
1438 4683 1487 4733 qne
1509 4685 1557 4717 ex-

268 4748 382 4804 pectatur
399 4741 426 4788 V
492 4739 527 4791 36
545 4753 668 4804 responsa
690 4741 717 4789 V
783 4740 900 4805 segatiua
922 4741 948 4789 V
1015 4737 1049 4788 39
1068 4736 1160 4805 morus]
1183 4749 1264 4788 motos
1287 4740 1314 4788 V
1326 4738 1451 4793 modoss
1521 4739 1558 4788 40

268 4808 378 4860 insermo
398 4811 609 4861 nostrumne
629 4820 714 4859 nostro
737 4811 764 4857 V
812 4818 856 4858 aut
873 4810 940 4859 enim
959 4808 1034 4858 unius
1053 4822 1184 4858 numerum
1202 4807 1376 4874 significamus
1395 4818 1470 4861 §aut
1486 4810 1557 4859 enim

268 4879 343 4929 unius
359 4880 533 4945 signillcamus
554 4879 583 4929 V
584 4878 608 4929 G
