<?xml version="1.0" encoding="UTF-8"?>
<!DOCTYPE html PUBLIC "-//W3C//DTD XHTML 1.0 Transitional//EN"
    "http://www.w3.org/TR/xhtml1/DTD/xhtml1-transitional.dtd">
<html xmlns="http://www.w3.org/1999/xhtml" xml:lang="en" lang="en">
 <head>
  <title>
</title>
<meta http-equiv="Content-Type" content="text/html;charset=utf-8" />
  <meta name='ocr-system' content='tesseract 3.04.00' />
  <meta name='ocr-capabilities' content='ocr_page ocr_carea ocr_par ocr_line ocrx_word'/>
</head>
<body>
  <div class='ocr_page' id='page_1' title='image "./grammaticilatin03keilgoog_0645.png"; bbox 0 0 3346 5498; ppageno 0'>
   <div class='ocr_carea' id='block_1_1' title="bbox 286 415 1025 491">
    <p class='ocr_par' dir='ltr' id='par_1_1' title="bbox 286 415 1025 491">
     <span class='ocr_line' id='line_1_1' title="bbox 286 415 1025 491; baseline -0.001 -14"><span class='ocrx_word' id='word_1_1' title='bbox 286 415 348 478; x_wconf 83' lang='grc'><strong>618</strong></span> <span class='ocrx_word' id='word_1_2' title='bbox 643 486 646 491; x_wconf 37' lang='grc'><strong><em>,</em></strong></span> <span class='ocrx_word' id='word_1_3' title='bbox 844 415 1025 478; x_wconf 80' lang='lat' dir='ltr'><strong>uacuuuu</strong></span> 
     </span>
    </p>
   </div>
   <div class='ocr_carea' id='block_1_2' title="bbox 285 522 1592 683">
    <p class='ocr_par' dir='ltr' id='par_1_2' title="bbox 285 522 1592 683">
     <span class='ocr_line' id='line_1_2' title="bbox 310 522 484 578; baseline 0.006 -15"><span class='ocrx_word' id='word_1_4' title='bbox 310 537 332 578; x_wconf 73' lang='lat' dir='ltr'><strong>p.</strong></span> <span class='ocrx_word' id='word_1_5' title='bbox 346 524 448 563; x_wconf 74' lang='lat' dir='ltr'><strong>eras-aa</strong></span> <span class='ocrx_word' id='word_1_6' title='bbox 461 522 484 564; x_wconf 81' lang='lat' dir='ltr'><strong>r.</strong></span> 
     </span>
     <span class='ocr_line' id='line_1_3' title="bbox 285 601 1592 683; baseline -0.002 -20"><span class='ocrx_word' id='word_1_7' title='bbox 285 623 342 664; x_wconf 88' lang='lat' dir='ltr'><strong>nun</strong></span> <span class='ocrx_word' id='word_1_8' title='bbox 365 604 401 664; x_wconf 88' lang='lat' dir='ltr'><strong>ad</strong></span> <span class='ocrx_word' id='word_1_9' title='bbox 424 604 631 683; x_wconf 89' lang='lat' dir='ltr'><strong>imperativum</strong></span> <span class='ocrx_word' id='word_1_10' title='bbox 653 602 772 669; x_wconf 86' lang='lat' dir='ltr'><strong>modum</strong></span> <span class='ocrx_word' id='word_1_11' title='bbox 796 604 947 681; x_wconf 87' lang='lat' dir='ltr'><strong>pertinere</strong></span> <span class='ocrx_word' id='word_1_12' title='bbox 970 601 1094 662; x_wconf 90' lang='lat' dir='ltr'><strong>dicenda</strong></span> <span class='ocrx_word' id='word_1_13' title='bbox 1117 609 1195 662; x_wconf 89' lang='lat' dir='ltr'><strong>sunt.</strong></span> <span class='ocrx_word' id='word_1_14' title='bbox 1227 602 1303 681; x_wconf 89' lang='lat' dir='ltr'><strong>apud</strong></span> <span class='ocrx_word' id='word_1_15' title='bbox 1327 602 1461 662; x_wconf 86' lang='lat' dir='ltr'><strong>Graecus</strong></span> <span class='ocrx_word' id='word_1_16' title='bbox 1485 603 1592 681; x_wconf 83' lang='lat' dir='ltr'><strong>impe·</strong></span> 
     </span>
    </p>
   </div>
   <div class='ocr_carea' id='block_1_3' title="bbox 173 704 1622 4648">
    <p class='ocr_par' dir='ltr' id='par_1_3' title="bbox 173 704 1622 2512">
     <span class='ocr_line' id='line_1_4' title="bbox 285 704 1591 784; baseline -0.002 -20"><span class='ocrx_word' id='word_1_17' title='bbox 285 709 396 766; x_wconf 84' lang='lat' dir='ltr'><strong>rativus</strong></span> <span class='ocrx_word' id='word_1_18' title='bbox 418 705 577 781; x_wconf 85' lang='lat' dir='ltr'><strong>singularis</strong></span> <span class='ocrx_word' id='word_1_19' title='bbox 600 707 713 764; x_wconf 85' lang='lat' dir='ltr'><strong>activus</strong></span> <span class='ocrx_word' id='word_1_20' title='bbox 734 707 878 784; x_wconf 91' lang='lat' dir='ltr'><strong>temporis</strong></span> <span class='ocrx_word' id='word_1_21' title='bbox 900 706 1067 783; x_wconf 76' lang='lat' dir='ltr'><strong>praesentis</strong></span> <span class='ocrx_word' id='word_1_22' title='bbox 1089 711 1119 764; x_wconf 92' lang='lat' dir='ltr'><strong>et</strong></span> <span class='ocrx_word' id='word_1_23' title='bbox 1149 705 1304 782; x_wconf 86' lang='lat' dir='ltr'><strong>praeteriti</strong></span> <span class='ocrx_word' id='word_1_24' title='bbox 1332 704 1519 783; x_wconf 80' lang='lat' dir='ltr'><strong>inperfecti,</strong></span> <span class='ocrx_word' id='word_1_25' title='bbox 1557 705 1591 763; x_wconf 93' lang='lat' dir='ltr'><strong>in</strong></span> 
     </span>
     <span class='ocr_line' id='line_1_5' title="bbox 284 806 1589 886; baseline -0.002 -20"><span class='ocrx_word' id='word_1_26' title='bbox 284 807 412 866; x_wconf 85' lang='lat' dir='ltr'><strong>seeundo</strong></span> <span class='ocrx_word' id='word_1_27' title='bbox 436 807 551 867; x_wconf 87' lang='lat' dir='ltr'><strong>seilicet</strong></span> <span class='ocrx_word' id='word_1_28' title='bbox 572 825 715 886; x_wconf 87' lang='lat' dir='ltr'><strong>persona,</strong></span> <span class='ocrx_word' id='word_1_29' title='bbox 745 815 795 867; x_wconf 89' lang='lat' dir='ltr'><strong>aut</strong></span> <span class='ocrx_word' id='word_1_30' title='bbox 823 809 854 866; x_wconf 90' lang='lat' dir='ltr'><strong>iu</strong></span> <span class='ocrx_word' id='word_1_31' title='bbox 883 824 913 866; x_wconf 86' lang='grc' dir='ltr'><strong>ει</strong></span> <span class='ocrx_word' id='word_1_32' title='bbox 939 814 991 866; x_wconf 89' lang='lat' dir='ltr'><strong>aut</strong></span> <span class='ocrx_word' id='word_1_33' title='bbox 1011 809 1042 866; x_wconf 93' lang='lat' dir='ltr'><strong>in</strong></span> <span class='ocrx_word' id='word_1_34' title='bbox 1066 825 1086 864; x_wconf 92' lang='grc' dir='ltr'><strong><em>α</em></strong></span> <span class='ocrx_word' id='word_1_35' title='bbox 1108 813 1159 865; x_wconf 89' lang='lat' dir='ltr'><strong>aut</strong></span> <span class='ocrx_word' id='word_1_36' title='bbox 1187 809 1219 866; x_wconf 94' lang='lat' dir='ltr'><strong>in</strong></span> <span class='ocrx_word' id='word_1_37' title='bbox 1242 825 1284 865; x_wconf 91' lang='grc' dir='ltr'><strong>ου</strong></span> <span class='ocrx_word' id='word_1_38' title='bbox 1306 813 1356 866; x_wconf 93' lang='lat' dir='ltr'><strong>aut</strong></span> <span class='ocrx_word' id='word_1_39' title='bbox 1378 807 1408 864; x_wconf 91' lang='lat' dir='ltr'><strong>in</strong></span> <span class='ocrx_word' id='word_1_40' title='bbox 1434 823 1451 865; x_wconf 89' lang='grc' dir='ltr'><strong><em>ε</em></strong></span> <span class='ocrx_word' id='word_1_41' title='bbox 1473 813 1532 866; x_wconf 87' lang='lat' dir='ltr'><strong>aut</strong></span> <span class='ocrx_word' id='word_1_42' title='bbox 1556 806 1589 864; x_wconf 91' lang='lat' dir='ltr'><strong>iu</strong></span> 
     </span>
     <span class='ocr_line' id='line_1_6' title="bbox 281 899 1589 988; baseline -0.002 -20"><span class='ocrx_word' id='word_1_43' title='bbox 281 911 320 968; x_wconf 91' lang='grc' dir='ltr'><strong>θι</strong></span> <span class='ocrx_word' id='word_1_44' title='bbox 348 911 535 969; x_wconf 87' lang='lat' dir='ltr'><strong>terminatur.</strong></span> <span class='ocrx_word' id='word_1_45' title='bbox 581 911 676 987; x_wconf 88' lang='lat' dir='ltr'><strong>prima</strong></span> <span class='ocrx_word' id='word_1_46' title='bbox 700 910 756 968; x_wconf 89' lang='lat' dir='ltr'><strong>tria</strong></span> <span class='ocrx_word' id='word_1_47' title='bbox 786 908 821 968; x_wconf 91' lang='lat' dir='ltr'><strong>ad</strong></span> <span class='ocrx_word' id='word_1_48' title='bbox 845 911 1051 987; x_wconf 88' lang='lat' dir='ltr'><strong>perispomena</strong></span> <span class='ocrx_word' id='word_1_49' title='bbox 1074 909 1234 988; x_wconf 84' lang='lat' dir='ltr'><strong>pertinent,</strong></span> <span class='ocrx_word' id='word_1_50' title='bbox 1257 899 1328 967; x_wconf 86' lang='grc' dir='ltr'><strong><em>νόει</em></strong></span> <span class='ocrx_word' id='word_1_51' title='bbox 1354 905 1433 986; x_wconf 89' lang='grc' dir='ltr'><strong><em>τίμα</em></strong></span> <span class='ocrx_word' id='word_1_52' title='bbox 1457 901 1589 985; x_wconf 81' lang='grc' dir='ltr'><strong><em>δήλου,</em></strong></span> 
     </span>
     <span class='ocr_line' id='line_1_7' title="bbox 281 1002 1616 1089; baseline 0.001 -20"><span class='ocrx_word' id='word_1_53' title='bbox 281 1019 419 1089; x_wconf 83' lang='lat' dir='ltr'><strong>qarartum</strong></span> <span class='ocrx_word' id='word_1_54' title='bbox 441 1010 477 1070; x_wconf 89' lang='lat' dir='ltr'><strong>ud</strong></span> <span class='ocrx_word' id='word_1_55' title='bbox 498 1009 650 1088; x_wconf 80' lang='lat' dir='ltr'><strong>berytona,</strong></span> <span class='ocrx_word' id='word_1_56' title='bbox 674 1006 749 1088; x_wconf 80' lang='grc' dir='ltr'><strong><em>λέγε</em></strong></span> <span class='ocrx_word' id='word_1_57' title='bbox 770 1005 892 1089; x_wconf 74' lang='grc' dir='ltr'><strong><em>γράφε,</em></strong></span> <span class='ocrx_word' id='word_1_58' title='bbox 915 1012 1051 1089; x_wconf 85' lang='lat' dir='ltr'><strong>quintum</strong></span> <span class='ocrx_word' id='word_1_59' title='bbox 1067 1010 1103 1070; x_wconf 92' lang='lat' dir='ltr'><strong>ad</strong></span> <span class='ocrx_word' id='word_1_60' title='bbox 1119 1007 1208 1069; x_wconf 85' lang='lat' dir='ltr'><strong>verba</strong></span> <span class='ocrx_word' id='word_1_61' title='bbox 1224 1002 1265 1068; x_wconf 81' lang='grc' dir='ltr'><strong><em>τὰ</em></strong></span> <span class='ocrx_word' id='word_1_62' title='bbox 1280 1006 1327 1081; x_wconf 86' lang='grc' dir='ltr'><strong>είς</strong></span> <span class='ocrx_word' id='word_1_63' title='bbox 1340 1028 1388 1089; x_wconf 88' lang='grc' dir='ltr'><strong>μι,</strong></span> <span class='ocrx_word' id='word_1_64' title='bbox 1411 1015 1446 1068; x_wconf 90' lang='lat' dir='ltr'><strong>ut</strong></span> <span class='ocrx_word' id='word_1_65' title='bbox 1460 1002 1616 1072; x_wconf 79' lang='grc' dir='ltr'><strong><em>ἴσταθιτ</em></strong></span> 
     </span>
     <span class='ocr_line' id='line_1_8' title="bbox 281 1104 1588 1191; baseline -0.002 -21"><span class='ocrx_word' id='word_1_66' title='bbox 281 1104 409 1191; x_wconf 81' lang='grc' dir='ltr'><strong><em>ὄμνυθι</em></strong></span> <span class='ocrx_word' id='word_1_67' title='bbox 438 1107 535 1190; x_wconf 77' lang='grc' dir='ltr'><strong><em>φάθι.</em></strong></span> <span class='ocrx_word' id='word_1_68' title='bbox 581 1111 632 1171; x_wconf 91' lang='lat' dir='ltr'><strong>sed</strong></span> <span class='ocrx_word' id='word_1_69' title='bbox 656 1119 686 1171; x_wconf 91' lang='lat' dir='ltr'><strong>et</strong></span> <span class='ocrx_word' id='word_1_70' title='bbox 708 1112 758 1171; x_wconf 92' lang='lat' dir='ltr'><strong>illa</strong></span> <span class='ocrx_word' id='word_1_71' title='bbox 781 1112 908 1171; x_wconf 83' lang='lat' dir='ltr'>similem</span> <span class='ocrx_word' id='word_1_72' title='bbox 932 1111 1042 1172; x_wconf 88' lang='lat' dir='ltr'><strong>babent</strong></span> <span class='ocrx_word' id='word_1_73' title='bbox 1064 1114 1233 1179; x_wconf 91' lang='lat' dir='ltr'><strong>terminum,</strong></span> <span class='ocrx_word' id='word_1_74' title='bbox 1263 1128 1387 1190; x_wconf 87' lang='lat' dir='ltr'><strong>quorum</strong></span> <span class='ocrx_word' id='word_1_75' title='bbox 1409 1111 1588 1171; x_wconf 85' lang='lat' dir='ltr'><strong>infinitivus</strong></span> 
     </span>
     <span class='ocr_line' id='line_1_9' title="bbox 280 1207 1586 1292; baseline 0 -20"><span class='ocrx_word' id='word_1_76' title='bbox 280 1215 310 1272; x_wconf 91' lang='lat' dir='ltr'><strong>iu</strong></span> <span class='ocrx_word' id='word_1_77' title='bbox 334 1216 488 1283; x_wconf 79' lang='lat' dir='ltr'><strong>voterit,</strong></span> <span class='ocrx_word' id='word_1_78' title='bbox 517 1215 572 1273; x_wconf 87' lang='lat' dir='ltr'><strong>etsi</strong></span> <span class='ocrx_word' id='word_1_79' title='bbox 602 1231 661 1272; x_wconf 90' lang='lat' dir='ltr'><strong>non</strong></span> <span class='ocrx_word' id='word_1_80' title='bbox 689 1216 750 1273; x_wconf 91' lang='lat' dir='ltr'><strong>siut</strong></span> <span class='ocrx_word' id='word_1_81' title='bbox 776 1208 845 1273; x_wconf 75' lang='grc' dir='ltr'><strong><em>τῶν</em></strong></span> <span class='ocrx_word' id='word_1_82' title='bbox 871 1209 919 1284; x_wconf 86' lang='grc' dir='ltr'><strong>είς</strong></span> <span class='ocrx_word' id='word_1_83' title='bbox 939 1232 992 1292; x_wconf 79' lang='grc' dir='ltr'><strong>με,</strong></span> <span class='ocrx_word' id='word_1_84' title='bbox 1020 1211 1121 1292; x_wconf 78' lang='grc' dir='ltr'><strong><em>βῆναι</em></strong></span> <span class='ocrx_word' id='word_1_85' title='bbox 1142 1211 1233 1292; x_wconf 81' lang='grc' dir='ltr'><strong><em>βῆθι,</em></strong></span> <span class='ocrx_word' id='word_1_86' title='bbox 1266 1210 1412 1292; x_wconf 81' lang='grc' dir='ltr'><strong><em>νυγῆναι</em></strong></span> <span class='ocrx_word' id='word_1_87' title='bbox 1433 1207 1586 1291; x_wconf 79' lang='grc' dir='ltr'><strong><em>νύγηθι,</em></strong></span> 
     </span>
     <span class='ocr_line' id='line_1_10' title="bbox 280 1302 1585 1395; baseline -0.001 -22"><span class='ocrx_word' id='word_1_88' title='bbox 280 1311 425 1395; x_wconf 79' lang='grc' dir='ltr'><em>δαμῆναι</em></span> <span class='ocrx_word' id='word_1_89' title='bbox 453 1311 593 1395; x_wconf 76' lang='grc' dir='ltr'><strong><em>δάμηθιε</em></strong></span> <span class='ocrx_word' id='word_1_90' title='bbox 625 1321 746 1393; x_wconf 79' lang='lat' dir='ltr'><strong>excepta</strong></span> <span class='ocrx_word' id='word_1_91' title='bbox 775 1324 843 1374; x_wconf 92' lang='lat' dir='ltr'><strong>sunt</strong></span> <span class='ocrx_word' id='word_1_92' title='bbox 866 1302 953 1375; x_wconf 82' lang='grc' dir='ltr'><strong><em>εἶναι</em></strong></span> <span class='ocrx_word' id='word_1_93' title='bbox 975 1311 1094 1375; x_wconf 86' lang='grc' dir='ltr'><strong><em>δοῦναι</em></strong></span> <span class='ocrx_word' id='word_1_94' title='bbox 1120 1317 1246 1374; x_wconf 77' lang='grc' dir='ltr'><strong><em>θεῖναι.</em></strong></span> <span class='ocrx_word' id='word_1_95' title='bbox 1291 1320 1425 1374; x_wconf 88' lang='lat' dir='ltr'><strong>ceterum</strong></span> <span class='ocrx_word' id='word_1_96' title='bbox 1452 1331 1585 1393; x_wconf 80' lang='grc' dir='ltr'><strong><em>νενοη-</em></strong></span> 
     </span>
     <span class='ocr_line' id='line_1_11' title="bbox 280 1410 1583 1496; baseline -0.002 -20"><span class='ocrx_word' id='word_1_97' title='bbox 280 1412 375 1477; x_wconf 81' lang='grc' dir='ltr'><strong><em>κέναι</em></strong></span> <span class='ocrx_word' id='word_1_98' title='bbox 398 1417 441 1476; x_wconf 80' lang='lat' dir='ltr'><strong>vel</strong></span> <span class='ocrx_word' id='word_1_99' title='bbox 466 1418 535 1476; x_wconf 88' lang='lat' dir='ltr'><strong>hnic</strong></span> <span class='ocrx_word' id='word_1_100' title='bbox 552 1417 660 1476; x_wconf 79' lang='lat' dir='ltr'><strong>similia</strong></span> <span class='ocrx_word' id='word_1_101' title='bbox 677 1425 710 1476; x_wconf 92' lang='lat' dir='ltr'><strong>ut</strong></span> <span class='ocrx_word' id='word_1_102' title='bbox 726 1418 819 1493; x_wconf 87' lang='lat' dir='ltr'><strong>magis</strong></span> <span class='ocrx_word' id='word_1_103' title='bbox 834 1411 974 1496; x_wconf 80' lang='grc' dir='ltr'><strong><em>νενόηκε</em></strong></span> <span class='ocrx_word' id='word_1_104' title='bbox 989 1413 1175 1495; x_wconf 80' lang='grc' dir='ltr'><strong><em>νενοηκέτω</em></strong></span> <span class='ocrx_word' id='word_1_105' title='bbox 1190 1434 1278 1494; x_wconf 90' lang='lat' dir='ltr'><strong>quam</strong></span> <span class='ocrx_word' id='word_1_106' title='bbox 1293 1410 1435 1493; x_wconf 73' lang='grc' dir='ltr'><strong><em>νενόηθι</em></strong></span> <span class='ocrx_word' id='word_1_107' title='bbox 1451 1414 1583 1484; x_wconf 83' lang='lat' dir='ltr'><strong>iaciant,</strong></span> 
     </span>
     <span class='ocr_line' id='line_1_12' title="bbox 279 1516 1622 1598; baseline 0.001 -21"><span class='ocrx_word' id='word_1_108' title='bbox 279 1518 434 1597; x_wconf 86' lang='lat' dir='ltr'><strong>multiplex</strong></span> <span class='ocrx_word' id='word_1_109' title='bbox 457 1522 533 1578; x_wconf 86' lang='lat' dir='ltr'><strong>ratio</strong></span> <span class='ocrx_word' id='word_1_110' title='bbox 556 1516 560 1598; x_wconf 85' lang='grc'>1</span> <span class='ocrx_word' id='word_1_111' title='bbox 585 1521 679 1596; x_wconf 79' lang='lat' dir='ltr'><strong>cogit,</strong></span> <span class='ocrx_word' id='word_1_112' title='bbox 709 1517 745 1577; x_wconf 91' lang='lat' dir='ltr'><strong>de</strong></span> <span class='ocrx_word' id='word_1_113' title='bbox 778 1536 834 1596; x_wconf 84' lang='lat' dir='ltr'><strong>qua</strong></span> <span class='ocrx_word' id='word_1_114' title='bbox 868 1535 959 1577; x_wconf 91' lang='lat' dir='ltr'><strong>unum</strong></span> <span class='ocrx_word' id='word_1_115' title='bbox 985 1537 1046 1598; x_wconf 86' lang='lat' dir='ltr'><strong>pro</strong></span> <span class='ocrx_word' id='word_1_116' title='bbox 1068 1518 1203 1597; x_wconf 80' lang='lat' dir='ltr'><strong>exemplo</strong></span> <span class='ocrx_word' id='word_1_117' title='bbox 1231 1523 1436 1594; x_wconf 79' lang='lat' dir='ltr'>argumentum</span> <span class='ocrx_word' id='word_1_118' title='bbox 1459 1533 1622 1595; x_wconf 83' lang='lat' dir='ltr'><strong>ponerem</strong></span> 
     </span>
     <span class='ocr_line' id='line_1_13' title="bbox 280 1616 1582 1699; baseline -0.001 -21"><span class='ocrx_word' id='word_1_119' title='bbox 280 1639 337 1680; x_wconf 90' lang='lat' dir='ltr'><strong>non</strong></span> <span class='ocrx_word' id='word_1_120' title='bbox 363 1619 485 1698; x_wconf 75' lang='lat' dir='ltr'><strong>pigebit.</strong></span> <span class='ocrx_word' id='word_1_121' title='bbox 531 1639 606 1699; x_wconf 85' lang='lat' dir='ltr'><strong>‹prae</strong></span> <span class='ocrx_word' id='word_1_122' title='bbox 631 1623 659 1679; x_wconf 89' lang='lat' dir='ltr'><strong>iu</strong></span> <span class='ocrx_word' id='word_1_123' title='bbox 682 1623 721 1679; x_wconf 92' lang='grc' dir='ltr'><strong>θι</strong></span> <span class='ocrx_word' id='word_1_124' title='bbox 744 1627 853 1679; x_wconf 85' lang='lat' dir='ltr'><strong>exeunt</strong></span> <span class='ocrx_word' id='word_1_125' title='bbox 876 1618 913 1678; x_wconf 89' lang='lat' dir='ltr'><strong>ab</strong></span> <span class='ocrx_word' id='word_1_126' title='bbox 936 1621 1062 1680; x_wconf 85' lang='lat' dir='ltr'><strong>infinitis</strong></span> <span class='ocrx_word' id='word_1_127' title='bbox 1085 1622 1115 1680; x_wconf 95' lang='lat' dir='ltr'><strong>in</strong></span> <span class='ocrx_word' id='word_1_128' title='bbox 1138 1638 1193 1679; x_wconf 89' lang='grc' dir='ltr'><strong>ναι</strong></span> <span class='ocrx_word' id='word_1_129' title='bbox 1222 1616 1428 1679; x_wconf 75' lang='lat' dir='ltr'><strong>desinentibus</strong></span> <span class='ocrx_word' id='word_1_130' title='bbox 1449 1634 1582 1678; x_wconf 75' lang='lat' dir='ltr'><strong>necesse</strong></span> 
     </span>
     <span class='ocr_line' id='line_1_14' title="bbox 280 1716 1580 1801; baseline 0.001 -21"><span class='ocrx_word' id='word_1_131' title='bbox 280 1730 325 1780; x_wconf 93' lang='lat' dir='ltr'><strong>est</strong></span> <span class='ocrx_word' id='word_1_132' title='bbox 348 1731 379 1780; x_wconf 89' lang='lat' dir='ltr'><strong>ut.</strong></span> <span class='ocrx_word' id='word_1_133' title='bbox 402 1725 462 1781; x_wconf 89' lang='lat' dir='ltr'><strong>siut</strong></span> <span class='ocrx_word' id='word_1_134' title='bbox 486 1724 609 1782; x_wconf 81' lang='lat' dir='ltr'><strong>induitis</strong></span> <span class='ocrx_word' id='word_1_135' title='bbox 625 1724 687 1780; x_wconf 88' lang='lat' dir='ltr'><strong>suis</strong></span> <span class='ocrx_word' id='word_1_136' title='bbox 703 1717 921 1799; x_wconf 61' lang='lat' dir='ltr'><strong>benediictio,</strong></span> <span class='ocrx_word' id='word_1_137' title='bbox 945 1718 1072 1801; x_wconf 78' lang='grc' dir='ltr'><strong><em>νύγηθι</em></strong></span> <span class='ocrx_word' id='word_1_138' title='bbox 1087 1716 1241 1801; x_wconf 81' lang='grc' dir='ltr'><strong><em>νυγῆνατ,</em></strong></span> <span class='ocrx_word' id='word_1_139' title='bbox 1265 1717 1391 1800; x_wconf 82' lang='grc' dir='ltr'><strong><em>δάμηθι</em></strong></span> <span class='ocrx_word' id='word_1_140' title='bbox 1414 1716 1580 1800; x_wconf 77' lang='grc' dir='ltr'><strong><em>δαμῆναι,</em></strong></span> 
     </span>
     <span class='ocr_line' id='line_1_15' title="bbox 277 1819 1578 1904; baseline -0.002 -21"><span class='ocrx_word' id='word_1_141' title='bbox 277 1822 360 1904; x_wconf 80' lang='grc' dir='ltr'><strong><em>βῆθι</em></strong></span> <span class='ocrx_word' id='word_1_142' title='bbox 387 1822 495 1902; x_wconf 78' lang='grc' dir='ltr'><strong><em>βῆναι.</em></strong></span> <span class='ocrx_word' id='word_1_143' title='bbox 531 1822 691 1902; x_wconf 83' lang='grc' dir='ltr'><strong><em>πεποίηθι</em></strong></span> <span class='ocrx_word' id='word_1_144' title='bbox 719 1831 816 1884; x_wconf 88' lang='lat' dir='ltr'><strong>autem</strong></span> <span class='ocrx_word' id='word_1_145' title='bbox 844 1819 1061 1902; x_wconf 79' lang='grc' dir='ltr'><strong><em>πεποιηκέναι</em></strong></span> <span class='ocrx_word' id='word_1_146' title='bbox 1089 1823 1264 1901; x_wconf 69' lang='lat' dir='ltr'><strong>aequalitate</strong></span> <span class='ocrx_word' id='word_1_147' title='bbox 1288 1825 1345 1881; x_wconf 92' lang='lat' dir='ltr'><strong>iam</strong></span> <span class='ocrx_word' id='word_1_148' title='bbox 1368 1824 1479 1882; x_wconf 87' lang='lat' dir='ltr'><strong>caruit:</strong></span> <span class='ocrx_word' id='word_1_149' title='bbox 1503 1823 1578 1883; x_wconf 88' lang='lat' dir='ltr'><strong>iude</strong></span> 
     </span>
     <span class='ocr_line' id='line_1_16' title="bbox 173 1922 1577 2006; baseline 0.001 -22"><span class='ocrx_word' id='word_1_150' title='bbox 173 1958 220 2006; x_wconf 79' lang='lat'><strong>154</strong></span> <span class='ocrx_word' id='word_1_151' title='bbox 234 1957 263 2004; x_wconf 42' lang='lat' dir='ltr'><strong>p·</strong></span> <span class='ocrx_word' id='word_1_152' title='bbox 278 1945 334 1984; x_wconf 90' lang='lat' dir='ltr'><strong>oon</strong></span> <span class='ocrx_word' id='word_1_153' title='bbox 359 1932 512 2002; x_wconf 84' lang='lat' dir='ltr'><strong>receptum</strong></span> <span class='ocrx_word' id='word_1_154' title='bbox 528 1933 573 1983; x_wconf 89' lang='lat' dir='ltr'><strong>est</strong></span> <span class='ocrx_word' id='word_1_155' title='bbox 595 1922 764 2003; x_wconf 67' lang='lat' dir='ltr'><strong>acccipite,</strong></span> <span class='ocrx_word' id='word_1_156' title='bbox 789 1925 840 1984; x_wconf 90' lang='lat' dir='ltr'><strong>sed</strong></span> <span class='ocrx_word' id='word_1_157' title='bbox 856 1923 1027 2004; x_wconf 87' lang='grc' dir='ltr'><strong><em>πεποίηκε.</em></strong></span> <span class='ocrx_word' id='word_1_158' title='bbox 1057 1924 1196 1986; x_wconf 87' lang='lat' dir='ltr'><strong>similiter</strong></span> <span class='ocrx_word' id='word_1_159' title='bbox 1211 1925 1287 2003; x_wconf 87' lang='lat' dir='ltr'><strong>apud</strong></span> <span class='ocrx_word' id='word_1_160' title='bbox 1304 1925 1424 1985; x_wconf 86' lang='lat' dir='ltr'><strong>Latinos</strong></span> <span class='ocrx_word' id='word_1_161' title='bbox 1441 1927 1577 2004; x_wconf 86' lang='lat' dir='ltr'><strong>impera·</strong></span> 
     </span>
     <span class='ocr_line' id='line_1_17' title="bbox 276 2025 1614 2096; baseline 0.001 -10"><span class='ocrx_word' id='word_1_162' title='bbox 276 2030 353 2087; x_wconf 89' lang='lat' dir='ltr'><strong>tivus</strong></span> <span class='ocrx_word' id='word_1_163' title='bbox 381 2029 513 2086; x_wconf 85' lang='lat' dir='ltr'><strong>nascitur</strong></span> <span class='ocrx_word' id='word_1_164' title='bbox 541 2025 578 2084; x_wconf 88' lang='lat' dir='ltr'><strong>ab</strong></span> <span class='ocrx_word' id='word_1_165' title='bbox 607 2028 722 2086; x_wconf 88' lang='lat' dir='ltr'><strong>inlinito</strong></span> <span class='ocrx_word' id='word_1_166' title='bbox 751 2026 865 2085; x_wconf 86' lang='lat' dir='ltr'><strong>abiecta</strong></span> <span class='ocrx_word' id='word_1_167' title='bbox 895 2027 1011 2096; x_wconf 88' lang='lat' dir='ltr'><strong>ultima,</strong></span> <span class='ocrx_word' id='word_1_168' title='bbox 1041 2035 1161 2086; x_wconf 76' lang='lat' dir='ltr'><strong>cariture</strong></span> <span class='ocrx_word' id='word_1_169' title='bbox 1190 2034 1291 2093; x_wconf 77' lang='lat' dir='ltr'><strong>cantat,</strong></span> <span class='ocrx_word' id='word_1_170' title='bbox 1326 2043 1447 2084; x_wconf 88' lang='lat' dir='ltr'><strong>mouere</strong></span> <span class='ocrx_word' id='word_1_171' title='bbox 1472 2044 1574 2089; x_wconf 84' lang='lat' dir='ltr'><strong>anone.</strong></span> <span class='ocrx_word' id='word_1_172' title='bbox 1591 2051 1614 2088; x_wconf 82' lang='lat' dir='ltr'><strong>as</strong></span> 
     </span>
     <span class='ocr_line' id='line_1_18' title="bbox 275 2126 1576 2205; baseline -0.001 -18"><span class='ocrx_word' id='word_1_173' title='bbox 275 2128 374 2204; x_wconf 77' lang='lat' dir='ltr'><strong>legere</strong></span> <span class='ocrx_word' id='word_1_174' title='bbox 397 2127 474 2203; x_wconf 77' lang='lat' dir='ltr'><strong>lege,</strong></span> <span class='ocrx_word' id='word_1_175' title='bbox 496 2126 609 2187; x_wconf 81' lang='lat' dir='ltr'><strong>uarrbire</strong></span> <span class='ocrx_word' id='word_1_176' title='bbox 634 2126 723 2195; x_wconf 68' lang='lat' dir='ltr'><strong>arridei,</strong></span> <span class='ocrx_word' id='word_1_177' title='bbox 748 2130 826 2187; x_wconf 89' lang='lat' dir='ltr'><strong>lerre</strong></span> <span class='ocrx_word' id='word_1_178' title='bbox 856 2130 909 2197; x_wconf 85' lang='lat' dir='ltr'><strong>ier,</strong></span> <span class='ocrx_word' id='word_1_179' title='bbox 945 2148 1010 2188; x_wconf 90' lang='lat' dir='ltr'><strong>esse</strong></span> <span class='ocrx_word' id='word_1_180' title='bbox 1034 2147 1065 2188; x_wconf 88' lang='lat' dir='ltr'><strong>es</strong></span> <span class='ocrx_word' id='word_1_181' title='bbox 1089 2136 1118 2186; x_wconf 90' lang='lat' dir='ltr'><strong>et</strong></span> <span class='ocrx_word' id='word_1_182' title='bbox 1140 2129 1210 2187; x_wconf 88' lang='lat' dir='ltr'><strong>ades</strong></span> <span class='ocrx_word' id='word_1_183' title='bbox 1234 2136 1263 2187; x_wconf 88' lang='lat' dir='ltr'><strong>et</strong></span> <span class='ocrx_word' id='word_1_184' title='bbox 1286 2128 1407 2205; x_wconf 90' lang='lat' dir='ltr'><strong>prodes:</strong></span> <span class='ocrx_word' id='word_1_185' title='bbox 1438 2127 1576 2189; x_wconf 85' lang='lat' dir='ltr'><strong>Lucilius</strong></span> 
     </span>
     <span class='ocr_line' id='line_1_19' title="bbox 275 2229 1575 2308; baseline 0.001 -21"><span class='ocrx_word' id='word_1_186' title='bbox 275 2230 430 2308; x_wconf 76' lang='lat' dir='ltr'><strong>‘prodes</strong></span> <span class='ocrx_word' id='word_1_187' title='bbox 454 2231 613 2297; x_wconf 83' lang='lat' dir='ltr'><strong>arnieis&#39;,</strong></span> <span class='ocrx_word' id='word_1_188' title='bbox 637 2229 785 2304; x_wconf 76' lang='lat' dir='ltr'><strong>Vergilius</strong></span> <span class='ocrx_word' id='word_1_189' title='bbox 807 2230 894 2290; x_wconf 78' lang='lat' dir='ltr'><strong>‘bue</strong></span> <span class='ocrx_word' id='word_1_190' title='bbox 916 2231 1018 2298; x_wconf 83' lang='lat' dir='ltr'><strong>ades,</strong></span> <span class='ocrx_word' id='word_1_191' title='bbox 1043 2249 1059 2286; x_wconf 96' lang='lat' dir='ltr'><strong>o</strong></span> <span class='ocrx_word' id='word_1_192' title='bbox 1083 2230 1254 2299; x_wconf 77' lang='lat' dir='ltr'><strong>Leriaeo’,</strong></span> <span class='ocrx_word' id='word_1_193' title='bbox 1278 2229 1575 2298; x_wconf 79' lang='lat' dir='ltr'><strong>Terentius‘bouo</strong></span> 
     </span>
     <span class='ocr_line' id='line_1_20' title="bbox 275 2330 1572 2410; baseline 0.002 -20"><span class='ocrx_word' id='word_1_194' title='bbox 275 2334 396 2391; x_wconf 87' lang='lat' dir='ltr'><strong>auimo</strong></span> <span class='ocrx_word' id='word_1_195' title='bbox 425 2334 495 2389; x_wconf 87' lang='lat' dir='ltr'><strong>es&#39;:</strong></span> <span class='ocrx_word' id='word_1_196' title='bbox 530 2332 628 2390; x_wconf 88' lang='lat' dir='ltr'><strong>iacere</strong></span> <span class='ocrx_word' id='word_1_197' title='bbox 655 2330 728 2400; x_wconf 86' lang='lat' dir='ltr'><strong>laec,</strong></span> <span class='ocrx_word' id='word_1_198' title='bbox 753 2332 852 2391; x_wconf 77' lang='lat' dir='ltr'><strong>elicere</strong></span> <span class='ocrx_word' id='word_1_199' title='bbox 876 2331 955 2400; x_wconf 89' lang='lat' dir='ltr'><strong>dice,</strong></span> <span class='ocrx_word' id='word_1_200' title='bbox 981 2341 1010 2391; x_wconf 91' lang='lat' dir='ltr'><strong>et</strong></span> <span class='ocrx_word' id='word_1_201' title='bbox 1032 2350 1087 2410; x_wconf 90' lang='lat' dir='ltr'><strong>per</strong></span> <span class='ocrx_word' id='word_1_202' title='bbox 1109 2350 1266 2410; x_wconf 76' lang='lat' dir='ltr'><strong>syncopam</strong></span> <span class='ocrx_word' id='word_1_203' title='bbox 1289 2332 1335 2391; x_wconf 88' lang='lat' dir='ltr'><strong>lae</strong></span> <span class='ocrx_word' id='word_1_204' title='bbox 1358 2331 1415 2389; x_wconf 91' lang='lat' dir='ltr'><strong>dic.</strong></span> <span class='ocrx_word' id='word_1_205' title='bbox 1463 2332 1572 2392; x_wconf 84' lang='lat' dir='ltr'><strong>Graeci</strong></span> 
     </span>
     <span class='ocr_line' id='line_1_21' title="bbox 274 2431 1570 2512; baseline 0.003 -22"><span class='ocrx_word' id='word_1_206' title='bbox 274 2434 421 2492; x_wconf 86' lang='lat' dir='ltr'><strong>scenmlae</strong></span> <span class='ocrx_word' id='word_1_207' title='bbox 445 2451 587 2512; x_wconf 75' lang='lat' dir='ltr'><strong>yma-sonae</strong></span> <span class='ocrx_word' id='word_1_208' title='bbox 611 2431 709 2490; x_wconf 87' lang='lat' dir='ltr'><strong>addita</strong></span> <span class='ocrx_word' id='word_1_209' title='bbox 732 2452 777 2491; x_wconf 92' lang='grc' dir='ltr'><strong><em>τω</em></strong></span> <span class='ocrx_word' id='word_1_210' title='bbox 800 2432 910 2510; x_wconf 80' lang='lat' dir='ltr'><strong>syllaba</strong></span> <span class='ocrx_word' id='word_1_211' title='bbox 934 2435 1060 2501; x_wconf 55' lang='lat' dir='ltr'><strong>tertiam,</strong></span> <span class='ocrx_word' id='word_1_212' title='bbox 1074 2433 1207 2493; x_wconf 89' lang='lat' dir='ltr'><strong>eiusdem</strong></span> <span class='ocrx_word' id='word_1_213' title='bbox 1231 2434 1399 2510; x_wconf 89' lang='lat' dir='ltr'><strong>praesentis</strong></span> <span class='ocrx_word' id='word_1_214' title='bbox 1421 2433 1570 2501; x_wconf 84' lang='lat' dir='ltr'><strong>efficiunt,</strong></span> 
     </span>
    </p>

    <p class='ocr_par' dir='ltr' id='par_1_4' title="bbox 193 2520 1610 4648">
     <span class='ocr_line' id='line_1_22' title="bbox 193 2520 1610 2614; baseline 0.002 -21"><span class='ocrx_word' id='word_1_215' title='bbox 193 2520 198 2532; x_wconf 80' lang='grc'>’</span> <span class='ocrx_word' id='word_1_216' title='bbox 274 2534 361 2594; x_wconf 90' lang='grc' dir='ltr'><strong><em>ποίει</em></strong></span> <span class='ocrx_word' id='word_1_217' title='bbox 384 2533 531 2609; x_wconf 84' lang='grc' dir='ltr'><strong><em>ποιείτω,</em></strong></span> <span class='ocrx_word' id='word_1_218' title='bbox 554 2533 631 2611; x_wconf 86' lang='grc' dir='ltr'><strong><em>τίμα</em></strong></span> <span class='ocrx_word' id='word_1_219' title='bbox 658 2530 793 2613; x_wconf 81' lang='grc' dir='ltr'><strong><em>τιμάτω,</em></strong></span> <span class='ocrx_word' id='word_1_220' title='bbox 817 2529 947 2612; x_wconf 79' lang='grc' dir='ltr'><strong><em>χρύσου</em></strong></span> <span class='ocrx_word' id='word_1_221' title='bbox 969 2531 1160 2613; x_wconf 79' lang='grc' dir='ltr'><strong><em>χρυσούτω,</em></strong></span> <span class='ocrx_word' id='word_1_222' title='bbox 1184 2531 1261 2611; x_wconf 81' lang='grc' dir='ltr'><strong><em>λέγε</em></strong></span> <span class='ocrx_word' id='word_1_223' title='bbox 1283 2528 1414 2610; x_wconf 80' lang='grc' dir='ltr'><strong><em>λεγέτω.</em></strong></span> <span class='ocrx_word' id='word_1_224' title='bbox 1461 2535 1610 2614; x_wconf 71' lang='grc' dir='ltr'><strong><em>σιτοδεῖαι</em></strong></span> 
     </span>
     <span class='ocr_line' id='line_1_23' title="bbox 274 2631 1571 2714; baseline 0.004 -21"><span class='ocrx_word' id='word_1_225' title='bbox 274 2637 401 2695; x_wconf 79' lang='lat' dir='ltr'><strong>seeundo</strong></span> <span class='ocrx_word' id='word_1_226' title='bbox 426 2639 455 2695; x_wconf 90' lang='lat' dir='ltr'><strong>iu</strong></span> <span class='ocrx_word' id='word_1_227' title='bbox 478 2638 515 2694; x_wconf 89' lang='grc' dir='ltr'><strong>θι</strong></span> <span class='ocrx_word' id='word_1_228' title='bbox 538 2636 636 2703; x_wconf 85' lang='lat' dir='ltr'><strong>desiit,</strong></span> <span class='ocrx_word' id='word_1_229' title='bbox 661 2638 753 2713; x_wconf 88' lang='lat' dir='ltr'><strong>ipsam</strong></span> <span class='ocrx_word' id='word_1_230' title='bbox 776 2643 891 2695; x_wconf 80' lang='lat' dir='ltr'><strong>nudant</strong></span> <span class='ocrx_word' id='word_1_231' title='bbox 913 2637 943 2695; x_wconf 86' lang='lat' dir='ltr'><strong>in</strong></span> <span class='ocrx_word' id='word_1_232' title='bbox 959 2655 1014 2704; x_wconf 87' lang='grc' dir='ltr'><strong><em>τω,</em></strong></span> <span class='ocrx_word' id='word_1_233' title='bbox 1038 2634 1120 2714; x_wconf 83' lang='grc' dir='ltr'><strong><em>βῆθι</em></strong></span> <span class='ocrx_word' id='word_1_234' title='bbox 1142 2631 1246 2714; x_wconf 74' lang='grc' dir='ltr'><strong><em>βήτωε</em></strong></span> <span class='ocrx_word' id='word_1_235' title='bbox 1273 2654 1308 2694; x_wconf 86' lang='grc' dir='ltr'><strong><em>τε</em></strong></span> <span class='ocrx_word' id='word_1_236' title='bbox 1330 2654 1401 2694; x_wconf 85' lang='lat' dir='ltr'><strong>rere</strong></span> <span class='ocrx_word' id='word_1_237' title='bbox 1423 2635 1571 2714; x_wconf 75' lang='lat' dir='ltr'><strong>syllabam</strong></span> 
     </span>
     <span class='ocr_line' id='line_1_24' title="bbox 274 2736 1570 2816; baseline 0.005 -21"><span class='ocrx_word' id='word_1_238' title='bbox 274 2738 435 2797; x_wconf 67' lang='lat' dir='ltr'><strong>allicientes</strong></span> <span class='ocrx_word' id='word_1_239' title='bbox 459 2740 608 2816; x_wconf 81' lang='lat' dir='ltr'><strong>praaeseuti</strong></span> <span class='ocrx_word' id='word_1_240' title='bbox 643 2737 785 2812; x_wconf 83' lang='lat' dir='ltr'><strong>singulari</strong></span> <span class='ocrx_word' id='word_1_241' title='bbox 809 2739 983 2816; x_wconf 84' lang='lat' dir='ltr'><strong>imperativo</strong></span> <span class='ocrx_word' id='word_1_242' title='bbox 1006 2736 1150 2815; x_wconf 87' lang='lat' dir='ltr'><strong>pluralem</strong></span> <span class='ocrx_word' id='word_1_243' title='bbox 1174 2739 1295 2805; x_wconf 86' lang='lat' dir='ltr'><strong>iaciunt,</strong></span> <span class='ocrx_word' id='word_1_244' title='bbox 1319 2737 1408 2797; x_wconf 86' lang='grc' dir='ltr'><strong><em>ποίει</em></strong></span> <span class='ocrx_word' id='word_1_245' title='bbox 1430 2745 1570 2803; x_wconf 79' lang='grc' dir='ltr'><strong><em>ποιεῖτε.</em></strong></span> 
     </span>
     <span class='ocr_line' id='line_1_25' title="bbox 271 2834 1570 2919; baseline 0.002 -20"><span class='ocrx_word' id='word_1_246' title='bbox 271 2835 336 2917; x_wconf 83' lang='grc' dir='ltr'><strong>βόα</strong></span> <span class='ocrx_word' id='word_1_247' title='bbox 363 2838 478 2918; x_wconf 81' lang='grc' dir='ltr'><strong><em>βοᾶτε.</em></strong></span> <span class='ocrx_word' id='word_1_248' title='bbox 509 2834 615 2919; x_wconf 81' lang='grc' dir='ltr'><strong><em>δήλου</em></strong></span> <span class='ocrx_word' id='word_1_249' title='bbox 642 2835 798 2917; x_wconf 82' lang='grc' dir='ltr'><strong><em>δηλοῦτε,</em></strong></span> <span class='ocrx_word' id='word_1_250' title='bbox 829 2835 932 2899; x_wconf 82' lang='grc' dir='ltr'><strong><em>τύπτε</em></strong></span> <span class='ocrx_word' id='word_1_251' title='bbox 959 2834 1114 2898; x_wconf 74' lang='grc' dir='ltr'><strong><em>τύπτετεε</em></strong></span> <span class='ocrx_word' id='word_1_252' title='bbox 1144 2840 1262 2898; x_wconf 84' lang='lat' dir='ltr'><strong>tertiam</strong></span> <span class='ocrx_word' id='word_1_253' title='bbox 1286 2838 1429 2916; x_wconf 83' lang='lat' dir='ltr'><strong>pluralem</strong></span> <span class='ocrx_word' id='word_1_254' title='bbox 1454 2841 1570 2901; x_wconf 85' lang='lat' dir='ltr'><strong>iaciunt</strong></span> 
     </span>
     <span class='ocr_line' id='line_1_26' title="bbox 272 2939 1570 3016; baseline 0.004 -17"><span class='ocrx_word' id='word_1_255' title='bbox 272 2941 406 3000; x_wconf 87' lang='lat' dir='ltr'><strong>addendo</strong></span> <span class='ocrx_word' id='word_1_256' title='bbox 429 2954 495 3000; x_wconf 84' lang='grc' dir='ltr'><strong>σαν</strong></span> <span class='ocrx_word' id='word_1_257' title='bbox 518 2943 624 2999; x_wconf 86' lang='lat' dir='ltr'><strong>tertiae</strong></span> <span class='ocrx_word' id='word_1_258' title='bbox 648 2940 801 3016; x_wconf 78' lang='lat' dir='ltr'><strong>singulari,</strong></span> <span class='ocrx_word' id='word_1_259' title='bbox 825 2939 959 3000; x_wconf 75' lang='grc' dir='ltr'><strong><em>ποιείτω</em></strong></span> <span class='ocrx_word' id='word_1_260' title='bbox 981 2939 1192 3001; x_wconf 89' lang='grc' dir='ltr'><strong><em>ποιείτωσαν.</em></strong></span> <span class='ocrx_word' id='word_1_261' title='bbox 1228 2941 1304 3001; x_wconf 88' lang='lat' dir='ltr'><strong>bane</strong></span> <span class='ocrx_word' id='word_1_262' title='bbox 1327 2941 1570 3009; x_wconf 86' lang='lat' dir='ltr'><strong>declinationem,</strong></span> 
     </span>
     <span class='ocr_line' id='line_1_27' title="bbox 272 3041 1609 3121; baseline 0.005 -21"><span class='ocrx_word' id='word_1_263' title='bbox 272 3062 347 3121; x_wconf 65' lang='grc' dir='ltr'><strong>(μου</strong></span> <span class='ocrx_word' id='word_1_264' title='bbox 370 3043 495 3102; x_wconf 80' lang='lat' dir='ltr'><strong>‹leeursa</strong></span> <span class='ocrx_word' id='word_1_265' title='bbox 520 3052 578 3109; x_wconf 87' lang='lat' dir='ltr'><strong>est,</strong></span> <span class='ocrx_word' id='word_1_266' title='bbox 608 3042 713 3100; x_wconf 81' lang='lat' dir='ltr'><strong>Graeci</strong></span> <span class='ocrx_word' id='word_1_267' title='bbox 737 3041 852 3101; x_wconf 81' lang='lat' dir='ltr'><strong>duolurs</strong></span> <span class='ocrx_word' id='word_1_268' title='bbox 875 3041 962 3102; x_wconf 88' lang='lat' dir='ltr'><strong>sinurl</strong></span> <span class='ocrx_word' id='word_1_269' title='bbox 986 3042 1171 3120; x_wconf 81' lang='lat' dir='ltr'><strong>temporibus</strong></span> <span class='ocrx_word' id='word_1_270' title='bbox 1194 3043 1358 3118; x_wconf 78' lang='lat' dir='ltr'><strong>adsignant,</strong></span> <span class='ocrx_word' id='word_1_271' title='bbox 1389 3045 1513 3105; x_wconf 88' lang='lat' dir='ltr'><strong>instanti</strong></span> <span class='ocrx_word' id='word_1_272' title='bbox 1539 3056 1570 3106; x_wconf 89' lang='lat' dir='ltr'><strong>et</strong></span> <span class='ocrx_word' id='word_1_273' title='bbox 1584 3067 1609 3108; x_wconf 81' lang='lat' dir='ltr'><strong>as</strong></span> 
     </span>
     <span class='ocr_line' id='line_1_28' title="bbox 272 3144 1583 3226; baseline 0.004 -24"><span class='ocrx_word' id='word_1_274' title='bbox 272 3147 434 3223; x_wconf 88' lang='lat' dir='ltr'><strong>praeterito</strong></span> <span class='ocrx_word' id='word_1_275' title='bbox 462 3145 638 3222; x_wconf 88' lang='lat' dir='ltr'><strong>inperlerto.</strong></span> <span class='ocrx_word' id='word_1_276' title='bbox 684 3152 713 3202; x_wconf 87' lang='lat' dir='ltr'><strong>et</strong></span> <span class='ocrx_word' id='word_1_277' title='bbox 744 3163 775 3201; x_wconf 89' lang='lat' dir='ltr'><strong>re</strong></span> <span class='ocrx_word' id='word_1_278' title='bbox 805 3163 886 3213; x_wconf 87' lang='lat' dir='ltr'><strong>vera,</strong></span> <span class='ocrx_word' id='word_1_279' title='bbox 919 3146 944 3202; x_wconf 92' lang='lat' dir='ltr'><strong>si</strong></span> <span class='ocrx_word' id='word_1_280' title='bbox 969 3147 1100 3222; x_wconf 81' lang='lat' dir='ltr'><strong>pressius</strong></span> <span class='ocrx_word' id='word_1_281' title='bbox 1122 3163 1258 3223; x_wconf 66' lang='lat' dir='ltr'><strong>(paneros,</strong></span> <span class='ocrx_word' id='word_1_282' title='bbox 1286 3147 1379 3218; x_wconf 80' lang='lat' dir='ltr'><strong>magis</strong></span> <span class='ocrx_word' id='word_1_283' title='bbox 1402 3144 1440 3203; x_wconf 89' lang='lat' dir='ltr'><strong>de</strong></span> <span class='ocrx_word' id='word_1_284' title='bbox 1463 3149 1583 3226; x_wconf 71' lang='lat' dir='ltr'><strong>inpen,</strong></span> 
     </span>
     <span class='ocr_line' id='line_1_29' title="bbox 273 3243 1569 3324; baseline 0.005 -19"><span class='ocrx_word' id='word_1_285' title='bbox 273 3249 350 3305; x_wconf 85' lang='lat' dir='ltr'><strong>lecto</strong></span> <span class='ocrx_word' id='word_1_286' title='bbox 373 3265 460 3324; x_wconf 78' lang='lat' dir='ltr'><strong>quam</strong></span> <span class='ocrx_word' id='word_1_287' title='bbox 484 3246 519 3304; x_wconf 89' lang='lat' dir='ltr'><strong>de</strong></span> <span class='ocrx_word' id='word_1_288' title='bbox 546 3247 665 3304; x_wconf 88' lang='lat' dir='ltr'><strong>instanti</strong></span> <span class='ocrx_word' id='word_1_289' title='bbox 684 3253 784 3305; x_wconf 86' lang='lat' dir='ltr'><strong>uatum</strong></span> <span class='ocrx_word' id='word_1_290' title='bbox 808 3245 884 3324; x_wconf 77' lang='lat' dir='ltr'><strong>aparad</strong></span> <span class='ocrx_word' id='word_1_291' title='bbox 908 3243 972 3305; x_wconf 93' lang='lat' dir='ltr'><strong>illos</strong></span> <span class='ocrx_word' id='word_1_292' title='bbox 996 3248 1200 3324; x_wconf 84' lang='lat' dir='ltr'><strong>imperativum</strong></span> <span class='ocrx_word' id='word_1_293' title='bbox 1224 3245 1348 3306; x_wconf 83' lang='lat' dir='ltr'><strong>ridebis.</strong></span> <span class='ocrx_word' id='word_1_294' title='bbox 1378 3249 1468 3306; x_wconf 86' lang='lat' dir='ltr'><strong>tertia</strong></span> <span class='ocrx_word' id='word_1_295' title='bbox 1484 3252 1569 3311; x_wconf 90' lang='lat' dir='ltr'><strong>enim</strong></span> 
     </span>
     <span class='ocr_line' id='line_1_30' title="bbox 271 3347 1569 3429; baseline 0.005 -24"><span class='ocrx_word' id='word_1_296' title='bbox 271 3349 428 3426; x_wconf 85' lang='lat' dir='ltr'><strong>inperleeti</strong></span> <span class='ocrx_word' id='word_1_297' title='bbox 453 3347 605 3406; x_wconf 78' lang='lat' dir='ltr'><strong>indicativi</strong></span> <span class='ocrx_word' id='word_1_298' title='bbox 628 3365 752 3425; x_wconf 85' lang='lat' dir='ltr'><strong>persona</strong></span> <span class='ocrx_word' id='word_1_299' title='bbox 769 3350 864 3426; x_wconf 83' lang='lat' dir='ltr'><strong>capilo</strong></span> <span class='ocrx_word' id='word_1_300' title='bbox 888 3347 1038 3407; x_wconf 88' lang='lat' dir='ltr'><strong>deminuta</strong></span> <span class='ocrx_word' id='word_1_301' title='bbox 1055 3349 1099 3408; x_wconf 85' lang='lat' dir='ltr'><strong>vel</strong></span> <span class='ocrx_word' id='word_1_302' title='bbox 1124 3350 1154 3407; x_wconf 94' lang='lat' dir='ltr'><strong>in</strong></span> <span class='ocrx_word' id='word_1_303' title='bbox 1176 3347 1288 3426; x_wconf 79' lang='lat' dir='ltr'><strong>syllaba</strong></span> <span class='ocrx_word' id='word_1_304' title='bbox 1312 3349 1355 3407; x_wconf 87' lang='lat' dir='ltr'><strong>vel</strong></span> <span class='ocrx_word' id='word_1_305' title='bbox 1380 3351 1411 3408; x_wconf 89' lang='lat' dir='ltr'><strong>in</strong></span> <span class='ocrx_word' id='word_1_306' title='bbox 1435 3350 1569 3429; x_wconf 84' lang='lat' dir='ltr'><strong>syllabae</strong></span> 
     </span>
     <span class='ocr_line' id='line_1_31' title="bbox 271 3444 1570 3531; baseline 0.004 -22"><span class='ocrx_word' id='word_1_307' title='bbox 271 3459 402 3527; x_wconf 84' lang='lat' dir='ltr'><strong>tempore</strong></span> <span class='ocrx_word' id='word_1_308' title='bbox 427 3451 498 3508; x_wconf 82' lang='lat' dir='ltr'><strong>lacit</strong></span> <span class='ocrx_word' id='word_1_309' title='bbox 519 3451 684 3526; x_wconf 81' lang='lat' dir='ltr'><strong>imperativi</strong></span> <span class='ocrx_word' id='word_1_310' title='bbox 709 3449 877 3517; x_wconf 78' lang='lat' dir='ltr'><strong>sectandam,</strong></span> <span class='ocrx_word' id='word_1_311' title='bbox 903 3444 1014 3509; x_wconf 78' lang='grc' dir='ltr'><strong><em>ἐλάλει</em></strong></span> <span class='ocrx_word' id='word_1_312' title='bbox 1036 3446 1141 3527; x_wconf 80' lang='grc' dir='ltr'><strong><em>λάλει,</em></strong></span> <span class='ocrx_word' id='word_1_313' title='bbox 1166 3444 1247 3527; x_wconf 77' lang='grc' dir='ltr'><strong><em>ἐβόα</em></strong></span> <span class='ocrx_word' id='word_1_314' title='bbox 1268 3446 1344 3527; x_wconf 83' lang='grc' dir='ltr'><strong><em>βόα,</em></strong></span> <span class='ocrx_word' id='word_1_315' title='bbox 1373 3446 1570 3531; x_wconf 80' lang='grc' dir='ltr'><strong><em>ἐστεφάνου</em></strong></span> 
     </span>
     <span class='ocr_line' id='line_1_32' title="bbox 271 3537 1610 3631; baseline 0.007 -21"><span class='ocrx_word' id='word_1_316' title='bbox 271 3547 454 3629; x_wconf 81' lang='grc' dir='ltr'><strong><em>στεφάνου,</em></strong></span> <span class='ocrx_word' id='word_1_317' title='bbox 483 3548 576 3627; x_wconf 76' lang='grc' dir='ltr'><strong><em>ἔλεγε</em></strong></span> <span class='ocrx_word' id='word_1_318' title='bbox 598 3546 683 3627; x_wconf 80' lang='grc' dir='ltr'><strong><em>λέγε,</em></strong></span> <span class='ocrx_word' id='word_1_319' title='bbox 706 3537 767 3628; x_wconf 77' lang='grc' dir='ltr'><strong>ἦγε</strong></span> <span class='ocrx_word' id='word_1_320' title='bbox 789 3544 861 3627; x_wconf 75' lang='grc' dir='ltr'><strong><em>ἄγε,</em></strong></span> <span class='ocrx_word' id='word_1_321' title='bbox 885 3538 974 3610; x_wconf 85' lang='grc' dir='ltr'><strong><em>εἷλκε</em></strong></span> <span class='ocrx_word' id='word_1_322' title='bbox 1002 3545 1092 3611; x_wconf 71' lang='grc' dir='ltr'><strong><em>ἕλκει</em></strong></span> <span class='ocrx_word' id='word_1_323' title='bbox 1121 3555 1162 3612; x_wconf 90' lang='lat' dir='ltr'><strong>ita</strong></span> <span class='ocrx_word' id='word_1_324' title='bbox 1186 3561 1215 3611; x_wconf 91' lang='lat' dir='ltr'><strong>ct</strong></span> <span class='ocrx_word' id='word_1_325' title='bbox 1237 3555 1267 3611; x_wconf 92' lang='lat' dir='ltr'><strong>in</strong></span> <span class='ocrx_word' id='word_1_326' title='bbox 1292 3554 1429 3631; x_wconf 80' lang='lat' dir='ltr'><strong>passivis,</strong></span> <span class='ocrx_word' id='word_1_327' title='bbox 1461 3550 1610 3620; x_wconf 77' lang='grc' dir='ltr'><strong><em>ένοοῦω</em></strong></span> 
     </span>
     <span class='ocr_line' id='line_1_33' title="bbox 270 3647 1568 3734; baseline 0.005 -23"><span class='ocrx_word' id='word_1_328' title='bbox 270 3650 371 3729; x_wconf 82' lang='grc' dir='ltr'><strong>νοοῦ,</strong></span> <span class='ocrx_word' id='word_1_329' title='bbox 402 3648 504 3731; x_wconf 78' lang='grc' dir='ltr'><strong><em>έτιμω</em></strong></span> <span class='ocrx_word' id='word_1_330' title='bbox 530 3650 630 3730; x_wconf 81' lang='grc' dir='ltr'><strong><em>τιμῶ,</em></strong></span> <span class='ocrx_word' id='word_1_331' title='bbox 661 3647 808 3729; x_wconf 76' lang='grc' dir='ltr'><strong><em>ἑχουσοῦ</em></strong></span> <span class='ocrx_word' id='word_1_332' title='bbox 836 3647 980 3729; x_wconf 75' lang='grc' dir='ltr'><strong><em>χρυσοῦ,</em></strong></span> <span class='ocrx_word' id='word_1_333' title='bbox 1010 3648 1157 3712; x_wconf 83' lang='grc' dir='ltr'><strong><em>έτύπτου</em></strong></span> <span class='ocrx_word' id='word_1_334' title='bbox 1184 3648 1327 3723; x_wconf 85' lang='grc' dir='ltr'><strong><em>τύπτον,</em></strong></span> <span class='ocrx_word' id='word_1_335' title='bbox 1357 3647 1443 3732; x_wconf 81' lang='grc' dir='ltr'><strong><em>ἥγου</em></strong></span> <span class='ocrx_word' id='word_1_336' title='bbox 1465 3648 1568 3734; x_wconf 81' lang='grc' dir='ltr'><strong><em>ἄγου.</em></strong></span> 
     </span>
     <span class='ocr_line' id='line_1_34' title="bbox 270 3748 1570 3835; baseline 0.005 -23"><span class='ocrx_word' id='word_1_337' title='bbox 270 3749 385 3812; x_wconf 82' lang='grc' dir='ltr'><strong><em>εἵλκου</em></strong></span> <span class='ocrx_word' id='word_1_338' title='bbox 415 3748 525 3815; x_wconf 83' lang='grc' dir='ltr'><strong><em>ἕλκον,</em></strong></span> <span class='ocrx_word' id='word_1_339' title='bbox 570 3752 668 3812; x_wconf 72' lang='lat' dir='ltr'><strong>latini</strong></span> <span class='ocrx_word' id='word_1_340' title='bbox 698 3772 756 3812; x_wconf 91' lang='lat' dir='ltr'><strong>nou</strong></span> <span class='ocrx_word' id='word_1_341' title='bbox 786 3756 1015 3812; x_wconf 85' lang='lat' dir='ltr'><strong>aestimaverunt</strong></span> <span class='ocrx_word' id='word_1_342' title='bbox 1043 3754 1133 3814; x_wconf 91' lang='lat' dir='ltr'><strong>ullum</strong></span> <span class='ocrx_word' id='word_1_343' title='bbox 1163 3756 1356 3831; x_wconf 75' lang='lat' dir='ltr'><strong>praua-itum</strong></span> <span class='ocrx_word' id='word_1_344' title='bbox 1386 3758 1570 3835; x_wconf 84' lang='lat' dir='ltr'><strong>imperativo</strong></span> 
     </span>
     <span class='ocr_line' id='line_1_35' title="bbox 269 3854 1569 3942; baseline 0.006 -29"><span class='ocrx_word' id='word_1_345' title='bbox 269 3856 412 3923; x_wconf 72' lang='lat' dir='ltr'><strong>«laridum,</strong></span> <span class='ocrx_word' id='word_1_346' title='bbox 444 3856 511 3933; x_wconf 74' lang='lat' dir='ltr'><strong>«pria</strong></span> <span class='ocrx_word' id='word_1_347' title='bbox 542 3857 707 3933; x_wconf 85' lang='lat' dir='ltr'><strong>imperatur</strong></span> <span class='ocrx_word' id='word_1_348' title='bbox 734 3854 820 3932; x_wconf 81' lang='lat' dir='ltr'><strong>quid,</strong></span> <span class='ocrx_word' id='word_1_349' title='bbox 850 3863 881 3914; x_wconf 89' lang='lat' dir='ltr'><strong>ut</strong></span> <span class='ocrx_word' id='word_1_350' title='bbox 909 3862 959 3915; x_wconf 76' lang='lat' dir='ltr'><strong>atat</strong></span> <span class='ocrx_word' id='word_1_351' title='bbox 989 3873 1066 3914; x_wconf 81' lang='lat' dir='ltr'><strong>ruane</strong></span> <span class='ocrx_word' id='word_1_352' title='bbox 1097 3865 1146 3916; x_wconf 82' lang='lat' dir='ltr'><strong>arat</strong></span> <span class='ocrx_word' id='word_1_353' title='bbox 1170 3858 1198 3915; x_wconf 91' lang='lat' dir='ltr'><strong>in</strong></span> <span class='ocrx_word' id='word_1_354' title='bbox 1222 3865 1375 3934; x_wconf 83' lang='lat' dir='ltr'><strong>posterum</strong></span> <span class='ocrx_word' id='word_1_355' title='bbox 1405 3859 1470 3942; x_wconf 76' lang='lat' dir='ltr'><strong>liat:</strong></span> <span class='ocrx_word' id='word_1_356' title='bbox 1496 3861 1569 3921; x_wconf 89' lang='lat' dir='ltr'><strong>ideo</strong></span> 
     </span>
     <span class='ocr_line' id='line_1_36' title="bbox 271 3956 1566 4034; baseline 0.008 -21"><span class='ocrx_word' id='word_1_357' title='bbox 271 3958 419 4034; x_wconf 84' lang='lat' dir='ltr'><strong>praesenti</strong></span> <span class='ocrx_word' id='word_1_358' title='bbox 443 3964 473 4014; x_wconf 91' lang='lat' dir='ltr'><strong>et</strong></span> <span class='ocrx_word' id='word_1_359' title='bbox 496 3957 595 4015; x_wconf 89' lang='lat' dir='ltr'><strong>luturo</strong></span> <span class='ocrx_word' id='word_1_360' title='bbox 619 3959 649 4015; x_wconf 92' lang='lat' dir='ltr'><strong>iu</strong></span> <span class='ocrx_word' id='word_1_361' title='bbox 673 3956 752 4015; x_wconf 91' lang='lat' dir='ltr'><strong>modi</strong></span> <span class='ocrx_word' id='word_1_362' title='bbox 775 3956 862 4016; x_wconf 74' lang='lat' dir='ltr'><strong>lulius</strong></span> <span class='ocrx_word' id='word_1_363' title='bbox 885 3956 1084 4017; x_wconf 83' lang='lat' dir='ltr'><strong>declinatione</strong></span> <span class='ocrx_word' id='word_1_364' title='bbox 1107 3960 1238 4017; x_wconf 84' lang='lat' dir='ltr'><strong>conteuti</strong></span> <span class='ocrx_word' id='word_1_365' title='bbox 1263 3968 1340 4017; x_wconf 89' lang='lat' dir='ltr'><strong>suut.</strong></span> <span class='ocrx_word' id='word_1_366' title='bbox 1379 3959 1429 4018; x_wconf 90' lang='lat' dir='ltr'><strong>sed</strong></span> <span class='ocrx_word' id='word_1_367' title='bbox 1453 3960 1566 4023; x_wconf 87' lang='lat' dir='ltr'><strong>Graeci</strong></span> 
     </span>
     <span class='ocr_line' id='line_1_37' title="bbox 269 4056 1610 4139; baseline 0.007 -23"><span class='ocrx_word' id='word_1_368' title='bbox 269 4061 449 4136; x_wconf 69' lang='lat' dir='ltr'><strong>introspecta</strong></span> <span class='ocrx_word' id='word_1_369' title='bbox 483 4057 632 4116; x_wconf 89' lang='lat' dir='ltr'><strong>sollertius</strong></span> <span class='ocrx_word' id='word_1_370' title='bbox 666 4056 788 4117; x_wconf 90' lang='lat' dir='ltr'><strong>iubendi</strong></span> <span class='ocrx_word' id='word_1_371' title='bbox 823 4067 925 4118; x_wconf 87' lang='lat' dir='ltr'><strong>natura</strong></span> <span class='ocrx_word' id='word_1_372' title='bbox 960 4059 1197 4119; x_wconf 84' lang='lat' dir='ltr'><strong>animadvertunt</strong></span> <span class='ocrx_word' id='word_1_373' title='bbox 1235 4080 1321 4138; x_wconf 83' lang='lat' dir='ltr'><strong>posse</strong></span> <span class='ocrx_word' id='word_1_374' title='bbox 1356 4061 1566 4139; x_wconf 86' lang='lat' dir='ltr'><strong>conprehendi</strong></span> <span class='ocrx_word' id='word_1_375' title='bbox 1582 4084 1610 4123; x_wconf 76' lang='lat' dir='ltr'><strong>aa</strong></span> 
     </span>
     <span class='ocr_line' id='line_1_38' title="bbox 268 4153 1570 4241; baseline 0.008 -25"><span class='ocrx_word' id='word_1_376' title='bbox 268 4167 428 4237; x_wconf 85' lang='lat' dir='ltr'><strong>praecepto</strong></span> <span class='ocrx_word' id='word_1_377' title='bbox 455 4167 572 4237; x_wconf 86' lang='lat' dir='ltr'><strong>tempus</strong></span> <span class='ocrx_word' id='word_1_378' title='bbox 599 4159 747 4237; x_wconf 87' lang='lat' dir='ltr'><strong>elapsum,</strong></span> <span class='ocrx_word' id='word_1_379' title='bbox 778 4168 809 4218; x_wconf 85' lang='lat' dir='ltr'><strong>ul.</strong></span> <span class='ocrx_word' id='word_1_380' title='bbox 837 4153 923 4238; x_wconf 65' lang='lat' dir='ltr'><strong>esta}</strong></span> <span class='ocrx_word' id='word_1_381' title='bbox 950 4155 1044 4239; x_wconf 77' lang='grc' dir='ltr'><strong><em>θύρα</em></strong></span> <span class='ocrx_word' id='word_1_382' title='bbox 1072 4161 1273 4230; x_wconf 76' lang='grc' dir='ltr'><strong><em>κεπλείσθω,</em></strong></span> <span class='ocrx_word' id='word_1_383' title='bbox 1304 4162 1380 4241; x_wconf 79' lang='grc' dir='ltr'><strong><em>ιμιοιΙ</em></strong></span> <span class='ocrx_word' id='word_1_384' title='bbox 1411 4163 1494 4225; x_wconf 87' lang='lat' dir='ltr'><strong>aliud</strong></span> <span class='ocrx_word' id='word_1_385' title='bbox 1519 4176 1570 4228; x_wconf 84' lang='lat' dir='ltr'><strong>est</strong></span> 
     </span>
     <span class='ocr_line' id='line_1_39' title="bbox 268 4254 1569 4348; baseline 0.007 -28"><span class='ocrx_word' id='word_1_386' title='bbox 268 4280 354 4339; x_wconf 76' lang='lat' dir='ltr'><strong>qaum</strong></span> <span class='ocrx_word' id='word_1_387' title='bbox 382 4254 401 4340; x_wconf 80' lang='grc' dir='ltr'><strong><em>ἡ</em></strong></span> <span class='ocrx_word' id='word_1_388' title='bbox 425 4255 518 4338; x_wconf 78' lang='grc' dir='ltr'><strong><em>θύρα</em></strong></span> <span class='ocrx_word' id='word_1_389' title='bbox 540 4260 698 4320; x_wconf 79' lang='grc' dir='ltr'><strong><em>πλείσθω.</em></strong></span> <span class='ocrx_word' id='word_1_390' title='bbox 739 4280 804 4320; x_wconf 78' lang='grc' dir='ltr'><strong>οων</strong></span> <span class='ocrx_word' id='word_1_391' title='bbox 828 4261 976 4322; x_wconf 72' lang='grc' dir='ltr'><strong><em>τελείσθω</em></strong></span> <span class='ocrx_word' id='word_1_392' title='bbox 999 4282 1065 4323; x_wconf 77' lang='lat' dir='ltr'><strong>earm</strong></span> <span class='ocrx_word' id='word_1_393' title='bbox 1089 4264 1162 4330; x_wconf 74' lang='lat' dir='ltr'><strong>alico.</strong></span> <span class='ocrx_word' id='word_1_394' title='bbox 1198 4265 1321 4324; x_wconf 85' lang='lat' dir='ltr'><strong>osteodo</strong></span> <span class='ocrx_word' id='word_1_395' title='bbox 1343 4265 1491 4326; x_wconf 83' lang='lat' dir='ltr'><strong>hactenus</strong></span> <span class='ocrx_word' id='word_1_396' title='bbox 1514 4287 1569 4348; x_wconf 91' lang='lat' dir='ltr'><strong>pa-</strong></span> 
     </span>
     <span class='ocr_line' id='line_1_40' title="bbox 268 4362 1567 4443; baseline 0.009 -23"><span class='ocrx_word' id='word_1_397' title='bbox 268 4366 377 4429; x_wconf 75' lang='lat' dir='ltr'><strong>tuisse:</strong></span> <span class='ocrx_word' id='word_1_398' title='bbox 401 4382 468 4422; x_wconf 84' lang='lat' dir='ltr'><strong>euru</strong></span> <span class='ocrx_word' id='word_1_399' title='bbox 492 4381 561 4421; x_wconf 82' lang='lat' dir='ltr'><strong>vero</strong></span> <span class='ocrx_word' id='word_1_400' title='bbox 576 4362 642 4421; x_wconf 89' lang='lat' dir='ltr'><strong>dico</strong></span> <span class='ocrx_word' id='word_1_401' title='bbox 665 4362 860 4426; x_wconf 83' lang='grc' dir='ltr'><strong><em>κεκλείσθω.</em></strong></span> <span class='ocrx_word' id='word_1_402' title='bbox 886 4364 941 4423; x_wconf 89' lang='lat' dir='ltr'><strong>boe</strong></span> <span class='ocrx_word' id='word_1_403' title='bbox 964 4367 1088 4443; x_wconf 87' lang='lat' dir='ltr'><strong>impero,</strong></span> <span class='ocrx_word' id='word_1_404' title='bbox 1113 4376 1145 4424; x_wconf 89' lang='lat' dir='ltr'><strong>ut</strong></span> <span class='ocrx_word' id='word_1_405' title='bbox 1167 4366 1321 4428; x_wconf 88' lang='lat' dir='ltr'><strong>claudendi</strong></span> <span class='ocrx_word' id='word_1_406' title='bbox 1347 4367 1479 4428; x_wconf 88' lang='lat' dir='ltr'><strong>oliieium</strong></span> <span class='ocrx_word' id='word_1_407' title='bbox 1504 4372 1567 4432; x_wconf 85' lang='lat' dir='ltr'><strong>iana</strong></span> 
     </span>
     <span class='ocr_line' id='line_1_41' title="bbox 267 4464 1570 4547; baseline 0.008 -25"><span class='ocrx_word' id='word_1_408' title='bbox 267 4474 419 4543; x_wconf 57' lang='lat' dir='ltr'><strong>pertractum</strong></span> <span class='ocrx_word' id='word_1_409' title='bbox 444 4464 448 4543; x_wconf 77' lang='lat' dir='ltr'><strong>l</strong></span> <span class='ocrx_word' id='word_1_410' title='bbox 472 4467 521 4524; x_wconf 86' lang='lat' dir='ltr'><strong>sit.</strong></span> <span class='ocrx_word' id='word_1_411' title='bbox 566 4465 643 4543; x_wconf 74' lang='lat' dir='ltr'><strong>«prod</strong></span> <span class='ocrx_word' id='word_1_412' title='bbox 674 4473 703 4522; x_wconf 85' lang='lat' dir='ltr'><strong>et</strong></span> <span class='ocrx_word' id='word_1_413' title='bbox 732 4465 861 4523; x_wconf 85' lang='lat' dir='ltr'><strong>latinitas</strong></span> <span class='ocrx_word' id='word_1_414' title='bbox 890 4465 1052 4525; x_wconf 90' lang='lat' dir='ltr'><strong>iubendum</strong></span> <span class='ocrx_word' id='word_1_415' title='bbox 1081 4470 1175 4529; x_wconf 71' lang='lat' dir='ltr'><strong>rectit.</strong></span> <span class='ocrx_word' id='word_1_416' title='bbox 1201 4487 1268 4528; x_wconf 84' lang='lat' dir='ltr'><strong>eum</strong></span> <span class='ocrx_word' id='word_1_417' title='bbox 1289 4472 1570 4547; x_wconf 63' lang='lat' dir='ltr'><strong>mancaepammus</strong></span> 
     </span>
     <span class='ocr_line' id='line_1_42' title="bbox 267 4567 1609 4648; baseline 0.007 -22"><span class='ocrx_word' id='word_1_418' title='bbox 267 4568 339 4626; x_wconf 83' lang='lat' dir='ltr'><strong>dicit.</strong></span> <span class='ocrx_word' id='word_1_419' title='bbox 362 4570 486 4626; x_wconf 74' lang='lat' dir='ltr'><strong>‘ostium</strong></span> <span class='ocrx_word' id='word_1_420' title='bbox 515 4567 645 4625; x_wconf 88' lang='lat' dir='ltr'><strong>elausmu</strong></span> <span class='ocrx_word' id='word_1_421' title='bbox 674 4567 741 4626; x_wconf 86' lang='lat' dir='ltr'><strong>sit’.</strong></span> <span class='ocrx_word' id='word_1_422' title='bbox 788 4567 856 4626; x_wconf 76' lang='lat' dir='ltr'><strong>blac</strong></span> <span class='ocrx_word' id='word_1_423' title='bbox 885 4570 942 4627; x_wconf 89' lang='lat' dir='ltr'><strong>iam</strong></span> <span class='ocrx_word' id='word_1_424' title='bbox 972 4587 1024 4646; x_wconf 86' lang='lat' dir='ltr'><strong>per</strong></span> <span class='ocrx_word' id='word_1_425' title='bbox 1047 4572 1144 4627; x_wconf 79' lang='grc' dir='ltr'><strong><em>οιιιιιίο</em></strong></span> <span class='ocrx_word' id='word_1_426' title='bbox 1173 4572 1325 4648; x_wconf 87' lang='lat' dir='ltr'><strong>praeteriti</strong></span> <span class='ocrx_word' id='word_1_427' title='bbox 1349 4579 1486 4648; x_wconf 86' lang='lat' dir='ltr'><strong>tempora</strong></span> <span class='ocrx_word' id='word_1_428' title='bbox 1512 4575 1609 4635; x_wconf 76' lang='lat' dir='ltr'><strong>‹le-o</strong></span> 
     </span>
    </p>
   </div>
   <div class='ocr_carea' id='block_1_4' title="bbox 264 4752 1569 4953">
    <p class='ocr_par' dir='ltr' id='par_1_5' title="bbox 264 4752 1569 4953">
     <span class='ocr_line' id='line_1_43' title="bbox 334 4752 1566 4828; baseline 0.006 -26"><span class='ocrx_word' id='word_1_429' title='bbox 334 4755 396 4802; x_wconf 69' lang='lat' dir='ltr'><strong>:iud</strong></span> <span class='ocrx_word' id='word_1_430' title='bbox 422 4756 497 4800; x_wconf 75' lang='lat' dir='ltr'><strong>mrim</strong></span> <span class='ocrx_word' id='word_1_431' title='bbox 515 4768 564 4815; x_wconf 86' lang='lat' dir='ltr'><strong>pa</strong></span> <span class='ocrx_word' id='word_1_432' title='bbox 589 4753 663 4798; x_wconf 70' lang='lat' dir='ltr'><strong>mrito</strong></span> <span class='ocrx_word' id='word_1_433' title='bbox 687 4754 710 4799; x_wconf 84' lang='grc' dir='ltr'><em>Ρ</em></span> <span class='ocrx_word' id='word_1_434' title='bbox 776 4752 919 4815; x_wconf 71' lang='lat' dir='ltr'><strong>ubetem}</strong></span> <span class='ocrx_word' id='word_1_435' title='bbox 938 4755 1022 4803; x_wconf 82' lang='grc' dir='ltr'><strong><em>θιναι</em></strong></span> <span class='ocrx_word' id='word_1_436' title='bbox 1043 4756 1067 4802; x_wconf 82' lang='lat' dir='ltr'><strong>l’</strong></span> <span class='ocrx_word' id='word_1_437' title='bbox 1134 4759 1149 4806; x_wconf 80' lang='lat' dir='ltr'><strong>u</strong></span> <span class='ocrx_word' id='word_1_438' title='bbox 1172 4753 1294 4804; x_wconf 77' lang='lat' dir='ltr'><strong>laelat&#39;P</strong></span> <span class='ocrx_word' id='word_1_439' title='bbox 1362 4758 1392 4804; x_wconf 76' lang='lat'><strong>17</strong></span> <span class='ocrx_word' id='word_1_440' title='bbox 1415 4756 1566 4828; x_wconf 68' lang='lat' dir='ltr'><strong>Vergilius]</strong></span> 
     </span>
     <span class='ocr_line' id='line_1_44' title="bbox 264 4820 1569 4886; baseline 0.005 -17"><span class='ocrx_word' id='word_1_441' title='bbox 264 4837 351 4883; x_wconf 76' lang='lat' dir='ltr'><strong>peorp.</strong></span> <span class='ocrx_word' id='word_1_442' title='bbox 367 4822 388 4868; x_wconf 95' lang='lat' dir='ltr'><strong>ll</strong></span> <span class='ocrx_word' id='word_1_443' title='bbox 401 4822 425 4871; x_wconf 75' lang='lat'><strong>4.</strong></span> <span class='ocrx_word' id='word_1_444' title='bbox 439 4823 453 4868; x_wconf 87' lang='grc'><strong>7</strong></span> <span class='ocrx_word' id='word_1_445' title='bbox 467 4821 515 4868; x_wconf 88' lang='lat' dir='ltr'><strong>lure</strong></span> <span class='ocrx_word' id='word_1_446' title='bbox 529 4832 626 4884; x_wconf 80' lang='lat' dir='ltr'><strong>putero</strong></span> <span class='ocrx_word' id='word_1_447' title='bbox 642 4821 738 4867; x_wconf 65' lang='lat' dir='ltr'><strong>lauaee</strong></span> <span class='ocrx_word' id='word_1_448' title='bbox 806 4821 951 4886; x_wconf 70' lang='lat' dir='ltr'><strong>Terentius]</strong></span> <span class='ocrx_word' id='word_1_449' title='bbox 967 4822 1086 4870; x_wconf 78' lang='lat' dir='ltr'><strong>Heauton</strong></span> <span class='ocrx_word' id='word_1_450' title='bbox 1105 4825 1153 4872; x_wconf 84' lang='lat' dir='ltr'><strong>tim.</strong></span> <span class='ocrx_word' id='word_1_451' title='bbox 1176 4825 1220 4872; x_wconf 89' lang='lat' dir='ltr'><strong>llll</strong></span> <span class='ocrx_word' id='word_1_452' title='bbox 1238 4826 1267 4874; x_wconf 81' lang='lat' dir='ltr'><strong>u.</strong></span> <span class='ocrx_word' id='word_1_453' title='bbox 1289 4825 1318 4873; x_wconf 86' lang='lat'><strong>18</strong></span> <span class='ocrx_word' id='word_1_454' title='bbox 1387 4825 1419 4873; x_wconf 76' lang='lat'><strong>21</strong></span> <span class='ocrx_word' id='word_1_455' title='bbox 1442 4820 1569 4880; x_wconf 62' lang='lat' dir='ltr'><strong>mutat?</strong></span> 
     </span>
     <span class='ocr_line' id='line_1_45' title="bbox 334 4886 1063 4953; baseline 0.004 -17"><span class='ocrx_word' id='word_1_456' title='bbox 334 4891 366 4936; x_wconf 78' lang='lat'><strong>&#39;24</strong></span> <span class='ocrx_word' id='word_1_457' title='bbox 383 4905 490 4952; x_wconf 84' lang='grc' dir='ltr'><strong><em>ποιητω</em></strong></span> <span class='ocrx_word' id='word_1_458' title='bbox 503 4902 667 4952; x_wconf 83' lang='grc' dir='ltr'><strong><em>ποιητωσαυ</em></strong></span> <span class='ocrx_word' id='word_1_459' title='bbox 680 4890 703 4936; x_wconf 90' lang='grc' dir='ltr'><em>Ρ</em></span> <span class='ocrx_word' id='word_1_460' title='bbox 771 4891 801 4936; x_wconf 67' lang='grc'><strong>’27</strong></span> <span class='ocrx_word' id='word_1_461' title='bbox 817 4886 914 4953; x_wconf 78' lang='lat' dir='ltr'><strong>nutum]</strong></span> <span class='ocrx_word' id='word_1_462' title='bbox 929 4901 1024 4938; x_wconf 73' lang='lat' dir='ltr'><strong>latratum</strong></span> <span class='ocrx_word' id='word_1_463' title='bbox 1040 4892 1063 4938; x_wconf 90' lang='lat' dir='ltr'><em>P</em></span> 
     </span>
    </p>
   </div>
   <div class='ocr_carea' id='block_1_5' title="bbox 0 0 1678 5498">
    <p class='ocr_par' dir='ltr' id='par_1_6' title="bbox 0 0 1678 5498">
     <span class='ocr_line' id='line_1_46' title="bbox 0 0 1678 5498; baseline 0 4"><span class='ocrx_word' id='word_1_464' title='bbox 0 0 1678 5498; x_wconf 95' lang='lat' dir='ltr'><strong> </strong></span> 
     </span>
    </p>
   </div>
  </div>
 </body>
</html>
