3346 5498
264 360 327 427 218
653 440 656 447 ¹
832 366 985 429 murm

290 485 312 527 p.
327 475 415 515 rat—ao
429 474 451 514 l„

264 572 331 614 rum
359 556 551 633 apertissime.
597 574 664 616 nam
692 556 717 615 si
744 554 816 615 dicis
844 557 998 636 participia
1031 575 1095 618 esse
1129 553 1301 625 declinata,
1323 553 1434 617 dehent
1466 558 1554 618 etiam

264 663 398 735 tempora
420 658 559 718 retinere.
605 657 664 718 duo
686 665 755 718 sunt
776 659 929 738 participia
950 660 1015 729 ista,
1039 678 1129 719 unum
1153 659 1300 728 futurum,
1323 677 1415 719 unum
1438 666 1554 738 praete·

264 759 363 818 ritum.
407 758 525 837 tegendi
547 760 605 820 erit
625 761 717 820 loturi
740 761 944 840 participium,
967 760 1094 839 tegendo
1115 761 1209 820 futuri
1231 761 1429 839 participium,
1453 759 1554 839 legen·

264 860 334 921 dum
361 860 451 921 iuturi
473 862 676 941 participium3
706 862 815 924 lectum
838 865 896 923 iam
919 863 1070 942 praeteriti
1093 863 1280 942 participium
1304 863 1368 922 erit.
1415 878 1487 940 ergo
1508 863 1556 942 iac

265 959 478 1031 elocutionem
507 961 656 1024 rideamus
682 965 707 1024 si
735 971 794 1024 stat
816 963 951 1027 elocutio.
997 976 1069 1044 puta
1092 963 1236 1042 ‘legendo
1258 962 1381 1024 didici’:
1420 963 1488 1044 quid
1512 971 1584 1027 ests

264 1064 409 1142 ‘legendo
432 1064 559 1125 didici't
587 1064 616 1124 id
641 1074 686 1126 est
706 1065 793 1127 ‘dum
817 1065 899 1145 lego,
923 1066 1040 1137 didici’,
1064 1085 1124 1127 non
1146 1064 1322 1144 ‘legendum
1345 1064 1418 1126 mihi
1441 1073 1501 1135 est,
1523 1074 1558 1127 ut

264 1165 404 1227 discam’.
450 1165 607 1245 legendum
636 1170 823 1247 participium
853 1175 898 1230 est
919 1170 1011 1230 futuri
1034 1169 1191 1247 temporiS,
1215 1169 1239 1228 si
1262 1167 1337 1228 diois
1359 1169 1443 1228 istam
1466 1166 1557 1229 decli·

265 1270 413 1330 nationem
437 1268 506 1329 inde
530 1267 721 1331 descendere.
768 1289 840 1348 ergo
862 1269 980 1350 quando
1003 1269 1069 1330 dico
1092 1269 1237 1348 ‘legendo
1266 1268 1381 1340 didici',
1412 1289 1473 1331 non
1499 1269 1558 1332 hoo

265 1370 347 1440 dico,
371 1370 456 1430 ‘ideo
472 1369 577 1440 didici,
595 1373 733 1449 qnoniam
750 1370 835 1450 iegi’,
851 1372 905 1433 sed
921 1372 977 1432 crit
992 1369 1063 1442 hoc,
1087 1375 1224 1451 ‘possum
1239 1371 1370 1442 discere,
1392 1373 1417 1433 si
1432 1372 1556 1452 legam’.

265 1481 296 1533 et
316 1474 392 1534 ratio
414 1472 472 1533 hoc
494 1473 611 1535 refutat.
643 1492 710 1534 nam
734 1474 852 1553 quando
875 1472 1139 1534 transcribendo
1163 1472 1253 1535 didici
1262 1476 1283 1543 ',
1307 1473 1453 1535 ‘natando
1476 1475 1555 1544 ieci’,
1572 1494 1599 1533 ro

264 1576 324 1636 iam
340 1576 382 1636 sio
405 1574 487 1645 dico,
511 1578 594 1653 quasi
609 1576 647 1635 de
662 1594 694 1635 re
709 1577 841 1655 perfecta
859 1584 888 1636 et
903 1577 986 1655 quasi
1002 1575 1039 1635 de
1054 1595 1088 1637 re
1104 1583 1260 1637 transacta.
1293 1593 1364 1655 ergo
1386 1595 1444 1656 quo
1468 1575 1557 1637 modo

264 1679 374 1758 poterit
394 1695 500 1738 sensus
523 1695 589 1738 esse
618 1677 784 1757 perlectus,
815 1696 880 1738 eum
911 1679 950 1738 sit
977 1679 1164 1757 participium
1194 1675 1289 1739 adhuc
1317 1677 1468 1740 futurum?
1497 1696 1556 1739 non

266 1780 411 1857 congruit.
447 1797 515 1840 ecce
538 1797 594 1858 qna
621 1781 738 1840 ratione
760 1779 871 1841 iactum
895 1787 939 1840 est
960 1787 993 1841 ut
1014 1798 1075 1841 non
1098 1779 1233 1840 dicantur
1254 1781 1420 1859 participia.
1464 1781 1557 1859 parti·

265 1883 341 1961 cipia
364 1883 461 1941 omnia
484 1900 646 1960 numquam
669 1882 860 1942 inveniuntur
881 1883 911 1941 in
933 1901 951 1943 u
975 1883 1066 1942 exire.
1110 1881 1228 1960 legendi
1250 1881 1376 1960 legendo
1397 1881 1556 1960 legendum

202 1988 204 1993 ’
265 1983 374 2044 lectum
397 1982 489 2044 iectu:
512 1985 537 2043 si
559 1985 747 2063 participium
772 1991 828 2054 est,
854 2002 930 2061 qnae
953 1981 957 2066 Ι
982 1990 1028 2044 est
1048 1985 1104 2044 ista
1128 1982 1304 2044 declinatio?
1336 1986 1362 2045 si
1386 1967 1594 2064 erimperto

265 2086 399 2165 ticipium
422 2092 513 2155 essct,
537 2087 568 2146 in
591 2105 608 2145 o
632 2087 714 2147 exire
736 2085 873 2156 deberet,
897 2105 956 2147 non
979 2088 1009 2146 in
1032 2105 1062 2147 u.
1100 2093 1146 2147 est
1167 2087 1254 2146 etiam
1277 2087 1365 2147 tertia
1386 2103 1435 2146 res
1458 2084 1556 2146 valen·

265 2187 392 2256 tissima,
421 2194 524 2248 contra
547 2205 635 2265 quam
658 2206 717 2248 nou
746 2196 832 2268 potes
853 2187 1052 2268 respondere,
1078 2196 1107 2248 ct
1130 2194 1176 2248 est
1197 2185 1279 2248 iliud.
1324 2186 1410 2267 quale
1434 2194 1479 2248 est
1499 2185 1557 2247 hoc

259 2290 472 2369 participium?
493 2290 639 2368 passivum
663 2296 713 2358 est,
737 2288 856 2367 legendi
870 2291 1057 2370 participium
1073 2291 1218 2369 passivum
1236 2296 1293 2359 est,
1318 2297 1348 2349 et
1369 2288 1464 2350 iectus
1486 2308 1556 2369 par·

264 2393 399 2470 ticipium
427 2392 574 2470 passivum
603 2399 657 2452 est.
703 2392 751 2453 hic
779 2399 879 2453 autem
907 2392 1013 2453 modus
1042 2391 1169 2471 gerundi
1191 2391 1320 2453 trabitur
1344 2389 1433 2472 [non]
1456 2399 1555 2452 tama

265 2494 478 2573 significatione
499 2495 614 2573 passiva
637 2513 724 2574 quam
747 2513 764 2555 a
785 2484 999 2572 significatione
1021 2494 1123 2554 activa.
1569 2514 1595 2554 eo

416 2596 580 2674 frigidus
602 2598 637 2657 in
660 2597 784 2676 pratis
806 2595 991 2657 cantando
1013 2597 1202 2675 rumpitur
1224 2597 1374 2673 anguis,

265 2699 413 2759 cantando
440 2700 605 2777 rumpitur:
630 2698 699 2777 quid
723 2706 768 2758 est
789 2697 955 2758 cantando?
986 2698 1055 2759 dum
1080 2699 1107 2758 ei
1129 2699 1306 2758 incantatur.
1351 2716 1421 2758 ecce
1443 2697 1557 2776 passim

264 2801 438 2878 significatio
468 2810 513 2861 est
538 2798 589 2859 illo
618 2800 692 2860 loco.
737 2799 939 2861 ‘cantando
972 2807 1009 2861 tu
1042 2799 1174 2870 iilum',
1210 2816 1280 2860 eece
1301 2798 1353 2859 illo
1375 2798 1441 2859 loco
1464 2799 1556 2859 activa

264 2902 438 2980 significatio
461 2910 514 2962 est.
548 2901 623 2979 elige
645 2902 748 2972 modo,
772 2902 849 2980 quod
873 2904 916 2962 vis
939 2920 1003 2963 esse
1025 2902 1224 2982 participium.
1255 2902 1280 2960 si
1302 2900 1381 2961 dicas
1404 2898 1440 2960 ab
1463 2901 1557 2960 activa

265 3023 330 3066 esse
352 3005 580 3082 significatione,
604 3006 634 3063 in
657 3003 709 3065 ilio
731 3002 796 3065 ioco
819 3004 1011 3066 soloecismus
1034 3004 1104 3074 erit,
1128 3012 1161 3064 ut
1182 3002 1263 3063 dieas
1286 3001 1451 3063 ‘cantando
1472 3020 1556 3062 rum·
1570 3026 1596 3066 rs

265 3109 344 3187 pitur
367 3108 497 3186 anguis’,
522 3108 661 3183 quoniam
684 3105 744 3168 illic
766 3124 858 3184 aequa
882 3114 926 3168 est
947 3106 1129 3185 significatio.
1161 3107 1187 3166 si
1202 3105 1282 3166 dicas
1297 3106 1442 3185 passivam
1464 3105 1555 3183 signi·

264 3211 444 3279 ficationem,
475 3211 546 3270 item
575 3207 769 3270 soloecismus
798 3210 853 3270 erit
874 3210 904 3269 in
927 3207 978 3268 illo
1005 3209 1085 3278 loco,
1115 3207 1277 3268 ‘cantando
1300 3214 1333 3267 tu
1356 3203 1472 3275 iilum’3
1496 3224 1557 3267 nou

265 3311 355 3372 debet
376 3313 551 3390 significatio
574 3313 667 3371 activa
691 3312 791 3372 venire
813 3329 830 3371 a
852 3312 1008 3391 participio
1036 3312 1161 3390 passivo.
1207 3327 1274 3370 nam
1297 3308 1346 3369 hic
1369 3307 1474 3368 modus
1496 3315 1557 3368 tam

265 3434 282 3475 a
304 3415 420 3494 passivo
447 3412 538 3474 verbo
566 3432 653 3492 quam
682 3412 719 3474 ab
742 3413 836 3474 activo
858 3432 915 3474 nna
938 3415 1052 3474 ratione
1075 3413 1247 3473 declinatur.
1291 3409 1417 3489 gerundi
1440 3408 1556 3480 modus,

264 3523 336 3595 puta
358 3513 491 3593 legendi,
521 3512 557 3576 ab
585 3516 679 3575 activo
707 3522 752 3574 cst
779 3524 808 3575 et
835 3516 958 3594 passivo.
1005 3515 1083 3576 unde
1105 3531 1262 3593 possumus
1284 3513 1341 3585 hoc
1363 3513 1597 3577 ‹mntirmarelsa

266 3637 304 3678 ne
327 3617 406 3678 dicas
427 3616 514 3686 milri,
539 3616 694 3677 contusum
718 3625 778 3685 est,
804 3623 833 3675 et
857 3617 860 3693 l
884 3635 943 3677 non
966 3615 1122 3694 intellego,
1146 3615 1278 3677 dicamus
1300 3634 1317 3674 a
1339 3612 1465 3676 neutrali
1488 3621 1557 3674 eta

265 3719 434 3797 deponenti.
481 3737 497 3777 a
520 3716 646 3777 neutrali
668 3717 759 3778 verbo
782 3718 969 3779 manifestum
993 3726 1036 3779 est
1058 3719 1196 3797 qnoniam
1219 3735 1278 3778 non
1302 3724 1347 3779 est
1367 3717 1481 3796 passiva
1505 3714 1557 3776 de·

266 3821 399 3889 clinatio,
429 3831 458 3881 ct
485 3821 516 3880 in
544 3819 704 3898 deponenti
732 3818 822 3880 verbo
850 3820 1039 3882 manifestum
1067 3828 1113 3880 est
1140 3821 1279 3898 quoniam
1308 3838 1367 3880 non
1397 3824 1441 3878 est
1462 3818 1556 3878 actim

266 3922 432 3984 dedinatio.
478 3940 549 4000 crgo
571 3923 594 3982 si
616 3941 677 3983 uon
700 3930 798 4002 potest
819 3921 856 3982 ab
878 3932 1003 4002 utraque
1025 3931 1109 4002 parte
1133 3923 1247 3995 venire,
1279 3928 1395 3981 constat
1416 3920 1556 3997 quoniam

266 4024 304 4086 ab
326 4033 450 4102 utraque
477 4031 562 4105 parte
583 4023 719 4086 similiter
747 4026 884 4086 nascitur.
930 4044 1000 4085 ecce
1028 4023 1162 4092 namndi,
1188 4021 1281 4104 [ecce]
1305 4030 1374 4083 nato
1397 4019 1557 4082 declinatio
1571 4046 1598 4086 aa

267 4134 325 4195 est,
356 4127 407 4186 sed
438 4134 550 4190 tantum
578 4128 667 4189 modo
695 4130 803 4195 activa;
833 4128 902 4186 item
927 4125 1079 4205 loquendi,
1110 4125 1217 4203 loquor
1240 4125 1397 4186 declinatio
1421 4130 1479 4191 est,
1503 4121 1557 4183 sed

266 4237 380 4290 tantum
408 4229 496 4288 modo
523 4232 646 4309 passiva.
693 4230 718 4288 si
746 4238 775 4288 et
802 4225 921 4288 natandi
948 4227 1073 4289 dicimus
1101 4234 1130 4288 et
1158 4227 1298 4308 loquendi
1320 4227 1461 4296 dicimus,
1486 4242 1558 4286 ecce

255 4308 325 4407 ‘una
347 4329 577 4402 declinationi,
602 4329 731 4393 natando
744 4327 908 4409 loquendo,
925 4330 1085 4393 natandum
1102 4329 1297 4409 loquendum,
1322 4336 1423 4389 natatu
1445 4325 1557 4388 locutu.

267 4485 569 4495 —-—-—-—

252 4567 254 4570 ’
335 4569 351 4620 3
372 4570 525 4636 legendo-
543 4571 558 4619 4
576 4568 654 4619 futuri
671 4568 833 4636 participium
853 4585 899 4620 om.
918 4567 987 4630 AB,
1006 4567 1067 4616 add.
1085 4584 1102 4617 a
1155 4567 1172 4617 8
1191 4567 1344 4616 descendere
1363 4567 1387 4616 B
1406 4565 1557 4615 discendere

266 4639 507 4693 CodiscerueroA
597 4640 628 4690 12
648 4656 703 4689 cum
723 4639 925 4704 etpurticipium
945 4638 1088 4687 BCacum
1108 4635 1311 4702 panicipiumA
1399 4636 1431 4687 16
1448 4651 1489 4685 res
1506 4651 1555 4686 om.

267 4710 348 4762 ABG
418 4712 449 4762 17
467 4705 553 4775 quarn]
575 4710 682 4773 quodC
734 4708 888 4776 potcstAO
947 4718 973 4755 ut
988 4718 1025 4757 est
1043 4708 1255 4758 illudBCa:ut
1273 4706 1373 4754 ittarta
1432 4707 1461 4756 21
1484 4705 1557 4770 inigi-

267 4779 326 4848 dus]
350 4783 427 4846 Verp.
444 4780 523 4845 direct.
545 4783 571 4835 a,
590 4780 629 4830 71.
694 4781 789 4844 parutis
807 4795 875 4828 corr.
895 4779 974 4842 pratis
990 4779 1013 4826 A
1083 4780 1117 4829 22
1136 4777 1262 4842 rumpitur
1278 4792 1295 4825 α
1312 4777 1405 4840 rumpit
1424 4774 1505 4825 ABG

268 4852 329 4915 quid
349 4859 450 4904 estora.
468 4851 500 4916 A,
517 4851 577 4902 cdd.
595 4866 612 4898 a
680 4849 713 4900 23
732 4846 868 4915 cantando]
893 4850 972 4915 Verp.
993 4849 1074 4901 bucol.
1092 4850 1117 4911 3,
1137 4850 1170 4899 25
1239 4848 1272 4898 24
1289 4845 1489 4897 modumABG
