3346 5498
749 400 820 464 aas
1368 398 1431 464 543

1234 521 1255 562 p.
1271 507 1406 550 rats-811).

227 587 305 665 Ergo
328 589 458 650 diximus
480 590 515 648 de
538 588 713 667 generibus,
737 596 810 669 quot
830 597 915 660 sunt;
950 607 1028 650 nunc
1051 589 1208 651 dicendum
1231 588 1268 649 de
1290 589 1430 666 coniuga-

143 673 291 743 tionibus,
324 692 378 753 per
410 692 536 754 quarum
570 673 688 751 regulas
720 676 819 735 omnia
853 673 942 735 verba
974 677 1037 735 sine
1065 673 1227 735 offensione
1255 673 1429 734 funduntur.

143 777 217 838 quas
238 761 463 836 coniugationes
489 761 585 838 siquis
612 759 854 819 animadverterit
876 759 1053 837 diligenter,
1083 760 1167 838 quasi
1190 777 1226 819 ex
1248 758 1322 819 vado
1344 761 1430 819 vitio·

144 862 210 903 rum
233 861 390 921 emergens
411 846 500 904 citius
523 843 559 904 ad
580 852 699 923 portum
726 843 883 904 latinitatis
906 844 1036 905 accedet.
1080 843 1284 924 quaerendum
1306 850 1352 905 est
1379 862 1430 903 au-

118 936 203 990 atem
226 928 262 988 de
285 928 361 998 illis,
385 947 459 1008 quae
482 930 543 989 sint
564 935 595 989 et
616 928 667 988 ubi
693 937 888 1007 quaerantur,
913 948 971 1008 quo
993 929 1163 1008 proficiant,
1187 928 1218 988 id
1241 937 1286 988 est
1307 928 1378 1008 quid
1401 936 1430 989 te

144 1014 270 1074 doceant
298 1032 412 1073 cavere.
456 1021 525 1074 sunt
552 1021 649 1074 autem
678 1016 899 1090 coniugationes
926 1034 942 1074 a
965 1033 980 1073 e
1004 1015 1024 1073 i.
1069 1014 1120 1073 sed
1143 1016 1232 1074 tertia
1255 1021 1314 1074 tana
1338 1012 1341 1094 l
1365 1032 1430 1073 cor·

143 1106 225 1178 repta
249 1105 294 1158 est
321 1117 408 1178 quam
438 1098 599 1177 producta;
622 1097 674 1158 sed
696 1106 834 1178 correpta
856 1099 942 1158 aliam
964 1100 1023 1158 vim
1053 1098 1143 1159 babet
1164 1100 1336 1177 praeteritis
1358 1100 1429 1167 suis,

144 1183 231 1245 aliam
252 1183 405 1264 producta.
436 1183 567 1245 diximus
581 1191 652 1263 quot
673 1184 734 1244 sint
755 1193 784 1244 et
806 1202 881 1263 quae
904 1186 978 1254 sint;
1002 1183 1159 1244 dicendum
1182 1191 1242 1250 est,
1265 1182 1317 1243 ubi
1340 1202 1430 1263 quae-

144 1274 257 1330 rantur.
302 1275 487 1348 quaeruntur
517 1277 615 1328 autern
643 1270 673 1328 in
702 1269 860 1329 indicativo
883 1268 970 1328 niodo
991 1276 1124 1348 tempore
1147 1270 1280 1347 presenti
1303 1268 1430 1329 secunda

106 1368 130 1407 ro
144 1371 269 1432 persona
292 1362 360 1413 ante
383 1354 572 1414 novissimam
594 1353 739 1423 litteram,
768 1353 872 1414 sedin
900 1355 1004 1413 activis
1027 1363 1056 1414 et
1078 1352 1277 1422 neutralibus;
1306 1355 1336 1413 in
1366 1353 1431 1414 aliis

144 1456 214 1498 vero
237 1437 333 1497 tribus
355 1437 469 1508 verbis,
493 1439 619 1517 passivis
640 1445 670 1498 et
691 1438 898 1499 communibus
913 1446 943 1498 et
963 1438 1193 1517 deponentibus,
1217 1445 1285 1498 ante
1308 1439 1429 1498 novissi·

144 1541 221 1582 marn
237 1522 388 1601 syllabam.
417 1523 495 1602 quod
512 1532 545 1584 ut
560 1526 652 1592 scias,
675 1526 809 1602 apertius
830 1522 984 1584 intimabo.
1015 1523 1075 1583 dixi
1099 1525 1192 1592 enirn,
1216 1522 1268 1583 ubi
1283 1541 1429 1603 quaeren·
1529 1526 1533 1532 “

144 1607 214 1668 dum
236 1609 290 1677 sit;
313 1615 404 1668 restat
426 1616 529 1686 quarta
552 1626 635 1686 pars,
659 1626 733 1686 quae
757 1627 811 1669 nos
826 1607 925 1677 docet,
949 1626 1041 1688 quare
1063 1611 1200 1669 inventae
1222 1616 1305 1676 sunt,
1329 1607 1359 1667 id
1382 1614 1428 1668 est

144 1691 181 1752 ob
203 1711 291 1771 quam
313 1693 481 1753 utilitatem.
512 1711 614 1754 earum
636 1695 729 1770 igitur
751 1693 864 1754 utilitas
886 1693 993 1772 duplex
1015 1701 1075 1753 est:
1106 1693 1193 1753 docet
1214 1700 1243 1752 te
1266 1692 1302 1753 de
1325 1693 1425 1753 lutura

104 1793 129 1832 ιο
143 1785 292 1856 tempore,
316 1777 434 1857 quando
456 1779 488 1837 in
511 1796 556 1838 arn
581 1777 722 1857 syllabam
745 1786 844 1847 exeat,
868 1778 985 1858 quando
1007 1781 1038 1838 in
1062 1778 1116 1848 bo;
1145 1778 1231 1839 docet
1252 1780 1362 1838 iterum
1386 1780 1416 1838 in

143 1863 258 1923 linitum
280 1862 414 1931 modum,
438 1862 556 1940 quando
578 1864 776 1942 corripiatur,
805 1862 923 1943 quando
944 1862 1135 1942 producatur.
1180 1880 1251 1940 ergo
1273 1862 1431 1923 redeamus

143 1947 178 2007 ad
201 1949 328 2026 primam
350 1949 588 2024 coniugationem
612 1956 642 2007 et
665 1948 701 2007 de
724 1947 826 2008 eadem
849 1947 978 2008 lucidius
1000 1955 1170 2008 tractemus
1394 1951 1399 1962 ‘

145 2060 154 2081 ·
225 2031 324 2092 Prima
356 2034 540 2108 coniugatio,
574 2051 649 2111 quae
682 2041 727 2092 est
754 2052 785 2101 a,
814 2035 967 2112 quaeritur
994 2033 1024 2093 in
1052 2034 1156 2093 activis
1183 2040 1213 2093 et
1245 2031 1431 2093 neutralibus

142 2116 257 2186 verbis,
281 2124 314 2176 ut
336 2116 479 2185 diximus,
509 2124 575 2177 ante
598 2119 787 2178 novissimam
815 2118 942 2178 litteram
965 2120 995 2178 in
1019 2118 1147 2179 secunda
1170 2136 1306 2197 persona.
1350 2119 1431 2178 venit

102 2201 178 2261 soab
201 2201 248 2262 bis
275 2209 413 2280 quattuor
440 2201 550 2271 modis,
579 2202 616 2262 ab
639 2221 671 2271 o,
700 2209 733 2262 ut
761 2202 854 2262 clamo
883 2202 992 2263 clamas
1013 2203 1133 2272 clamat,
1162 2202 1199 2263 ab
1222 2221 1271 2271 eo,
1294 2210 1327 2262 ut
1349 2221 1429 2263 conr·

141 2306 208 2347 meo
231 2304 380 2346 commeas
402 2294 563 2353 commeat.
587 2286 624 2346 ab
647 2289 691 2356 io,
714 2295 747 2347 ut
768 2286 848 2348 lanio
869 2287 964 2348 lanias
986 2287 1091 2356 laniat,
1122 2287 1159 2347 ab
1182 2307 1234 2357 uo,
1264 2296 1297 2348 ut
1319 2287 1429 2349 iluctuo

140 2371 266 2431 tluctuas
292 2371 424 2431 tluctuat.
469 2379 499 2431 et
526 2372 594 2450 quia
622 2373 776 2449 cognoscis
803 2373 905 2450 utique
940 2375 1067 2452 primam
1096 2392 1177 2442 esse,
1211 2374 1271 2433 iam
1299 2372 1370 2452 quid
1399 2380 1429 2433 tc

141 2457 259 2525 doceat,
283 2456 350 2516 binc
373 2459 515 2516 attentius
538 2456 710 2526 considera,
740 2464 786 2526 ut,
816 2456 885 2517 talia
919 2476 986 2518 cum
1015 2460 1179 2527 inveneris,
1210 2460 1240 2517 in
1270 2457 1430 2518 homitias

140 2542 274 2602 loturum
297 2549 414 2620 tempus
435 2544 584 2620 ipsorum,
609 2549 640 2602 ut
662 2540 795 2602 clamabo
818 2542 902 2604 dicas
926 2542 1045 2604 laniabo
1072 2541 1222 2603 lluctuabo
1245 2541 1427 2602 commeabo.

102 2642 127 2682 as
141 2645 209 2686 ecee
232 2625 320 2685 docui
343 2633 371 2686 te
395 2626 431 2686 de
453 2628 627 2706 promissivo
648 2634 799 2706 tempore;
822 2627 858 2688 de
881 2629 997 2688 infinito
1013 2628 1125 2688 docebo
1145 2635 1186 2688 te.
1217 2635 1246 2687 et
1268 2630 1337 2705 quia
1359 2645 1428 2706 pro·

141 2711 250 2771 (lucere
273 2710 364 2771 debes
387 2729 468 2780 eum,
493 2711 568 2772 dicis
589 2712 716 2772 clamare
739 2711 853 2773 laniare
874 2713 1018 2773 iluctuare
1042 2730 1224 2780 commeare,
1248 2720 1282 2772 ut
1304 2719 1370 2771 ante
1395 2729 1428 2771 re

141 2797 329 2856 novissimam
352 2816 368 2855 a
391 2796 491 2857 littera
513 2796 637 2875 produci
653 2799 748 2876 possit
768 2815 894 2876 semper.
925 2797 1054 2858 diximus
1076 2797 1112 2856 de
1135 2799 1246 2876 prima;
1270 2796 1429 2856 dicendum

90 2899 93 2902 ⁴
141 2880 228 2940 etde
251 2881 398 2949 secunda,
422 2900 498 2962 quae
521 2882 669 2941 dicituro
693 2889 723 2942 et
744 2884 826 2941 venit
854 2881 891 2942 ab
914 2900 974 2941 uno
996 2882 1096 2950 morlo,
1126 2882 1156 2941 id
1179 2889 1224 2941 est
1246 2880 1283 2941 ab
1306 2899 1342 2941 eo
1363 2888 1427 2941 tan·

140 2974 216 3034 tum,
239 2973 273 3025 ut
295 2973 394 3026 terreo
417 2975 528 3035 terres,
553 2967 646 3026 doceo
661 2966 764 3035 dooeS,
788 2965 917 3044 praebeo
932 2966 1073 3045 praebes,
1096 2966 1186 3026 sedeo
1208 2966 1308 3034 sedeS,
1332 2965 1428 3026 habeo

102 3050 243 3111 sobabes.
288 3068 359 3128 ergo
388 3060 417 3111 et
445 3051 533 3120 baec,
562 3070 621 3130 quo
647 3050 735 3111 modo
759 3053 913 3129 superior,
936 3070 1038 3130 parem
1061 3051 1193 3128 regulam
1216 3051 1281 3119 dat,
1304 3060 1337 3111 ut
1358 3069 1427 3130 pro·

140 3138 290 3196 nrissivuur
314 3135 432 3195 modum
454 3139 485 3195 in
508 3135 547 3195 bo
569 3138 682 3202 mittat,
713 3134 832 3195 terrebo
859 3135 972 3195 docebo
994 3134 1145 3214 praebebo
1167 3134 1277 3195 sedebo
1299 3134 1425 3196 habebo.

140 3228 169 3279 et
193 3223 237 3280 sio
260 3223 358 3280 omnia
381 3220 470 3280 buius
492 3221 612 3297 regulae
636 3218 819 3279 observabis.
854 3222 897 3279 sic
920 3223 1009 3281 etiam
1031 3221 1179 3280 inlinitum
1202 3219 1353 3299 producit,
1370 3239 1428 3299 quo

139 3306 226 3365 modo
248 3307 343 3383 prima
366 3307 549 3381 coniugatio,
579 3312 696 3364 terrere
723 3303 830 3363 docere
857 3323 979 3365 monere
1002 3306 1116 3366 sedere.
1161 3322 1233 3382 ergo
1255 3304 1329 3364 duae
1352 3307 1427 3365 istae

140 3409 240 3469 parona
263 3389 395 3465 regulam
419 3388 539 3449 babent.
570 3396 704 3449 remanet
726 3390 813 3448 tertia
836 3390 1013 3466 coniugatio,
1036 3409 1110 3469 quae
1133 3398 1192 3449 tam
1215 3388 1358 3467 producta
1382 3397 1428 3450 cst
1507 3395 1515 3410 ¹

101 3492 228 3552 mquam
250 3481 403 3551 correpta,
433 3471 535 3553 quael
561 3481 590 3533 et
617 3476 681 3552 ipsa
708 3474 864 3552 quaeritur
896 3473 948 3534 ubi
977 3477 1066 3535 etiam
1095 3477 1282 3553 superiores,
1313 3474 1365 3534 sed
1394 3476 1426 3534 in

140 3560 257 3625 activis,
281 3567 313 3617 ut
336 3557 478 3626 diximus,
503 3567 532 3618 et
554 3557 739 3619 neutralibus
760 3557 870 3619 verbis.
908 3562 989 3619 venit
1010 3567 1108 3619 autom
1132 3558 1169 3619 ab
1192 3559 1239 3618 bis
1261 3559 1365 3628 modis,
1389 3559 1427 3619 ab

139 3661 172 3709 o,
196 3650 228 3700 ut
251 3641 316 3717 lego
344 3641 432 3718 legis.
461 3643 560 3703 scribo
588 3642 707 3711 scribis,
736 3642 773 3703 ab
795 3645 841 3712 io,
871 3651 904 3704 ut
932 3646 1014 3724 rapio
1042 3647 1136 3724 rapis,
1165 3646 1242 3704 iacio
1269 3645 1359 3714 iacis,
1388 3643 1426 3705 ab

140 3745 192 3792 uo.
216 3735 248 3785 ut
271 3744 325 3785 ruo
348 3728 424 3795 ruiS,
448 3727 507 3788 tluo
529 3729 607 3788 lluis.
652 3746 723 3806 ergo
751 3728 880 3789 ethaeo
907 3737 936 3790 te
966 3730 1066 3799 docet,
1095 3737 1128 3790 ut
1149 3730 1281 3790 laturum
1310 3736 1427 3808 tempus
1492 3766 1494 3770 -

139 3813 239 3871 mittas
260 3812 291 3870 in
314 3830 376 3879 am,
400 3830 458 3872 non
481 3815 513 3872 in
535 3811 587 3883 bo,
611 3831 669 3893 quo
690 3813 985 3893 modo-superiores,
1014 3823 1044 3874 et
1065 3815 1138 3874 lacit
1159 3815 1292 3875 tutorum
1315 3817 1346 3874 in
1368 3831 1425 3883 arn,

99 3915 125 3952 οο
139 3903 171 3955 ut
193 3896 299 3955 laciam
323 3896 451 3974 scribam
473 3898 579 3975 legam.
624 3916 679 3958 nec
702 3897 784 3958 dicas
804 3898 921 3959 laciebo
943 3898 1083 3959 scribebo
1103 3899 1224 3976 legebo,
1247 3899 1315 3978 quia
1337 3901 1426 3959 tertia

138 3982 307 4058 coniugatio
335 3983 366 4042 in
395 4001 441 4043 am
471 4001 588 4063 semper
610 3984 819 4062 promissivum
841 3990 959 4062 tempus
985 3986 1087 4044 mittit.
1131 4002 1218 4063 quam
1241 3985 1425 4061 coniugatio-

137 4084 220 4134 nem,
245 4075 278 4127 ut
300 4067 376 4137 dixi,
400 4071 520 4146 quaeris
542 4071 573 4127 in
596 4067 723 4127 secunda
746 4086 873 4147 persona
896 4075 963 4128 ante
986 4071 1174 4130 novissimam
1197 4069 1335 4128 litteram.
1380 4070 1425 4128 in·

137 4151 253 4211 linitum
277 4171 347 4212 vero
374 4153 494 4213 modurn
516 4154 656 4229 corripit,
685 4160 718 4212 ut
737 4152 839 4232 legere
861 4155 961 4214 iacere
985 4154 1117 4217 scribere
1140 4172 1244 4222 ruere,
1269 4171 1344 4222 non,
1367 4170 1427 4233 quo

206 4462 341 4523 spectrum
359 4456 489 4507 Patscbiua
506 4467 604 4522 postem
627 4458 653 4507 V
657 4471 674 4513 ς
743 4454 850 4523 5quid]
871 4459 914 4521 qui
936 4459 965 4506 V
967 4472 984 4513 ς
1053 4458 1280 4525 beoniugatioues
1298 4469 1375 4511 οοο.ς

136 4526 182 4575 sed
197 4527 261 4576 haec
278 4529 352 4575 tertia
375 4527 401 4575 V
406 4539 423 4580 ς
510 4528 620 4577 laliam
638 4527 689 4575 uim
709 4526 786 4576 habet
803 4530 945 4590 praesentis
963 4528 1010 4575 srvi.
1043 4528 1117 4578 aliam
1135 4529 1281 4593 productum
1300 4525 1423 4579 diximus.

137 4607 198 4656 quot
217 4605 276 4646 sunt
295 4606 319 4644 et
338 4612 402 4658 (puae
420 4599 469 4645 sint
487 4597 581 4647 dictum
601 4606 638 4646 est
651 4596 695 4645 ubi
713 4609 730 4650 ς
800 4597 817 4646 8
833 4594 980 4664 dicendum]
1002 4596 1094 4647 deiude
1110 4598 1137 4646 V
1204 4596 1351 4658 loquendo
1370 4610 1426 4645 cor·

137 4666 242 4731 ripiatur
258 4667 411 4731 producatur
434 4667 461 4714 V
476 4668 576 4726 quando
596 4667 729 4730 corripitur
748 4666 849 4731 quando
868 4667 1048 4732 produeirorq
1117 4667 1151 4715 22
1173 4674 1197 4713 et
1218 4663 1286 4726 quial
1310 4667 1380 4727 atqui
1399 4679 1424 4723 ς,

136 4750 180 4783 om.
206 4736 233 4784 V
282 4734 354 4802 quid]
375 4737 442 4799 quod
462 4737 504 4790 Vc
557 4735 817 4787 lbdeinilnitoom.
841 4737 868 4785 V
917 4736 1077 4792 illdicass
1129 4736 1161 4786 27
1178 4734 1210 4785 de
1228 4734 1347 4800 primati
1367 4733 1425 4782 inde

137 4815 160 4852 et
179 4804 210 4853 de
230 4806 254 4852 V
271 4805 592 4872 deprimadeindede5
643 4807 677 4859 31
695 4803 804 4873 terrebo]
824 4805 914 4856 tenebo
931 4809 960 4856 V
966 4819 983 4861 ς
1036 4806 1070 4858 39
1089 4816 1112 4855 et
1132 4803 1319 4854 iacitluturum
1338 4818 1378 4852 am
1401 4804 1428 4852 V

136 4884 161 4924 et
178 4872 238 4924 iacit
255 4890 295 4925 am
314 4889 330 4934 ς
400 4877 432 4929 al
451 4877 597 4945 coniugatio
616 4891 674 4928 nam
692 4891 794 4945 semper
811 4877 992 4943 promissiuum
1010 4886 1110 4943 tempus
1127 4875 1241 4925 micitia
1261 4888 1301 4923 am
1316 4887 1425 4939 quarm,-
