3346 5498
751 428 823 491 ans
1392 418 1433 486 15

1240 529 1440 586 plssi·oel'.'

133 617 214 676 linita
238 615 390 677 abseth
433 613 493 675 boc
514 632 680 695 pronomen
701 617 733 677 in
754 617 854 696 ipsum
875 617 980 684 mittit,
1004 615 1117 676 nonin
1139 612 1241 694 ipsud,
1264 630 1323 691 qvvo
1345 610 1434 672 modo

133 716 207 776 illud
229 725 262 778 et
283 715 369 778 istud.
406 733 476 777 mm
495 718 539 777 sic
554 715 700 795 Vergilius
721 717 812 786 dixit,
835 715 968 796 ‘adque
989 718 1138 796 ipsum’,
1161 733 1222 775 nou
1244 732 1299 794 per
1320 713 1367 773 d’.
1394 747 1429 757 -

135 817 229 879 item
251 815 474 879 articulare:
502 817 659 880 articulare
680 819 749 880 ideo
770 818 885 892 dicitur,
908 819 975 897 quia
998 817 1113 878 articuli
1134 817 1225 878 buius
1246 815 1434 895 pronominis
1445 821 1552 884 tecm

135 918 310 981 nominibus
331 921 561 997 coniunguntur.
607 939 676 981 nam
699 922 776 981 iuter
798 919 938 982 articulos
960 927 991 980 et
1012 920 1189 999 pronomina
1211 916 1269 977 boc
1291 919 1431 979 interest:

111 1023 314 1100 sprovvomina
335 1019 397 1082 sola
419 1019 621 1091 declinantur,
642 1021 756 1083 articuli
778 1024 872 1084 iuncti
888 1025 895 1095 Ι
914 1021 1098 1088 nominibus,
1121 1019 1217 1082 utbic
1238 1020 1381 1097 magister
1402 1026 1433 1079 et

134 1121 210 1183 baec
226 1123 324 1184 llvvsa:
347 1131 447 1203 potest
460 1124 601 1192 etiamsi
623 1125 738 1184 nomini
760 1142 819 1185 non
841 1126 987 1202 ivmgitur,
1011 1121 1139 1201 aliquem
1162 1120 1383 1190 demonstrare,
1398 1128 1433 1182 ut

135 1223 258 1285 sidicas
272 1223 342 1286 ‘liic
353 1229 426 1286 est'.
446 1259 480 1268 -
505 1223 588 1285 llio:
611 1225 669 1286 boc
683 1245 851 1306 pronomen
866 1226 936 1287 dum
951 1232 1123 1304 correptum
1138 1224 1242 1293 luerit,
1264 1239 1431 1303 pronomen

136 1335 196 1397 est,
218 1325 291 1387 dum
312 1326 507 1406 productum,
530 1326 704 1389 adverbium
727 1337 781 1389 est.
826 1327 895 1390 ideo
923 1326 1082 1389 articulare
1103 1326 1335 1406 praepositivum
1357 1323 1431 1385 dici·

135 1437 201 1496 tiu,
229 1429 300 1508 quia
327 1429 521 1508 praeponitur
548 1431 670 1490 nomini.
717 1430 788 1490 dum
816 1430 883 1490 dico
911 1429 960 1490 bic
987 1430 1141 1507 magister,
1170 1428 1358 1508 praepositus
1388 1435 1434 1488 eat

102 1529 282 1592 venticulus
304 1531 426 1592 nonunt
448 1565 491 1574 -
513 1528 578 1591 Vel
599 1530 948 1593 demonstrativum:
972 1530 1234 1591 demonstrativum
1256 1528 1339 1598 ideo,
1362 1529 1432 1608 qnia

135 1631 273 1693 videmur
287 1631 509 1702 meliorare,
532 1628 604 1692 dum
624 1631 751 1694 dicimus
774 1633 841 1694 ‘bic
856 1637 930 1702 est',
954 1642 987 1694 ut
1001 1631 1148 1710 Vergilius
1170 1631 1249 1692 ‘hic
1270 1639 1340 1699 est,
1364 1629 1433 1691 tibi

135 1753 243 1814 quem
264 1735 438 1813 promitti
459 1735 610 1813 saepius
631 1733 764 1796 audis’.
791 1769 826 1779 -
848 1731 864 1818 ll
887 1734 1014 1795 liuius:
1037 1752 1109 1794 sane
1130 1732 1292 1794 notandum
1313 1733 1474 1810 generi-ac

134 1855 203 1897 vum
225 1854 414 1898 communem
441 1854 508 1897 esse
535 1842 597 1896 tam
624 1835 786 1897 masculino
808 1825 896 1915 quam
917 1837 1060 1898 lemiuino
1084 1834 1128 1897 vel
1150 1842 1267 1896 neutro.
1304 1833 1431 1895 dicimus

134 1940 216 1999 enim
237 1937 328 1999 buius
349 1939 405 1998 viri
427 1945 458 1998 et
476 1937 568 1998 buius
590 1936 778 2000 mulieriset
798 1938 887 2000 buius
909 1939 1032 1999 scamni.
1058 1972 1097 1983 —
1126 1935 1530 2005 Subiunctivumztttt

98 2059 123 2100 u
134 2039 358 2102 subiunctivnm
374 2038 484 2100 dictum
500 2049 612 2102 estant
632 2040 803 2110 relativum,
827 2039 906 2117 quod
921 2038 1110 2118 subiungitur
1125 2048 1175 2100 aut
1189 2039 1329 2100 reicitur.
1362 2056 1432 2100 nam

132 2145 191 2204 ista
214 2144 392 2222 pronomina
412 2141 620 2203 articularibus
639 2145 645 2223 Ι
664 2142 870 2222 praepositivis
892 2140 1026 2204 subiecta
1048 2148 1125 2202 sunt.
1159 2159 1227 2202 nam
1249 2159 1318 2204 cum
1339 2138 1431 2202 verbo

134 2254 225 2306 tentis
243 2246 461 2322 iuterrogauuvs
483 2243 550 2305 ‘bie
570 2251 614 2305 est
635 2245 824 2322 magisteri’,
848 2243 1013 2325 respondes
1032 2245 1069 2304 is.
1093 2262 1161 2306 uam
1189 2244 1214 2304 si
1240 2241 1289 2304 bic
1308 2242 1430 2319 dixeris,

133 2347 275 2407 vitiosum
291 2352 346 2407 est
371 2379 406 2390 -
432 2345 535 2408 Eius:
558 2346 721 2407 notandum
738 2345 816 2425 quod
832 2348 985 2425 genetivus
1000 2345 1137 2408 omnibus
1153 2344 1248 2408 tribus
1269 2343 1432 2424 generibus

134 2448 303 2508 communis
317 2454 371 2509 est
396 2481 431 2491 -
455 2451 481 2510 a
501 2467 571 2528 quo
591 2447 647 2509 vel
669 2467 686 2510 a
707 2449 782 2527 qui:
806 2447 948 2510 ablativus
963 2446 1122 2528 singularis
1137 2446 1246 2528 duplex
1262 2455 1323 2518 est,
1347 2448 1457 2509 curma

94 2569 121 2610 aa
135 2549 206 2611 talis
227 2556 274 2610 est
291 2547 409 2628 regula,
439 2567 497 2627 qua
518 2559 548 2611 et
568 2549 726 2613 ablativum
748 2548 892 2630 pluralem
913 2547 1061 2630 duplicem
1081 2569 1097 2611 a
1118 2551 1185 2631 quis
1207 2549 1252 2611 vel
1274 2568 1291 2611 a
1312 2548 1431 2629 quibus,

132 2653 214 2714 sicut
233 2671 250 2713 a
272 2649 360 2714 docto
381 2650 491 2720 doetis;
512 2652 550 2714 ab
571 2653 702 2732 eoquod
718 2662 765 2714 est
783 2654 867 2731 aqui
886 2653 956 2713 lacit
970 2670 986 2711 a
1002 2651 1125 2732 quibus,
1148 2653 1255 2714 sicula
1270 2650 1363 2713 nobili
1377 2669 1431 2713 no·

133 2753 255 2815 bilibus
274 2788 309 2798 -
335 2753 439 2825 Quis:
463 2756 662 2817 nominativus
683 2754 793 2833 duplex
808 2764 853 2815 est
874 2755 929 2816 iste
952 2753 1120 2833 singularis.
1151 2753 1278 2816 dicimus
1300 2753 1379 2815 enim
1402 2761 1432 2814 ot

133 2856 240 2936 ‘quis'
264 2863 294 2918 et
314 2855 382 2935 ‘qui
404 2858 477 2917 est’.
521 2857 574 2917 sed
598 2858 650 2937 qui
671 2857 839 2918 communis
860 2857 979 2917 numeri
1001 2863 1062 2925 est,
1089 2857 1157 2936 quis
1183 2856 1350 2918 communis
1370 2843 1437 2917 uou'

134 2965 189 3020 est
234 2975 313 3038 quae
339 2959 507 3019 communis
532 2959 652 3021 numeri
678 2965 739 3028 est,
769 2966 803 3019 ut
828 2976 905 3038 quae
931 2957 1039 3021 mulier
1066 2967 1097 3020 et
1117 2977 1192 3038 quae
1214 2956 1362 3019 mulieres.
1389 2965 1474 3016 -1tt

94 3080 121 3120 ὅ
135 3058 231 3121 item
253 3061 487 3139 possessiva:
511 3062 678 3140 possessiva
700 3059 794 3130 dicta,
818 3061 886 3140 quia
908 3060 1060 3140 possident
1080 3078 1204 3129 nomem
1238 3060 1319 3120 ilnitu
1341 3058 1429 3129 dictu,

134 3163 205 3240 quia
226 3163 413 3240 personativa
435 3171 514 3223 sunt.
545 3160 654 3223 borum
676 3163 888 3242 pronominum
904 3169 1042 3241 quattuor
1063 3160 1156 3222 latera
1179 3168 1260 3222 sunt:
1284 3167 1335 3221 aut
1348 3167 1427 3221 utra·

134 3281 193 3341 que
212 3265 218 3337 Ι
237 3262 376 3343 pluralia,
399 3272 433 3324 ut
453 3265 563 3332 nostri:
586 3272 638 3324 aut
659 3271 786 3344 utraque
809 3262 979 3341 singularia,
1003 3271 1037 3324 ut
1058 3280 1156 3331 meus;
1180 3270 1230 3323 aut
1251 3263 1429 3324 intrinsecus

132 3363 249 3444 plurale
272 3373 301 3426 et
323 3367 509 3428 extrinsecus
530 3365 692 3444 singulare,
711 3374 743 3427 ut
757 3374 869 3434 vestev;
892 3372 945 3426 aut
967 3365 1147 3426 intrinsecus
1168 3363 1317 3441 singulare
1333 3373 1363 3426 et
1378 3383 1428 3426 ex·

134 3468 286 3527 trinsecus
312 3465 442 3546 plurale,
471 3477 504 3530 ut
529 3469 599 3531 mei.
648 3466 714 3548 [aut
735 3486 771 3528 ex
801 3474 926 3546 utraque
953 3472 1037 3545 parte
1059 3467 1236 3545 possessiva,
1260 3465 1298 3527 ad
1320 3466 1429 3546 aliquid

94 3589 122 3629 aa
135 3587 168 3629 se
184 3566 340 3657 babentia
357 3567 482 3650 plurale,
499 3577 535 3651 ut¹
545 3571 657 3638 nostri,
673 3573 838 3644 ambulare.
854 3577 886 3629 ut
900 3586 984 3628 meus
998 3566 1119 3649 codex]
1136 3602 1174 3612 -
1191 3567 1272 3630 luter
1294 3575 1430 3630 nostrum

136 3678 167 3730 et
188 3677 361 3733 noauovom
382 3671 439 3732 boc
461 3673 599 3733 interest:
624 3680 757 3733 nostrum
781 3671 818 3732 de
841 3669 927 3732 nobis
948 3671 1036 3751 ipsis,
1059 3680 1231 3733 nostrorum
1246 3669 1284 3731 de
1302 3669 1429 3733 bomini·

135 3771 194 3833 bus
214 3774 334 3834 nostris.
378 3775 421 3835 sic
444 3782 473 3833 et
495 3781 626 3837 vestrum
650 3780 679 3835 et
701 3781 877 3836 vestrorum.

208 4011 269 4063 Cod.
289 4010 369 4062 Ber-vr.
392 4012 412 4060 ll
429 4010 532 4064 3-4*.
603 4013 616 4064 1
646 4028 696 4064 oon
729 4016 755 4062 in
785 4013 853 4077 ipsut
882 4012 1010 4077 quomodo
1036 4012 1093 4061 illut
1120 4019 1144 4060 et
1171 4012 1232 4063 istut
1256 4027 1324 4066 cerr.
1353 4011 1430 4078 ipsud

133 4104 169 4117 —
189 4080 301 4130 illud-
318 4080 386 4132 istud
439 4082 537 4133 ‘lsieut
588 4079 676 4148 perd]
700 4083 789 4149 perdat
841 4081 923 4133 diter
941 4082 1102 4133 articularem
1119 4082 1227 4133 articula
1241 4083 1299 4135 ideo
1313 4083 1431 4134 dicuutur

133 4150 199 4215 quia
216 4150 322 4200 articulo
342 4151 419 4201 buius
436 4152 593 4216 pronominis
607 4153 803 4218 pronominibus
818 4153 1007 4218 coniunguntur
1077 4153 1092 4202 7
1111 4150 1178 4202 dieat
1195 4151 1237 4201 bio
1255 4152 1297 4203 bie
1315 4150 1363 4202 boc

132 4222 313 4272 &articularis
331 4222 542 4288 praepositioni
558 4223 663 4284 videtvr,
681 4237 750 4276 corr.
763 4223 839 4272 -tium
910 4223 943 4274 10
960 4221 1173 4272 demonstratiuae
1191 4222 1249 4273 ideo
1320 4223 1353 4274 la
1372 4237 1430 4288 pro-

132 4291 216 4341 mittis
286 4292 523 4356 genetiunmomne
541 4308 598 4342 essa
616 4308 632 4341 a
650 4292 789 4342 masculino
807 4307 882 4355 qoam
900 4307 915 4341 a
932 4292 1054 4342 feminino
1126 4291 1157 4340 la
1169 4292 1331 4360 subiungitur
1350 4301 1374 4342 et
1392 4308 1431 4343 re·

133 4361 222 4410 iertur
295 4363 326 4412 li
345 4357 379 4425 ia]
395 4361 436 4412 bia
485 4363 578 4412 dixerit
649 4361 682 4415 19
700 4359 853 4429 eommunis]
873 4361 956 4412 omnia
1025 4360 1057 4411 21
1078 4359 1110 4411 ab
1127 4358 1167 4427 eo]
1186 4360 1269 4412 babeo
1339 4363 1372 4414 27
1388 4370 1431 4411 aot

131 4431 297 4480 extrinsecus
320 4428 401 4493 (corr.
425 4431 588 4494 intrinsecus)
609 4432 741 4499 singulare
765 4443 808 4483 aut
834 4445 859 4482 et
883 4435 1043 4483 extrinsecos
1067 4430 1165 4496 plurale
1182 4440 1211 4481 nt
1228 4434 1278 4484 mei
1347 4432 1381 4485 29
1398 4431 1430 4482 ad

129 4499 228 4563 aliquit
244 4515 273 4550 se
291 4500 392 4550 abeutla
462 4501 497 4552 30
515 4502 645 4569 singulare
660 4518 708 4557 om.
780 4503 812 4555 31
831 4512 946 4553 nostrum
963 4500 996 4555 de
1010 4499 1155 4552 bominibus

205 4707 223 4755 2
244 4705 385 4773 Vergilius]
407 4708 471 4758 Aen.
491 4709 499 4756 1
518 4708 570 4759 486
587 4717 664 4774 utque
681 4710 765 4774 ipsum
780 4723 872 4776 eorpus
891 4709 964 4759 amici
1037 4709 1067 4761 11
1085 4706 1224 4775 Vergilius]
1243 4707 1307 4758 Aen.
1327 4705 1360 4757 Vl
1380 4705 1430 4759 itt

209 4777 244 4827 la
260 4778 400 4843 genuinum
419 4792 579 4828 communem
597 4793 654 4828 esse
672 4788 723 4829 tam
741 4779 881 4829 masculino
899 4794 973 4842 quam
989 4777 1110 4829 lemioino
1128 4780 1260 4830 Putacbiua
1313 4779 1345 4830 ll)
1362 4793 1431 4829 com·

132 4848 225 4897 monia
242 4854 282 4895 est
299 4846 421 4912 Hupearue
487 4848 602 4911 [ortam
620 4848 693 4898 cuins
709 4849 770 4899 talia
785 4859 824 4900 est
842 4851 945 4916 regula,
963 4862 1026 4914 quoe
1043 4859 1068 4900 et
1085 4849 1222 4899 ablativum
1241 4848 1364 4915 pluralem
1382 4850 1430 4901 du-

131 4919 233 4987 plicem
251 4915 352 4983 facita
371 4918 428 4983 qnia
446 4917 485 4967 vel
503 4932 518 4968 a
536 4919 638 4983 quibus.
667 4919 699 4970 ab
716 4935 747 4971 eo
766 4919 833 4986 quod
852 4928 891 4970 eat
907 4935 923 4969 a
941 4935 991 4983 quo
1009 4919 1155 4984 laeitquia,
1172 4920 1270 4969 cicuta
1287 4919 1362 4970 docto
1381 4927 1429 4975 ete.
