<?xml version="1.0" encoding="UTF-8"?>
<!DOCTYPE html PUBLIC "-//W3C//DTD XHTML 1.0 Transitional//EN"
    "http://www.w3.org/TR/xhtml1/DTD/xhtml1-transitional.dtd">
<html xmlns="http://www.w3.org/1999/xhtml" xml:lang="en" lang="en">
 <head>
  <title>
</title>
<meta http-equiv="Content-Type" content="text/html;charset=utf-8" />
  <meta name='ocr-system' content='tesseract 3.04.00' />
  <meta name='ocr-capabilities' content='ocr_page ocr_carea ocr_par ocr_line ocrx_word'/>
</head>
<body>
  <div class='ocr_page' id='page_1' title='image "./grammaticilatin03keilgoog_0397.png"; bbox 0 0 3346 5498; ppageno 0'>
   <div class='ocr_carea' id='block_1_1' title="bbox 130 363 870 431">
    <p class='ocr_par' dir='ltr' id='par_1_1' title="bbox 130 363 870 431">
     <span class='ocr_line' id='line_1_1' title="bbox 130 363 870 431; baseline -0.004 -2"><span class='ocrx_word' id='word_1_1' title='bbox 130 363 193 429; x_wconf 80' lang='lat'>374</span> <span class='ocrx_word' id='word_1_2' title='bbox 484 388 488 397; x_wconf 92' lang='lat'>·</span> <span class='ocrx_word' id='word_1_3' title='bbox 669 365 870 431; x_wconf 86' lang='lat' dir='ltr'>CONSENTll</span> 
     </span>
    </p>
   </div>
   <div class='ocr_carea' id='block_1_2' title="bbox 155 474 1420 632">
    <p class='ocr_par' dir='ltr' id='par_1_2' title="bbox 155 474 1420 632">
     <span class='ocr_line' id='line_1_2' title="bbox 172 474 323 517; baseline 0.007 -4"><span class='ocrx_word' id='word_1_4' title='bbox 172 477 285 517; x_wconf 66' lang='lat' dir='ltr'>eosne</span> <span class='ocrx_word' id='word_1_5' title='bbox 301 474 323 514; x_wconf 86' lang='lat' dir='ltr'>r.</span> 
     </span>
     <span class='ocr_line' id='line_1_3' title="bbox 155 488 1420 632; baseline -0.002 -16"><span class='ocrx_word' id='word_1_6' title='bbox 155 488 169 529; x_wconf 65' lang='lat' dir='ltr'>p</span> <span class='ocrx_word' id='word_1_7' title='bbox 214 554 344 625; x_wconf 76' lang='lat' dir='ltr'>Qualitas</span> <span class='ocrx_word' id='word_1_8' title='bbox 372 554 530 615; x_wconf 86' lang='lat' dir='ltr'>verborum</span> <span class='ocrx_word' id='word_1_9' title='bbox 558 562 608 615; x_wconf 91' lang='lat' dir='ltr'>aut</span> <span class='ocrx_word' id='word_1_10' title='bbox 639 556 721 615; x_wconf 81' lang='lat' dir='ltr'>imita</span> <span class='ocrx_word' id='word_1_11' title='bbox 751 562 797 615; x_wconf 91' lang='lat' dir='ltr'>est</span> <span class='ocrx_word' id='word_1_12' title='bbox 824 562 874 615; x_wconf 92' lang='lat' dir='ltr'>aut</span> <span class='ocrx_word' id='word_1_13' title='bbox 896 554 1020 615; x_wconf 88' lang='lat' dir='ltr'>iulinita.</span> <span class='ocrx_word' id='word_1_14' title='bbox 1065 555 1146 613; x_wconf 88' lang='lat' dir='ltr'>linita</span> <span class='ocrx_word' id='word_1_15' title='bbox 1169 561 1215 613; x_wconf 89' lang='lat' dir='ltr'>est</span> <span class='ocrx_word' id='word_1_16' title='bbox 1237 572 1311 632; x_wconf 89' lang='lat' dir='ltr'>quae</span> <span class='ocrx_word' id='word_1_17' title='bbox 1334 561 1420 614; x_wconf 92' lang='lat' dir='ltr'>notat</span> 
     </span>
    </p>
   </div>
   <div class='ocr_carea' id='block_1_3' title="bbox 91 655 1460 4103">
    <p class='ocr_par' dir='ltr' id='par_1_3' title="bbox 91 655 1460 4103">
     <span class='ocr_line' id='line_1_4' title="bbox 130 655 1417 735; baseline 0 -20"><span class='ocrx_word' id='word_1_18' title='bbox 130 665 241 717; x_wconf 90' lang='lat' dir='ltr'>certam</span> <span class='ocrx_word' id='word_1_19' title='bbox 264 676 435 735; x_wconf 81' lang='lat' dir='ltr'>personam,</span> <span class='ocrx_word' id='word_1_20' title='bbox 459 665 573 717; x_wconf 88' lang='lat' dir='ltr'>certum</span> <span class='ocrx_word' id='word_1_21' title='bbox 595 676 767 725; x_wconf 87' lang='lat' dir='ltr'>numerum,</span> <span class='ocrx_word' id='word_1_22' title='bbox 792 665 905 717; x_wconf 90' lang='lat' dir='ltr'>certum</span> <span class='ocrx_word' id='word_1_23' title='bbox 928 663 1059 734; x_wconf 86' lang='lat' dir='ltr'>tempus,</span> <span class='ocrx_word' id='word_1_24' title='bbox 1084 664 1116 715; x_wconf 91' lang='lat' dir='ltr'>ut</span> <span class='ocrx_word' id='word_1_25' title='bbox 1136 655 1202 732; x_wconf 80' lang='lat' dir='ltr'>lego</span> <span class='ocrx_word' id='word_1_26' title='bbox 1225 655 1335 716; x_wconf 86' lang='lat' dir='ltr'>scribo.</span> <span class='ocrx_word' id='word_1_27' title='bbox 1370 658 1417 715; x_wconf 92' lang='lat' dir='ltr'>iu·</span> 
     </span>
     <span class='ocr_line' id='line_1_5' title="bbox 129 757 1419 838; baseline -0.002 -19"><span class='ocrx_word' id='word_1_28' title='bbox 129 761 211 819; x_wconf 80' lang='lat' dir='ltr'>imita</span> <span class='ocrx_word' id='word_1_29' title='bbox 235 766 282 819; x_wconf 88' lang='lat' dir='ltr'>est</span> <span class='ocrx_word' id='word_1_30' title='bbox 303 761 334 818; x_wconf 92' lang='lat' dir='ltr'>in</span> <span class='ocrx_word' id='word_1_31' title='bbox 356 778 414 838; x_wconf 87' lang='lat' dir='ltr'>qua</span> <span class='ocrx_word' id='word_1_32' title='bbox 436 759 509 820; x_wconf 92' lang='lat' dir='ltr'>haec</span> <span class='ocrx_word' id='word_1_33' title='bbox 532 761 669 819; x_wconf 83' lang='lat' dir='ltr'>universa</span> <span class='ocrx_word' id='word_1_34' title='bbox 698 760 819 819; x_wconf 90' lang='lat' dir='ltr'>eoulusa</span> <span class='ocrx_word' id='word_1_35' title='bbox 847 766 929 828; x_wconf 91' lang='lat' dir='ltr'>suut,</span> <span class='ocrx_word' id='word_1_36' title='bbox 953 766 987 818; x_wconf 92' lang='lat' dir='ltr'>ut</span> <span class='ocrx_word' id='word_1_37' title='bbox 1007 757 1116 835; x_wconf 84' lang='lat' dir='ltr'>legero.</span> <span class='ocrx_word' id='word_1_38' title='bbox 1161 758 1259 834; x_wconf 84' lang='lat' dir='ltr'>legere</span> <span class='ocrx_word' id='word_1_39' title='bbox 1283 759 1364 817; x_wconf 91' lang='lat' dir='ltr'>enim</span> <span class='ocrx_word' id='word_1_40' title='bbox 1388 765 1419 816; x_wconf 87' lang='lat' dir='ltr'>et</span> 
     </span>
     <span class='ocr_line' id='line_1_6' title="bbox 130 859 1418 941; baseline -0.001 -21"><span class='ocrx_word' id='word_1_41' title='bbox 130 878 184 939; x_wconf 85' lang='lat' dir='ltr'>ego</span> <span class='ocrx_word' id='word_1_42' title='bbox 213 869 242 921; x_wconf 94' lang='lat' dir='ltr'>et</span> <span class='ocrx_word' id='word_1_43' title='bbox 271 870 302 921; x_wconf 88' lang='lat' dir='ltr'>tu</span> <span class='ocrx_word' id='word_1_44' title='bbox 331 870 361 921; x_wconf 91' lang='lat' dir='ltr'>et</span> <span class='ocrx_word' id='word_1_45' title='bbox 389 861 438 921; x_wconf 91' lang='lat' dir='ltr'>illc</span> <span class='ocrx_word' id='word_1_46' title='bbox 466 869 580 941; x_wconf 87' lang='lat' dir='ltr'>potest;</span> <span class='ocrx_word' id='word_1_47' title='bbox 608 864 680 921; x_wconf 89' lang='lat' dir='ltr'>item</span> <span class='ocrx_word' id='word_1_48' title='bbox 707 861 806 938; x_wconf 83' lang='lat' dir='ltr'>legere</span> <span class='ocrx_word' id='word_1_49' title='bbox 835 868 865 921; x_wconf 92' lang='lat' dir='ltr'>et</span> <span class='ocrx_word' id='word_1_50' title='bbox 894 879 968 921; x_wconf 90' lang='lat' dir='ltr'>uuus</span> <span class='ocrx_word' id='word_1_51' title='bbox 991 868 1021 920; x_wconf 89' lang='lat' dir='ltr'>et</span> <span class='ocrx_word' id='word_1_52' title='bbox 1042 859 1142 939; x_wconf 85' lang='lat' dir='ltr'>plures</span> <span class='ocrx_word' id='word_1_53' title='bbox 1165 859 1320 929; x_wconf 87' lang='lat' dir='ltr'>dicuntur;</span> <span class='ocrx_word' id='word_1_54' title='bbox 1344 861 1418 919; x_wconf 90' lang='lat' dir='ltr'>item</span> 
     </span>
     <span class='ocr_line' id='line_1_7' title="bbox 130 962 1447 1042; baseline -0.002 -20"><span class='ocrx_word' id='word_1_55' title='bbox 130 962 228 1040; x_wconf 84' lang='lat' dir='ltr'>legere</span> <span class='ocrx_word' id='word_1_56' title='bbox 257 972 287 1024; x_wconf 91' lang='lat' dir='ltr'>et</span> <span class='ocrx_word' id='word_1_57' title='bbox 315 964 401 1024; x_wconf 89' lang='lat' dir='ltr'>bodie</span> <span class='ocrx_word' id='word_1_58' title='bbox 430 983 565 1042; x_wconf 88' lang='lat' dir='ltr'>possum,</span> <span class='ocrx_word' id='word_1_59' title='bbox 597 971 627 1023; x_wconf 91' lang='lat' dir='ltr'>et</span> <span class='ocrx_word' id='word_1_60' title='bbox 655 963 720 1023; x_wconf 90' lang='lat' dir='ltr'>heri</span> <span class='ocrx_word' id='word_1_61' title='bbox 749 965 846 1042; x_wconf 91' lang='lat' dir='ltr'>potui,</span> <span class='ocrx_word' id='word_1_62' title='bbox 876 971 906 1022; x_wconf 91' lang='lat' dir='ltr'>et</span> <span class='ocrx_word' id='word_1_63' title='bbox 935 981 1000 1022; x_wconf 90' lang='lat' dir='ltr'>cras</span> <span class='ocrx_word' id='word_1_64' title='bbox 1027 969 1141 1041; x_wconf 88' lang='lat' dir='ltr'>potero.</span> <span class='ocrx_word' id='word_1_65' title='bbox 1183 964 1321 1040; x_wconf 92' lang='lat' dir='ltr'>quoniam</span> <span class='ocrx_word' id='word_1_66' title='bbox 1344 977 1447 1039; x_wconf 75' lang='lat' dir='ltr'>ergon</span> 
     </span>
     <span class='ocr_line' id='line_1_8' title="bbox 130 1063 1419 1146; baseline -0.005 -18"><span class='ocrx_word' id='word_1_67' title='bbox 130 1064 202 1128; x_wconf 80' lang='lat' dir='ltr'>haee</span> <span class='ocrx_word' id='word_1_68' title='bbox 226 1085 321 1146; x_wconf 89' lang='lat' dir='ltr'>neque</span> <span class='ocrx_word' id='word_1_69' title='bbox 346 1085 504 1144; x_wconf 80' lang='lat' dir='ltr'>personam</span> <span class='ocrx_word' id='word_1_70' title='bbox 527 1084 622 1145; x_wconf 86' lang='lat' dir='ltr'>neque</span> <span class='ocrx_word' id='word_1_71' title='bbox 644 1082 801 1126; x_wconf 88' lang='lat' dir='ltr'>numerum</span> <span class='ocrx_word' id='word_1_72' title='bbox 824 1083 920 1144; x_wconf 87' lang='lat' dir='ltr'>neque</span> <span class='ocrx_word' id='word_1_73' title='bbox 943 1072 1060 1143; x_wconf 89' lang='lat' dir='ltr'>tempus</span> <span class='ocrx_word' id='word_1_74' title='bbox 1083 1072 1197 1124; x_wconf 89' lang='lat' dir='ltr'>certum</span> <span class='ocrx_word' id='word_1_75' title='bbox 1219 1063 1365 1123; x_wconf 87' lang='lat' dir='ltr'>desmiuut</span> <span class='ocrx_word' id='word_1_76' title='bbox 1388 1071 1419 1122; x_wconf 92' lang='lat' dir='ltr'>et</span> 
     </span>
     <span class='ocr_line' id='line_1_9' title="bbox 129 1165 1419 1246; baseline -0.001 -21"><span class='ocrx_word' id='word_1_77' title='bbox 129 1165 240 1246; x_wconf 90' lang='lat' dir='ltr'>ubique</span> <span class='ocrx_word' id='word_1_78' title='bbox 262 1174 367 1228; x_wconf 89' lang='lat' dir='ltr'>natura</span> <span class='ocrx_word' id='word_1_79' title='bbox 391 1167 520 1246; x_wconf 77' lang='lat' dir='ltr'>simplici</span> <span class='ocrx_word' id='word_1_80' title='bbox 543 1167 648 1227; x_wconf 88' lang='lat' dir='ltr'>eodem</span> <span class='ocrx_word' id='word_1_81' title='bbox 669 1167 756 1227; x_wconf 91' lang='lat' dir='ltr'>modo</span> <span class='ocrx_word' id='word_1_82' title='bbox 779 1167 973 1245; x_wconf 89' lang='lat' dir='ltr'>respondent,</span> <span class='ocrx_word' id='word_1_83' title='bbox 998 1168 1112 1227; x_wconf 81' lang='lat' dir='ltr'>infinita</span> <span class='ocrx_word' id='word_1_84' title='bbox 1136 1166 1285 1226; x_wconf 90' lang='lat' dir='ltr'>dicuntur.</span> <span class='ocrx_word' id='word_1_85' title='bbox 1322 1167 1419 1242; x_wconf 82' lang='lat' dir='ltr'>igitur</span> 
     </span>
     <span class='ocr_line' id='line_1_10' title="bbox 128 1266 1417 1350; baseline -0.002 -22"><span class='ocrx_word' id='word_1_86' title='bbox 128 1271 224 1347; x_wconf 86' lang='lat' dir='ltr'>prima</span> <span class='ocrx_word' id='word_1_87' title='bbox 247 1272 305 1329; x_wconf 88' lang='lat' dir='ltr'>erit</span> <span class='ocrx_word' id='word_1_88' title='bbox 326 1270 543 1331; x_wconf 88' lang='lat' dir='ltr'>animadversio</span> <span class='ocrx_word' id='word_1_89' title='bbox 565 1269 732 1350; x_wconf 83' lang='lat' dir='ltr'>qualitatis,</span> <span class='ocrx_word' id='word_1_90' title='bbox 745 1276 789 1328; x_wconf 74' lang='lat' dir='ltr'>‘ut</span> <span class='ocrx_word' id='word_1_91' title='bbox 811 1266 901 1328; x_wconf 85' lang='lat' dir='ltr'>rerba</span> <span class='ocrx_word' id='word_1_92' title='bbox 923 1269 1007 1329; x_wconf 86' lang='lat' dir='ltr'>finita</span> <span class='ocrx_word' id='word_1_93' title='bbox 1026 1271 1087 1327; x_wconf 91' lang='lat' dir='ltr'>siut</span> <span class='ocrx_word' id='word_1_94' title='bbox 1109 1287 1146 1328; x_wconf 92' lang='lat' dir='ltr'>an</span> <span class='ocrx_word' id='word_1_95' title='bbox 1173 1270 1287 1328; x_wconf 78' lang='lat' dir='ltr'>inimita</span> <span class='ocrx_word' id='word_1_96' title='bbox 1310 1286 1417 1328; x_wconf 87' lang='lat' dir='ltr'>nosca-</span> 
     </span>
     <span class='ocr_line' id='line_1_11' title="bbox 128 1370 1417 1450; baseline -0.002 -20"><span class='ocrx_word' id='word_1_97' title='bbox 128 1389 203 1431; x_wconf 91' lang='lat' dir='ltr'>mus.</span> <span class='ocrx_word' id='word_1_98' title='bbox 248 1390 284 1431; x_wconf 82' lang='lat' dir='ltr'>er</span> <span class='ocrx_word' id='word_1_99' title='bbox 307 1390 365 1450; x_wconf 91' lang='lat' dir='ltr'>quo</span> <span class='ocrx_word' id='word_1_100' title='bbox 389 1373 526 1450; x_wconf 88' lang='lat' dir='ltr'>seqnitur</span> <span class='ocrx_word' id='word_1_101' title='bbox 548 1371 605 1432; x_wconf 92' lang='lat' dir='ltr'>alia</span> <span class='ocrx_word' id='word_1_102' title='bbox 627 1370 859 1438; x_wconf 86' lang='lat' dir='ltr'>animadversio,</span> <span class='ocrx_word' id='word_1_103' title='bbox 883 1377 915 1429; x_wconf 95' lang='lat' dir='ltr'>ut</span> <span class='ocrx_word' id='word_1_104' title='bbox 937 1389 971 1430; x_wconf 92' lang='lat' dir='ltr'>ea</span> <span class='ocrx_word' id='word_1_105' title='bbox 994 1389 1110 1450; x_wconf 87' lang='lat' dir='ltr'>quoque</span> <span class='ocrx_word' id='word_1_106' title='bbox 1132 1388 1206 1450; x_wconf 83' lang='lat' dir='ltr'>quae</span> <span class='ocrx_word' id='word_1_107' title='bbox 1229 1370 1312 1430; x_wconf 88' lang='lat' dir='ltr'>finita</span> <span class='ocrx_word' id='word_1_108' title='bbox 1335 1375 1417 1436; x_wconf 88' lang='lat' dir='ltr'>sunt,</span> 
     </span>
     <span class='ocr_line' id='line_1_12' title="bbox 127 1473 1460 1553; baseline -0.002 -20"><span class='ocrx_word' id='word_1_109' title='bbox 127 1474 267 1552; x_wconf 87' lang='lat' dir='ltr'>quoniam</span> <span class='ocrx_word' id='word_1_110' title='bbox 295 1474 416 1551; x_wconf 83' lang='lat' dir='ltr'>quidem</span> <span class='ocrx_word' id='word_1_111' title='bbox 444 1492 497 1553; x_wconf 90' lang='lat' dir='ltr'>per</span> <span class='ocrx_word' id='word_1_112' title='bbox 525 1473 626 1551; x_wconf 89' lang='lat' dir='ltr'>plures</span> <span class='ocrx_word' id='word_1_113' title='bbox 653 1473 756 1533; x_wconf 89' lang='lat' dir='ltr'>modos</span> <span class='ocrx_word' id='word_1_114' title='bbox 784 1480 869 1540; x_wconf 91' lang='lat' dir='ltr'>eunt,</span> <span class='ocrx_word' id='word_1_115' title='bbox 905 1480 1028 1532; x_wconf 89' lang='lat' dir='ltr'>eatenus</span> <span class='ocrx_word' id='word_1_116' title='bbox 1056 1473 1264 1551; x_wconf 82' lang='lat' dir='ltr'>inspiciamus,</span> <span class='ocrx_word' id='word_1_117' title='bbox 1294 1479 1327 1532; x_wconf 92' lang='lat' dir='ltr'>ut</span> <span class='ocrx_word' id='word_1_118' title='bbox 1355 1490 1416 1532; x_wconf 92' lang='lat' dir='ltr'>non</span> <span class='ocrx_word' id='word_1_119' title='bbox 1435 1488 1460 1525; x_wconf 83' lang='grc' dir='ltr'>ιο</span> 
     </span>
     <span class='ocr_line' id='line_1_13' title="bbox 128 1574 1416 1653; baseline -0.001 -19"><span class='ocrx_word' id='word_1_120' title='bbox 128 1575 222 1635; x_wconf 92' lang='lat' dir='ltr'>solum</span> <span class='ocrx_word' id='word_1_121' title='bbox 246 1577 328 1635; x_wconf 83' lang='lat' dir='ltr'>imita</span> <span class='ocrx_word' id='word_1_122' title='bbox 352 1594 431 1643; x_wconf 88' lang='lat' dir='ltr'>csse,</span> <span class='ocrx_word' id='word_1_123' title='bbox 455 1575 508 1635; x_wconf 86' lang='lat' dir='ltr'>sed</span> <span class='ocrx_word' id='word_1_124' title='bbox 524 1575 640 1635; x_wconf 90' lang='lat' dir='ltr'>modum</span> <span class='ocrx_word' id='word_1_125' title='bbox 657 1577 688 1634; x_wconf 90' lang='lat' dir='ltr'>in</span> <span class='ocrx_word' id='word_1_126' title='bbox 704 1576 778 1653; x_wconf 90' lang='lat' dir='ltr'>ipsis</span> <span class='ocrx_word' id='word_1_127' title='bbox 793 1592 868 1652; x_wconf 90' lang='lat' dir='ltr'>quae</span> <span class='ocrx_word' id='word_1_128' title='bbox 884 1574 965 1633; x_wconf 83' lang='lat' dir='ltr'>imita</span> <span class='ocrx_word' id='word_1_129' title='bbox 989 1581 1058 1634; x_wconf 89' lang='lat' dir='ltr'>sunt</span> <span class='ocrx_word' id='word_1_130' title='bbox 1079 1576 1227 1653; x_wconf 90' lang='lat' dir='ltr'>possimus</span> <span class='ocrx_word' id='word_1_131' title='bbox 1249 1574 1416 1634; x_wconf 78' lang='lat' dir='ltr'>advertere.</span> 
     </span>
     <span class='ocr_line' id='line_1_14' title="bbox 91 1671 1417 1757; baseline 0 -21"><span class='ocrx_word' id='word_1_132' title='bbox 91 1671 93 1677; x_wconf 74' lang='grc'><strong>’</strong></span> <span class='ocrx_word' id='word_1_133' title='bbox 128 1678 231 1737; x_wconf 92' lang='lat' dir='ltr'>modus</span> <span class='ocrx_word' id='word_1_134' title='bbox 254 1683 351 1736; x_wconf 90' lang='lat' dir='ltr'>autem</span> <span class='ocrx_word' id='word_1_135' title='bbox 374 1686 419 1737; x_wconf 86' lang='lat' dir='ltr'>est</span> <span class='ocrx_word' id='word_1_136' title='bbox 434 1696 522 1757; x_wconf 81' lang='lat' dir='ltr'>qtrem</span> <span class='ocrx_word' id='word_1_137' title='bbox 539 1676 643 1737; x_wconf 88' lang='lat' dir='ltr'>Graeci</span> <span class='ocrx_word' id='word_1_138' title='bbox 667 1674 817 1753; x_wconf 79' lang='grc' dir='ltr'><em>ἔγκλισιν</em></span> <span class='ocrx_word' id='word_1_139' title='bbox 833 1676 950 1743; x_wconf 88' lang='lat' dir='ltr'>dicunt,</span> <span class='ocrx_word' id='word_1_140' title='bbox 976 1677 1130 1736; x_wconf 73' lang='lat' dir='ltr'>conversio</span> <span class='ocrx_word' id='word_1_141' title='bbox 1145 1676 1259 1736; x_wconf 87' lang='lat' dir='ltr'>seilicet</span> <span class='ocrx_word' id='word_1_142' title='bbox 1274 1684 1303 1736; x_wconf 91' lang='lat' dir='ltr'>ct</span> <span class='ocrx_word' id='word_1_143' title='bbox 1318 1685 1417 1737; x_wconf 87' lang='lat' dir='ltr'>trans·</span> 
     </span>
     <span class='ocr_line' id='line_1_15' title="bbox 129 1777 1417 1858; baseline 0.001 -20"><span class='ocrx_word' id='word_1_144' title='bbox 129 1780 264 1856; x_wconf 82' lang='lat' dir='ltr'>figuratio</span> <span class='ocrx_word' id='word_1_145' title='bbox 287 1782 352 1838; x_wconf 91' lang='lat' dir='ltr'>eius</span> <span class='ocrx_word' id='word_1_146' title='bbox 374 1778 504 1858; x_wconf 79' lang='lat' dir='ltr'>syllabae</span> <span class='ocrx_word' id='word_1_147' title='bbox 527 1798 601 1857; x_wconf 84' lang='lat' dir='ltr'>quae</span> <span class='ocrx_word' id='word_1_148' title='bbox 624 1778 727 1838; x_wconf 93' lang='lat' dir='ltr'>ultima</span> <span class='ocrx_word' id='word_1_149' title='bbox 751 1779 780 1837; x_wconf 93' lang='lat' dir='ltr'>in</span> <span class='ocrx_word' id='word_1_150' title='bbox 804 1777 895 1837; x_wconf 88' lang='lat' dir='ltr'>verbo</span> <span class='ocrx_word' id='word_1_151' title='bbox 918 1786 973 1838; x_wconf 89' lang='lat' dir='ltr'>cst.</span> <span class='ocrx_word' id='word_1_152' title='bbox 1018 1778 1065 1838; x_wconf 90' lang='lat' dir='ltr'>bis</span> <span class='ocrx_word' id='word_1_153' title='bbox 1088 1780 1193 1855; x_wconf 87' lang='lat' dir='ltr'>positis</span> <span class='ocrx_word' id='word_1_154' title='bbox 1216 1779 1417 1856; x_wconf 78' lang='lat' dir='ltr'>intellegimus</span> 
     </span>
     <span class='ocr_line' id='line_1_16' title="bbox 128 1879 1417 1959; baseline 0.002 -22"><span class='ocrx_word' id='word_1_155' title='bbox 128 1882 230 1958; x_wconf 88' lang='lat' dir='ltr'>utique</span> <span class='ocrx_word' id='word_1_156' title='bbox 254 1883 283 1939; x_wconf 91' lang='lat' dir='ltr'>iu</span> <span class='ocrx_word' id='word_1_157' title='bbox 306 1880 401 1940; x_wconf 89' lang='lat' dir='ltr'>modis</span> <span class='ocrx_word' id='word_1_158' title='bbox 425 1883 548 1959; x_wconf 91' lang='lat' dir='ltr'>positam</span> <span class='ocrx_word' id='word_1_159' title='bbox 572 1879 744 1959; x_wconf 90' lang='lat' dir='ltr'>qualitatem</span> <span class='ocrx_word' id='word_1_160' title='bbox 767 1899 832 1939; x_wconf 85' lang='lat' dir='ltr'>esse</span> <span class='ocrx_word' id='word_1_161' title='bbox 855 1879 1023 1939; x_wconf 88' lang='lat' dir='ltr'>verborum.</span> <span class='ocrx_word' id='word_1_162' title='bbox 1063 1880 1092 1940; x_wconf 91' lang='lat' dir='ltr'>bi</span> <span class='ocrx_word' id='word_1_163' title='bbox 1117 1880 1195 1939; x_wconf 91' lang='lat' dir='ltr'>modi</span> <span class='ocrx_word' id='word_1_164' title='bbox 1218 1880 1287 1939; x_wconf 91' lang='lat' dir='ltr'>licet</span> <span class='ocrx_word' id='word_1_165' title='bbox 1309 1899 1325 1940; x_wconf 90' lang='lat' dir='ltr'>a</span> <span class='ocrx_word' id='word_1_166' title='bbox 1348 1882 1417 1959; x_wconf 86' lang='lat' dir='ltr'>qui·</span> 
     </span>
     <span class='ocr_line' id='line_1_17' title="bbox 129 1980 1458 2062; baseline 0.002 -22"><span class='ocrx_word' id='word_1_167' title='bbox 129 1980 253 2041; x_wconf 88' lang='lat' dir='ltr'>busdam</span> <span class='ocrx_word' id='word_1_168' title='bbox 268 1985 349 2042; x_wconf 84' lang='lat' dir='ltr'>rarie</span> <span class='ocrx_word' id='word_1_169' title='bbox 366 1990 574 2051; x_wconf 88' lang='lat' dir='ltr'>numerentur,</span> <span class='ocrx_word' id='word_1_170' title='bbox 598 1992 706 2050; x_wconf 86' lang='lat' dir='ltr'>tamen,</span> <span class='ocrx_word' id='word_1_171' title='bbox 723 1981 810 2043; x_wconf 92' lang='lat' dir='ltr'>nobis</span> <span class='ocrx_word' id='word_1_172' title='bbox 832 1991 865 2041; x_wconf 88' lang='lat' dir='ltr'>ut</span> <span class='ocrx_word' id='word_1_173' title='bbox 887 1982 1014 2050; x_wconf 82' lang='lat' dir='ltr'>ridetur,</span> <span class='ocrx_word' id='word_1_174' title='bbox 1038 1985 1169 2062; x_wconf 77' lang='lat' dir='ltr'>quinque</span> <span class='ocrx_word' id='word_1_175' title='bbox 1193 1985 1312 2043; x_wconf 92' lang='lat' dir='ltr'>omniuo</span> <span class='ocrx_word' id='word_1_176' title='bbox 1334 1990 1415 2052; x_wconf 88' lang='lat' dir='ltr'>sunt,</span> <span class='ocrx_word' id='word_1_177' title='bbox 1432 1997 1458 2037; x_wconf 75' lang='lat'>¹5</span> 
     </span>
     <span class='ocr_line' id='line_1_18' title="bbox 129 2083 1415 2164; baseline 0.002 -23"><span class='ocrx_word' id='word_1_178' title='bbox 129 2083 316 2152; x_wconf 71' lang='lat' dir='ltr'>iudicationis,</span> <span class='ocrx_word' id='word_1_179' title='bbox 340 2088 390 2164; x_wconf 91' lang='lat' dir='ltr'>qui</span> <span class='ocrx_word' id='word_1_180' title='bbox 414 2092 443 2143; x_wconf 89' lang='lat' dir='ltr'>et</span> <span class='ocrx_word' id='word_1_181' title='bbox 465 2087 702 2163; x_wconf 86' lang='lat' dir='ltr'>pronuntiativus</span> <span class='ocrx_word' id='word_1_182' title='bbox 732 2085 857 2152; x_wconf 88' lang='lat' dir='ltr'>dicitur,</span> <span class='ocrx_word' id='word_1_183' title='bbox 886 2092 919 2143; x_wconf 92' lang='lat' dir='ltr'>ut</span> <span class='ocrx_word' id='word_1_184' title='bbox 940 2085 1021 2162; x_wconf 84' lang='lat' dir='ltr'>lego,</span> <span class='ocrx_word' id='word_1_185' title='bbox 1052 2087 1258 2163; x_wconf 82' lang='lat' dir='ltr'>imperativus,</span> <span class='ocrx_word' id='word_1_186' title='bbox 1283 2084 1415 2162; x_wconf 79' lang='lat' dir='ltr'>utlaga,</span> 
     </span>
     <span class='ocr_line' id='line_1_19' title="bbox 128 2186 1416 2264; baseline 0.002 -20"><span class='ocrx_word' id='word_1_187' title='bbox 128 2189 290 2264; x_wconf 66' lang='lat' dir='ltr'>optativus5</span> <span class='ocrx_word' id='word_1_188' title='bbox 321 2197 353 2246; x_wconf 92' lang='lat' dir='ltr'>ut</span> <span class='ocrx_word' id='word_1_189' title='bbox 382 2189 496 2246; x_wconf 90' lang='lat' dir='ltr'>utinam</span> <span class='ocrx_word' id='word_1_190' title='bbox 524 2186 669 2263; x_wconf 82' lang='lat' dir='ltr'>legerem,</span> <span class='ocrx_word' id='word_1_191' title='bbox 698 2188 917 2256; x_wconf 83' lang='lat' dir='ltr'>coniunctivus,</span> <span class='ocrx_word' id='word_1_192' title='bbox 946 2194 978 2245; x_wconf 89' lang='lat' dir='ltr'>ut</span> <span class='ocrx_word' id='word_1_193' title='bbox 1006 2205 1072 2246; x_wconf 90' lang='lat' dir='ltr'>cum</span> <span class='ocrx_word' id='word_1_194' title='bbox 1100 2187 1210 2264; x_wconf 84' lang='lat' dir='ltr'>legam,</span> <span class='ocrx_word' id='word_1_195' title='bbox 1241 2188 1416 2255; x_wconf 84' lang='lat' dir='ltr'>intinitirus,</span> 
     </span>
     <span class='ocr_line' id='line_1_20' title="bbox 127 2286 1416 2368; baseline 0.002 -23"><span class='ocrx_word' id='word_1_196' title='bbox 127 2294 160 2346; x_wconf 94' lang='lat' dir='ltr'>ut</span> <span class='ocrx_word' id='word_1_197' title='bbox 181 2286 290 2364; x_wconf 81' lang='lat' dir='ltr'>legere.</span> <span class='ocrx_word' id='word_1_198' title='bbox 335 2289 512 2349; x_wconf 83' lang='lat' dir='ltr'>indicativus</span> <span class='ocrx_word' id='word_1_199' title='bbox 536 2289 639 2349; x_wconf 90' lang='lat' dir='ltr'>modus</span> <span class='ocrx_word' id='word_1_200' title='bbox 668 2296 713 2348; x_wconf 87' lang='lat' dir='ltr'>est</span> <span class='ocrx_word' id='word_1_201' title='bbox 741 2292 825 2349; x_wconf 91' lang='lat' dir='ltr'>cuius</span> <span class='ocrx_word' id='word_1_202' title='bbox 848 2307 884 2347; x_wconf 86' lang='lat' dir='ltr'>ex</span> <span class='ocrx_word' id='word_1_203' title='bbox 905 2290 1029 2349; x_wconf 91' lang='lat' dir='ltr'>instanti</span> <span class='ocrx_word' id='word_1_204' title='bbox 1053 2298 1185 2367; x_wconf 90' lang='lat' dir='ltr'>temporo</span> <span class='ocrx_word' id='word_1_205' title='bbox 1209 2291 1322 2367; x_wconf 81' lang='lat' dir='ltr'>primae</span> <span class='ocrx_word' id='word_1_206' title='bbox 1345 2308 1416 2368; x_wconf 91' lang='lat' dir='ltr'>per·</span> 
     </span>
     <span class='ocr_line' id='line_1_21' title="bbox 127 2389 1417 2469; baseline 0.002 -22"><span class='ocrx_word' id='word_1_207' title='bbox 127 2408 215 2449; x_wconf 88' lang='lat' dir='ltr'>sonae</span> <span class='ocrx_word' id='word_1_208' title='bbox 238 2393 354 2450; x_wconf 90' lang='lat' dir='ltr'>numeri</span> <span class='ocrx_word' id='word_1_209' title='bbox 378 2390 539 2468; x_wconf 84' lang='lat' dir='ltr'>singularis</span> <span class='ocrx_word' id='word_1_210' title='bbox 561 2389 670 2450; x_wconf 89' lang='lat' dir='ltr'>litteris</span> <span class='ocrx_word' id='word_1_211' title='bbox 692 2391 804 2450; x_wconf 90' lang='lat' dir='ltr'>ultimis</span> <span class='ocrx_word' id='word_1_212' title='bbox 819 2408 929 2467; x_wconf 87' lang='lat' dir='ltr'>genera</span> <span class='ocrx_word' id='word_1_213' title='bbox 945 2391 1172 2469; x_wconf 83' lang='lat' dir='ltr'>intelleguntur,</span> <span class='ocrx_word' id='word_1_214' title='bbox 1196 2399 1228 2451; x_wconf 94' lang='lat' dir='ltr'>ut</span> <span class='ocrx_word' id='word_1_215' title='bbox 1250 2410 1304 2450; x_wconf 92' lang='lat' dir='ltr'>uro</span> <span class='ocrx_word' id='word_1_216' title='bbox 1327 2409 1417 2460; x_wconf 90' lang='lat' dir='ltr'>uror;</span> 
     </span>
     <span class='ocr_line' id='line_1_22' title="bbox 127 2477 1457 2572; baseline 0.003 -23"><span class='ocrx_word' id='word_1_217' title='bbox 127 2509 162 2551; x_wconf 85' lang='lat' dir='ltr'>ex</span> <span class='ocrx_word' id='word_1_218' title='bbox 196 2493 342 2553; x_wconf 84' lang='lat' dir='ltr'>secundae</span> <span class='ocrx_word' id='word_1_219' title='bbox 376 2511 446 2551; x_wconf 83' lang='lat' dir='ltr'>voro</span> <span class='ocrx_word' id='word_1_220' title='bbox 478 2510 623 2571; x_wconf 88' lang='lat' dir='ltr'>personae</span> <span class='ocrx_word' id='word_1_221' title='bbox 657 2477 781 2551; x_wconf 78' lang='lat' dir='ltr'>litt-oris</span> <span class='ocrx_word' id='word_1_222' title='bbox 799 2494 1022 2569; x_wconf 84' lang='lat' dir='ltr'>coniugatioues</span> <span class='ocrx_word' id='word_1_223' title='bbox 1051 2493 1245 2571; x_wconf 85' lang='lat' dir='ltr'>colliguntur,</span> <span class='ocrx_word' id='word_1_224' title='bbox 1276 2495 1353 2572; x_wconf 92' lang='lat' dir='ltr'>quod</span> <span class='ocrx_word' id='word_1_225' title='bbox 1383 2495 1457 2553; x_wconf 77' lang='lat' dir='ltr'>ineo</span> 
     </span>
     <span class='ocr_line' id='line_1_23' title="bbox 127 2593 1423 2673; baseline 0.002 -21"><span class='ocrx_word' id='word_1_226' title='bbox 127 2595 201 2671; x_wconf 90' lang='lat' dir='ltr'>ipsis</span> <span class='ocrx_word' id='word_1_227' title='bbox 223 2593 483 2671; x_wconf 87' lang='lat' dir='ltr'>coniugationibus</span> <span class='ocrx_word' id='word_1_228' title='bbox 506 2594 623 2673; x_wconf 85' lang='lat' dir='ltr'>plenius</span> <span class='ocrx_word' id='word_1_229' title='bbox 646 2594 821 2654; x_wconf 85' lang='lat' dir='ltr'>reseremus.</span> <span class='ocrx_word' id='word_1_230' title='bbox 855 2595 923 2653; x_wconf 88' lang='lat' dir='ltr'>huic</span> <span class='ocrx_word' id='word_1_231' title='bbox 946 2595 1033 2654; x_wconf 92' lang='lat' dir='ltr'>modo</span> <span class='ocrx_word' id='word_1_232' title='bbox 1054 2595 1187 2655; x_wconf 84' lang='lat' dir='ltr'>futurum</span> <span class='ocrx_word' id='word_1_233' title='bbox 1210 2604 1325 2673; x_wconf 89' lang='lat' dir='ltr'>tempus</span> <span class='ocrx_word' id='word_1_234' title='bbox 1348 2597 1423 2673; x_wconf 77' lang='lat' dir='ltr'>qui-&#39;</span> 
     </span>
     <span class='ocr_line' id='line_1_24' title="bbox 127 2694 1415 2776; baseline 0.003 -22"><span class='ocrx_word' id='word_1_235' title='bbox 127 2694 193 2755; x_wconf 90' lang='lat' dir='ltr'>dam</span> <span class='ocrx_word' id='word_1_236' title='bbox 217 2695 429 2756; x_wconf 88' lang='lat' dir='ltr'>abscidendum</span> <span class='ocrx_word' id='word_1_237' title='bbox 458 2704 563 2774; x_wconf 91' lang='lat' dir='ltr'>putant</span> <span class='ocrx_word' id='word_1_238' title='bbox 592 2703 622 2755; x_wconf 90' lang='lat' dir='ltr'>et</span> <span class='ocrx_word' id='word_1_239' title='bbox 649 2698 762 2756; x_wconf 85' lang='lat' dir='ltr'>iaciunt</span> <span class='ocrx_word' id='word_1_240' title='bbox 784 2697 902 2757; x_wconf 92' lang='lat' dir='ltr'>modum</span> <span class='ocrx_word' id='word_1_241' title='bbox 919 2715 1006 2775; x_wconf 89' lang='lat' dir='ltr'>quem</span> <span class='ocrx_word' id='word_1_242' title='bbox 1023 2696 1171 2776; x_wconf 91' lang='lat' dir='ltr'>appellant</span> <span class='ocrx_word' id='word_1_243' title='bbox 1193 2699 1415 2776; x_wconf 86' lang='lat' dir='ltr'>promissivum,</span> 
     </span>
     <span class='ocr_line' id='line_1_25' title="bbox 128 2796 1416 2878; baseline 0.003 -22"><span class='ocrx_word' id='word_1_244' title='bbox 128 2798 205 2876; x_wconf 91' lang='lat' dir='ltr'>quod</span> <span class='ocrx_word' id='word_1_245' title='bbox 228 2797 314 2875; x_wconf 87' lang='lat' dir='ltr'>louge</span> <span class='ocrx_word' id='word_1_246' title='bbox 338 2818 353 2857; x_wconf 94' lang='lat' dir='ltr'>a</span> <span class='ocrx_word' id='word_1_247' title='bbox 377 2801 491 2858; x_wconf 90' lang='lat' dir='ltr'>ratione</span> <span class='ocrx_word' id='word_1_248' title='bbox 516 2796 704 2877; x_wconf 75' lang='lat' dir='ltr'>disliuuotum</span> <span class='ocrx_word' id='word_1_249' title='bbox 729 2806 783 2857; x_wconf 89' lang='lat' dir='ltr'>est.</span> <span class='ocrx_word' id='word_1_250' title='bbox 821 2818 888 2858; x_wconf 92' lang='lat' dir='ltr'>nam</span> <span class='ocrx_word' id='word_1_251' title='bbox 910 2799 1043 2858; x_wconf 80' lang='lat' dir='ltr'>futurum</span> <span class='ocrx_word' id='word_1_252' title='bbox 1066 2806 1181 2877; x_wconf 88' lang='lat' dir='ltr'>tempus</span> <span class='ocrx_word' id='word_1_253' title='bbox 1205 2818 1240 2858; x_wconf 87' lang='lat' dir='ltr'>ex</span> <span class='ocrx_word' id='word_1_254' title='bbox 1262 2804 1416 2878; x_wconf 84' lang='lat' dir='ltr'>praesenti</span> 
     </span>
     <span class='ocr_line' id='line_1_26' title="bbox 128 2901 1417 2980; baseline 0.001 -21"><span class='ocrx_word' id='word_1_255' title='bbox 128 2908 260 2978; x_wconf 85' lang='lat' dir='ltr'>tempore</span> <span class='ocrx_word' id='word_1_256' title='bbox 290 2901 415 2960; x_wconf 90' lang='lat' dir='ltr'>lormam</span> <span class='ocrx_word' id='word_1_257' title='bbox 444 2919 562 2979; x_wconf 88' lang='lat' dir='ltr'>semper</span> <span class='ocrx_word' id='word_1_258' title='bbox 590 2903 714 2979; x_wconf 88' lang='lat' dir='ltr'>accipit,</span> <span class='ocrx_word' id='word_1_259' title='bbox 749 2918 803 2958; x_wconf 91' lang='lat' dir='ltr'>noc</span> <span class='ocrx_word' id='word_1_260' title='bbox 831 2908 928 2979; x_wconf 92' lang='lat' dir='ltr'>potest</span> <span class='ocrx_word' id='word_1_261' title='bbox 957 2901 1014 2960; x_wconf 89' lang='lat' dir='ltr'>dici</span> <span class='ocrx_word' id='word_1_262' title='bbox 1044 2908 1094 2959; x_wconf 93' lang='lat' dir='ltr'>aut</span> <span class='ocrx_word' id='word_1_263' title='bbox 1127 2919 1268 2979; x_wconf 87' lang='lat' dir='ltr'>praeseus</span> <span class='ocrx_word' id='word_1_264' title='bbox 1297 2909 1417 2980; x_wconf 90' lang='lat' dir='ltr'>tempus</span> 
     </span>
     <span class='ocr_line' id='line_1_27' title="bbox 126 3002 1457 3081; baseline 0.004 -21"><span class='ocrx_word' id='word_1_265' title='bbox 126 3002 226 3061; x_wconf 86' lang='lat' dir='ltr'>laturo</span> <span class='ocrx_word' id='word_1_266' title='bbox 260 3021 362 3062; x_wconf 89' lang='lat' dir='ltr'>carcre</span> <span class='ocrx_word' id='word_1_267' title='bbox 396 3012 446 3062; x_wconf 92' lang='lat' dir='ltr'>aut</span> <span class='ocrx_word' id='word_1_268' title='bbox 474 3005 604 3063; x_wconf 83' lang='lat' dir='ltr'>futurum</span> <span class='ocrx_word' id='word_1_269' title='bbox 628 3022 664 3062; x_wconf 86' lang='lat' dir='ltr'>ex</span> <span class='ocrx_word' id='word_1_270' title='bbox 687 3021 718 3062; x_wconf 90' lang='lat' dir='ltr'>se</span> <span class='ocrx_word' id='word_1_271' title='bbox 742 3004 825 3062; x_wconf 90' lang='lat' dir='ltr'>oriri.</span> <span class='ocrx_word' id='word_1_272' title='bbox 870 3011 1029 3081; x_wconf 90' lang='lat' dir='ltr'>propterea</span> <span class='ocrx_word' id='word_1_273' title='bbox 1057 3005 1243 3080; x_wconf 88' lang='lat' dir='ltr'>pronuntiari</span> <span class='ocrx_word' id='word_1_274' title='bbox 1267 3003 1311 3063; x_wconf 84' lang='lat' dir='ltr'>rel</span> <span class='ocrx_word' id='word_1_275' title='bbox 1334 3004 1457 3065; x_wconf 72' lang='lat' dir='ltr'>iudi-25</span> 
     </span>
     <span class='ocr_line' id='line_1_28' title="bbox 126 3103 1415 3184; baseline 0.003 -22"><span class='ocrx_word' id='word_1_276' title='bbox 126 3106 188 3163; x_wconf 91' lang='lat' dir='ltr'>cari</span> <span class='ocrx_word' id='word_1_277' title='bbox 211 3107 301 3165; x_wconf 90' lang='lat' dir='ltr'>etiam</span> <span class='ocrx_word' id='word_1_278' title='bbox 331 3107 361 3163; x_wconf 92' lang='lat' dir='ltr'>iu</span> <span class='ocrx_word' id='word_1_279' title='bbox 391 3105 521 3165; x_wconf 91' lang='lat' dir='ltr'>luturum</span> <span class='ocrx_word' id='word_1_280' title='bbox 544 3113 624 3164; x_wconf 88' lang='lat' dir='ltr'>recte</span> <span class='ocrx_word' id='word_1_281' title='bbox 648 3105 789 3173; x_wconf 74' lang='lat' dir='ltr'>elicimus,</span> <span class='ocrx_word' id='word_1_282' title='bbox 814 3113 925 3164; x_wconf 90' lang='lat' dir='ltr'>ettam</span> <span class='ocrx_word' id='word_1_283' title='bbox 949 3103 1024 3164; x_wconf 90' lang='lat' dir='ltr'>bona</span> <span class='ocrx_word' id='word_1_284' title='bbox 1047 3123 1134 3182; x_wconf 92' lang='lat' dir='ltr'>quam</span> <span class='ocrx_word' id='word_1_285' title='bbox 1157 3105 1241 3164; x_wconf 90' lang='lat' dir='ltr'>mala.</span> <span class='ocrx_word' id='word_1_286' title='bbox 1286 3108 1415 3184; x_wconf 87' lang='lat' dir='ltr'>promis·</span> 
     </span>
     <span class='ocr_line' id='line_1_29' title="bbox 125 3206 1415 3288; baseline 0.003 -24"><span class='ocrx_word' id='word_1_287' title='bbox 125 3207 206 3265; x_wconf 82' lang='lat' dir='ltr'>sirus</span> <span class='ocrx_word' id='word_1_288' title='bbox 229 3215 327 3265; x_wconf 89' lang='lat' dir='ltr'>autem</span> <span class='ocrx_word' id='word_1_289' title='bbox 350 3207 469 3275; x_wconf 91' lang='lat' dir='ltr'>modus,</span> <span class='ocrx_word' id='word_1_290' title='bbox 494 3226 580 3285; x_wconf 80' lang='lat' dir='ltr'>qunu</span> <span class='ocrx_word' id='word_1_291' title='bbox 603 3209 696 3267; x_wconf 88' lang='lat' dir='ltr'>loturi</span> <span class='ocrx_word' id='word_1_292' title='bbox 726 3226 791 3265; x_wconf 89' lang='lat' dir='ltr'>esse</span> <span class='ocrx_word' id='word_1_293' title='bbox 819 3213 932 3266; x_wconf 91' lang='lat' dir='ltr'>tautum</span> <span class='ocrx_word' id='word_1_294' title='bbox 955 3209 1097 3285; x_wconf 89' lang='lat' dir='ltr'>temporis</span> <span class='ocrx_word' id='word_1_295' title='bbox 1119 3206 1233 3277; x_wconf 82' lang='lat' dir='ltr'>volunt,</span> <span class='ocrx_word' id='word_1_296' title='bbox 1258 3210 1287 3267; x_wconf 93' lang='lat' dir='ltr'>iu</span> <span class='ocrx_word' id='word_1_297' title='bbox 1312 3227 1415 3288; x_wconf 81' lang='lat' dir='ltr'>acyro-</span> 
     </span>
     <span class='ocr_line' id='line_1_30' title="bbox 126 3307 1414 3388; baseline 0.002 -21"><span class='ocrx_word' id='word_1_298' title='bbox 126 3308 221 3385; x_wconf 81' lang='lat' dir='ltr'>logiae</span> <span class='ocrx_word' id='word_1_299' title='bbox 244 3311 348 3369; x_wconf 87' lang='lat' dir='ltr'>vitium</span> <span class='ocrx_word' id='word_1_300' title='bbox 371 3309 484 3369; x_wconf 90' lang='lat' dir='ltr'>incidat</span> <span class='ocrx_word' id='word_1_301' title='bbox 506 3328 627 3370; x_wconf 87' lang='lat' dir='ltr'>necesse</span> <span class='ocrx_word' id='word_1_302' title='bbox 651 3316 705 3368; x_wconf 86' lang='lat' dir='ltr'>est.</span> <span class='ocrx_word' id='word_1_303' title='bbox 736 3311 868 3388; x_wconf 88' lang='lat' dir='ltr'>promitti</span> <span class='ocrx_word' id='word_1_304' title='bbox 889 3310 967 3368; x_wconf 91' lang='lat' dir='ltr'>euim</span> <span class='ocrx_word' id='word_1_305' title='bbox 991 3307 1066 3367; x_wconf 91' lang='lat' dir='ltr'>bona</span> <span class='ocrx_word' id='word_1_306' title='bbox 1089 3316 1217 3377; x_wconf 89' lang='lat' dir='ltr'>tautum,</span> <span class='ocrx_word' id='word_1_307' title='bbox 1241 3328 1299 3370; x_wconf 92' lang='lat' dir='ltr'>uon</span> <span class='ocrx_word' id='word_1_308' title='bbox 1323 3312 1414 3371; x_wconf 93' lang='lat' dir='ltr'>etiam</span> 
     </span>
     <span class='ocr_line' id='line_1_31' title="bbox 125 3409 1415 3490; baseline 0.002 -20"><span class='ocrx_word' id='word_1_309' title='bbox 125 3410 199 3470; x_wconf 91' lang='lat' dir='ltr'>mala</span> <span class='ocrx_word' id='word_1_310' title='bbox 223 3419 355 3489; x_wconf 88' lang='lat' dir='ltr'>possunt.</span> <span class='ocrx_word' id='word_1_311' title='bbox 401 3430 458 3490; x_wconf 85' lang='lat' dir='ltr'>quo</span> <span class='ocrx_word' id='word_1_312' title='bbox 487 3411 574 3470; x_wconf 89' lang='lat' dir='ltr'>modo</span> <span class='ocrx_word' id='word_1_313' title='bbox 602 3414 680 3471; x_wconf 92' lang='lat' dir='ltr'>enim</span> <span class='ocrx_word' id='word_1_314' title='bbox 708 3413 884 3490; x_wconf 82' lang='lat' dir='ltr'>promissivo</span> <span class='ocrx_word' id='word_1_315' title='bbox 912 3409 1000 3471; x_wconf 91' lang='lat' dir='ltr'>modo</span> <span class='ocrx_word' id='word_1_316' title='bbox 1023 3410 1154 3471; x_wconf 85' lang='lat' dir='ltr'>dicemus</span> <span class='ocrx_word' id='word_1_317' title='bbox 1177 3430 1259 3471; x_wconf 90' lang='lat' dir='ltr'>uram</span> <span class='ocrx_word' id='word_1_318' title='bbox 1283 3411 1415 3489; x_wconf 83' lang='lat' dir='ltr'>allligam</span> 
     </span>
     <span class='ocr_line' id='line_1_32' title="bbox 125 3511 1457 3591; baseline 0 -21"><span class='ocrx_word' id='word_1_319' title='bbox 125 3511 287 3571; x_wconf 80' lang='lat' dir='ltr'>cruciabo?</span> <span class='ocrx_word' id='word_1_320' title='bbox 320 3522 400 3573; x_wconf 88' lang='lat' dir='ltr'>reete</span> <span class='ocrx_word' id='word_1_321' title='bbox 434 3531 505 3591; x_wconf 79' lang='lat' dir='ltr'>ergo</span> <span class='ocrx_word' id='word_1_322' title='bbox 539 3533 554 3572; x_wconf 93' lang='lat' dir='ltr'>a</span> <span class='ocrx_word' id='word_1_323' title='bbox 588 3512 771 3573; x_wconf 88' lang='lat' dir='ltr'>doctioribus</span> <span class='ocrx_word' id='word_1_324' title='bbox 803 3515 955 3590; x_wconf 73' lang='lat' dir='ltr'>magistus</span> <span class='ocrx_word' id='word_1_325' title='bbox 984 3511 1120 3573; x_wconf 82' lang='lat' dir='ltr'>exclusus</span> <span class='ocrx_word' id='word_1_326' title='bbox 1148 3514 1196 3572; x_wconf 82' lang='lat' dir='ltr'>liic</span> <span class='ocrx_word' id='word_1_327' title='bbox 1224 3514 1328 3574; x_wconf 90' lang='lat' dir='ltr'>modus</span> <span class='ocrx_word' id='word_1_328' title='bbox 1356 3524 1457 3583; x_wconf 73' lang='lat' dir='ltr'>estro</span> 
     </span>
     <span class='ocr_line' id='line_1_33' title="bbox 125 3614 1415 3694; baseline 0.004 -23"><span class='ocrx_word' id='word_1_329' title='bbox 125 3614 251 3672; x_wconf 80' lang='lat' dir='ltr'>maxime</span> <span class='ocrx_word' id='word_1_330' title='bbox 275 3633 341 3674; x_wconf 91' lang='lat' dir='ltr'>cum</span> <span class='ocrx_word' id='word_1_331' title='bbox 365 3634 432 3674; x_wconf 89' lang='lat' dir='ltr'>eum</span> <span class='ocrx_word' id='word_1_332' title='bbox 462 3617 550 3674; x_wconf 90' lang='lat' dir='ltr'>otiam</span> <span class='ocrx_word' id='word_1_333' title='bbox 574 3616 680 3676; x_wconf 87' lang='lat' dir='ltr'>Gracci</span> <span class='ocrx_word' id='word_1_334' title='bbox 704 3634 762 3674; x_wconf 93' lang='lat' dir='ltr'>nou</span> <span class='ocrx_word' id='word_1_335' title='bbox 791 3614 929 3674; x_wconf 88' lang='lat' dir='ltr'>babeant.</span> <span class='ocrx_word' id='word_1_336' title='bbox 975 3616 1141 3692; x_wconf 77' lang='lat' dir='ltr'>imperativi</span> <span class='ocrx_word' id='word_1_337' title='bbox 1165 3615 1244 3675; x_wconf 93' lang='lat' dir='ltr'>modi</span> <span class='ocrx_word' id='word_1_338' title='bbox 1267 3615 1321 3675; x_wconf 89' lang='lat' dir='ltr'>hoe</span> <span class='ocrx_word' id='word_1_339' title='bbox 1343 3635 1415 3694; x_wconf 91' lang='lat' dir='ltr'>pro·</span> 
     </span>
     <span class='ocr_line' id='line_1_34' title="bbox 125 3717 1415 3796; baseline 0.005 -24"><span class='ocrx_word' id='word_1_340' title='bbox 125 3717 223 3793; x_wconf 91' lang='lat' dir='ltr'>prium</span> <span class='ocrx_word' id='word_1_341' title='bbox 247 3723 306 3785; x_wconf 91' lang='lat' dir='ltr'>cst,</span> <span class='ocrx_word' id='word_1_342' title='bbox 331 3718 407 3795; x_wconf 89' lang='lat' dir='ltr'>quod</span> <span class='ocrx_word' id='word_1_343' title='bbox 431 3734 526 3794; x_wconf 83' lang='lat' dir='ltr'>neque</span> <span class='ocrx_word' id='word_1_344' title='bbox 550 3719 743 3795; x_wconf 88' lang='lat' dir='ltr'>praeteritum</span> <span class='ocrx_word' id='word_1_345' title='bbox 772 3724 888 3795; x_wconf 90' lang='lat' dir='ltr'>tempus</span> <span class='ocrx_word' id='word_1_346' title='bbox 916 3735 1012 3795; x_wconf 91' lang='lat' dir='ltr'>ueque</span> <span class='ocrx_word' id='word_1_347' title='bbox 1035 3718 1160 3794; x_wconf 90' lang='lat' dir='ltr'>primam</span> <span class='ocrx_word' id='word_1_348' title='bbox 1183 3725 1280 3796; x_wconf 89' lang='lat' dir='ltr'>potest</span> <span class='ocrx_word' id='word_1_349' title='bbox 1302 3717 1415 3779; x_wconf 90' lang='lat' dir='ltr'>habere</span> 
     </span>
     <span class='ocr_line' id='line_1_35' title="bbox 125 3817 1414 3899; baseline 0.004 -24"><span class='ocrx_word' id='word_1_350' title='bbox 125 3834 294 3894; x_wconf 90' lang='lat' dir='ltr'>personam.</span> <span class='ocrx_word' id='word_1_351' title='bbox 339 3837 426 3877; x_wconf 90' lang='lat' dir='ltr'>nemo</span> <span class='ocrx_word' id='word_1_352' title='bbox 449 3820 528 3877; x_wconf 88' lang='lat' dir='ltr'>euim</span> <span class='ocrx_word' id='word_1_353' title='bbox 553 3827 602 3878; x_wconf 92' lang='lat' dir='ltr'>aut</span> <span class='ocrx_word' id='word_1_354' title='bbox 624 3817 682 3878; x_wconf 88' lang='lat' dir='ltr'>sibi</span> <span class='ocrx_word' id='word_1_355' title='bbox 711 3818 775 3877; x_wconf 90' lang='lat' dir='ltr'>lerc</span> <span class='ocrx_word' id='word_1_356' title='bbox 797 3837 936 3898; x_wconf 88' lang='lat' dir='ltr'>umquam</span> <span class='ocrx_word' id='word_1_357' title='bbox 960 3820 1018 3896; x_wconf 90' lang='lat' dir='ltr'>ipsi</span> <span class='ocrx_word' id='word_1_358' title='bbox 1042 3826 1092 3878; x_wconf 92' lang='lat' dir='ltr'>aut</span> <span class='ocrx_word' id='word_1_359' title='bbox 1113 3822 1250 3899; x_wconf 85' lang='lat' dir='ltr'>cuiquam</span> <span class='ocrx_word' id='word_1_360' title='bbox 1273 3821 1303 3880; x_wconf 89' lang='lat' dir='ltr'>in</span> <span class='ocrx_word' id='word_1_361' title='bbox 1326 3839 1414 3899; x_wconf 91' lang='lat' dir='ltr'>prae·</span> 
     </span>
     <span class='ocr_line' id='line_1_36' title="bbox 125 3918 1414 4001; baseline 0.007 -26"><span class='ocrx_word' id='word_1_362' title='bbox 125 3920 245 3976; x_wconf 86' lang='lat' dir='ltr'>teritum</span> <span class='ocrx_word' id='word_1_363' title='bbox 269 3921 411 3997; x_wconf 88' lang='lat' dir='ltr'>imperat,</span> <span class='ocrx_word' id='word_1_364' title='bbox 442 3938 618 3998; x_wconf 86' lang='lat' dir='ltr'>quamquam</span> <span class='ocrx_word' id='word_1_365' title='bbox 646 3918 780 3997; x_wconf 89' lang='lat' dir='ltr'>plerique</span> <span class='ocrx_word' id='word_1_366' title='bbox 809 3919 1044 3981; x_wconf 58' lang='lat' dir='ltr'>iuturi&#39;tautum</span> <span class='ocrx_word' id='word_1_367' title='bbox 1072 3925 1215 4001; x_wconf 88' lang='lat' dir='ltr'>temporis</span> <span class='ocrx_word' id='word_1_368' title='bbox 1245 3921 1336 3982; x_wconf 84' lang='lat' dir='ltr'>velint</span> <span class='ocrx_word' id='word_1_369' title='bbox 1358 3925 1414 3984; x_wconf 94' lang='lat' dir='ltr'>im·</span> 
     </span>
     <span class='ocr_line' id='line_1_37' title="bbox 125 4020 1458 4103; baseline 0.008 -26"><span class='ocrx_word' id='word_1_370' title='bbox 125 4021 290 4096; x_wconf 88' lang='lat' dir='ltr'>perativum</span> <span class='ocrx_word' id='word_1_371' title='bbox 313 4038 384 4081; x_wconf 86' lang='lat' dir='ltr'>csse.</span> <span class='ocrx_word' id='word_1_372' title='bbox 430 4039 497 4081; x_wconf 91' lang='lat' dir='ltr'>nam</span> <span class='ocrx_word' id='word_1_373' title='bbox 521 4022 571 4099; x_wconf 92' lang='lat' dir='ltr'>qui</span> <span class='ocrx_word' id='word_1_374' title='bbox 595 4020 668 4080; x_wconf 86' lang='lat' dir='ltr'>dicit</span> <span class='ocrx_word' id='word_1_375' title='bbox 690 4021 751 4089; x_wconf 86' lang='lat' dir='ltr'>lac,</span> <span class='ocrx_word' id='word_1_376' title='bbox 775 4029 843 4081; x_wconf 90' lang='lat' dir='ltr'>ante</span> <span class='ocrx_word' id='word_1_377' title='bbox 867 4026 1009 4103; x_wconf 90' lang='lat' dir='ltr'>imperat,</span> <span class='ocrx_word' id='word_1_378' title='bbox 1033 4042 1120 4101; x_wconf 88' lang='lat' dir='ltr'>qnam</span> <span class='ocrx_word' id='word_1_379' title='bbox 1144 4024 1173 4083; x_wconf 92' lang='lat' dir='ltr'>id</span> <span class='ocrx_word' id='word_1_380' title='bbox 1197 4026 1260 4094; x_wconf 87' lang='lat' dir='ltr'>liat;</span> <span class='ocrx_word' id='word_1_381' title='bbox 1289 4024 1340 4084; x_wconf 90' lang='lat' dir='ltr'>sed</span> <span class='ocrx_word' id='word_1_382' title='bbox 1365 4025 1416 4086; x_wconf 89' lang='lat' dir='ltr'>hic</span> <span class='ocrx_word' id='word_1_383' title='bbox 1431 4039 1458 4079; x_wconf 82' lang='lat'>³⁵</span> 
     </span>
    </p>
   </div>
   <div class='ocr_carea' id='block_1_4' title="bbox 62 4225 1415 4362">
    <p class='ocr_par' dir='ltr' id='par_1_4' title="bbox 62 4225 1415 4362">
     <span class='ocr_line' id='line_1_38' title="bbox 125 4225 1415 4294; baseline 0.008 -25"><span class='ocrx_word' id='word_1_384' title='bbox 125 4231 265 4288; x_wconf 87' lang='lat' dir='ltr'>pertessum</span> <span class='ocrx_word' id='word_1_385' title='bbox 282 4225 291 4284; x_wconf 75' lang='lat' dir='ltr'>l</span> <span class='ocrx_word' id='word_1_386' title='bbox 296 4265 385 4277; x_wconf 85' lang='grc'><strong>,,,,,</strong></span> <span class='ocrx_word' id='word_1_387' title='bbox 400 4233 494 4274; x_wconf 85' lang='lat' dir='ltr'>tessum</span> <span class='ocrx_word' id='word_1_388' title='bbox 508 4226 544 4283; x_wconf 73' lang='lat' dir='ltr'>L)</span> <span class='ocrx_word' id='word_1_389' title='bbox 560 4233 597 4273; x_wconf 85' lang='lat' dir='ltr'>est</span> <span class='ocrx_word' id='word_1_390' title='bbox 615 4227 750 4289; x_wconf 86' lang='lat' dir='ltr'>praeterito</span> <span class='ocrx_word' id='word_1_391' title='bbox 763 4233 876 4290; x_wconf 85' lang='lat' dir='ltr'>tempore</span> <span class='ocrx_word' id='word_1_392' title='bbox 893 4230 925 4277; x_wconf 88' lang='lat' dir='ltr'>sit</span> <span class='ocrx_word' id='word_1_393' title='bbox 943 4228 1076 4277; x_wconf 87' lang='lat' dir='ltr'>dicendum</span> <span class='ocrx_word' id='word_1_394' title='bbox 1097 4228 1147 4291; x_wconf 82' lang='lat' dir='ltr'>(sic</span> <span class='ocrx_word' id='word_1_395' title='bbox 1164 4229 1297 4278; x_wconf 86' lang='lat' dir='ltr'>dicendum</span> <span class='ocrx_word' id='word_1_396' title='bbox 1317 4238 1356 4278; x_wconf 85' lang='lat' dir='ltr'>est</span> <span class='ocrx_word' id='word_1_397' title='bbox 1370 4230 1415 4294; x_wconf 90' lang='lat' dir='ltr'>M)</span> 
     </span>
     <span class='ocr_line' id='line_1_39' title="bbox 62 4292 1412 4362; baseline 0.006 -21"><span class='ocrx_word' id='word_1_398' title='bbox 62 4314 65 4322; x_wconf 91' lang='lat'><strong>·</strong></span> <span class='ocrx_word' id='word_1_399' title='bbox 125 4292 185 4342; x_wconf 82' lang='lat' dir='ltr'>ML</span> <span class='ocrx_word' id='word_1_400' title='bbox 234 4293 949 4359; x_wconf 74' lang='lat' dir='ltr'>{tetiamlrodiepossumMetiampossumlrodleBL</span> <span class='ocrx_word' id='word_1_401' title='bbox 1000 4297 1032 4348; x_wconf 89' lang='lat'>10</span> <span class='ocrx_word' id='word_1_402' title='bbox 1044 4298 1196 4362; x_wconf 86' lang='lat' dir='ltr'>aspiciamus</span> <span class='ocrx_word' id='word_1_403' title='bbox 1208 4300 1269 4348; x_wconf 81' lang='lat' dir='ltr'>ML</span> <span class='ocrx_word' id='word_1_404' title='bbox 1323 4299 1354 4348; x_wconf 79' lang='lat'>12</span> <span class='ocrx_word' id='word_1_405' title='bbox 1367 4316 1412 4349; x_wconf 86' lang='lat' dir='ltr'>au-</span> 
     </span>
    </p>
   </div>
   <div class='ocr_carea' id='block_1_5' title="bbox 125 4361 1416 4429">
    <p class='ocr_par' dir='ltr' id='par_1_5' title="bbox 125 4361 1416 4429">
     <span class='ocr_line' id='line_1_40' title="bbox 125 4361 1416 4429; baseline 0.005 -18"><span class='ocrx_word' id='word_1_406' title='bbox 125 4361 186 4429; x_wconf 87' lang='lat' dir='ltr'>tem]</span> <span class='ocrx_word' id='word_1_407' title='bbox 209 4362 257 4411; x_wconf 90' lang='lat' dir='ltr'>boo</span> <span class='ocrx_word' id='word_1_408' title='bbox 273 4363 299 4413; x_wconf 89' lang='lat' dir='ltr'><em>B</em></span> <span class='ocrx_word' id='word_1_409' title='bbox 350 4379 472 4414; x_wconf 82' lang='lat' dir='ltr'>esurenm</span> <span class='ocrx_word' id='word_1_410' title='bbox 488 4367 519 4415; x_wconf 88' lang='lat' dir='ltr'><em>M</em></span> <span class='ocrx_word' id='word_1_411' title='bbox 538 4367 701 4418; x_wconf 78' lang='lat' dir='ltr'>uu.rec1uL</span> <span class='ocrx_word' id='word_1_412' title='bbox 721 4381 834 4417; x_wconf 69' lang='lat' dir='ltr'>uxorem</span> <span class='ocrx_word' id='word_1_413' title='bbox 853 4367 878 4415; x_wconf 91' lang='lat' dir='ltr'><em>B</em></span> <span class='ocrx_word' id='word_1_414' title='bbox 894 4363 1008 4418; x_wconf 75' lang='grc' dir='ltr'>ἔκτασιν</span> <span class='ocrx_word' id='word_1_415' title='bbox 1019 4366 1173 4419; x_wconf 85' lang='lat' dir='ltr'>Sicberdus:</span> <span class='ocrx_word' id='word_1_416' title='bbox 1192 4371 1282 4417; x_wconf 88' lang='lat' dir='ltr'>modus</span> <span class='ocrx_word' id='word_1_417' title='bbox 1295 4369 1416 4418; x_wconf 86' lang='lat' dir='ltr'>delinitur</span> 
     </span>
    </p>
   </div>
   <div class='ocr_carea' id='block_1_6' title="bbox 125 4445 1415 4554">
    <p class='ocr_par' dir='ltr' id='par_1_6' title="bbox 125 4445 1415 4554">
     <span class='ocr_line' id='line_1_41' title="bbox 125 4445 1415 4554; baseline 0.005 -20"><span class='ocrx_word' id='word_1_418' title='bbox 125 4485 264 4534; x_wconf 83' lang='lat' dir='ltr'>secundnm</span> <span class='ocrx_word' id='word_1_419' title='bbox 282 4486 444 4534; x_wconf 84' lang='lat' dir='ltr'>Consentium</span> <span class='ocrx_word' id='word_1_420' title='bbox 458 4487 547 4536; x_wconf 83' lang='lat' dir='ltr'>modus</span> <span class='ocrx_word' id='word_1_421' title='bbox 565 4496 602 4536; x_wconf 89' lang='lat' dir='ltr'>est</span> <span class='ocrx_word' id='word_1_422' title='bbox 615 4504 688 4551; x_wconf 88' lang='lat' dir='ltr'>quem</span> <span class='ocrx_word' id='word_1_423' title='bbox 703 4490 773 4554; x_wconf 83' lang='lat' dir='ltr'>greci</span> <span class='ocrx_word' id='word_1_424' title='bbox 785 4445 904 4539; x_wconf 60' lang='lat' dir='ltr'>metb&#39;bstn</span> <span class='ocrx_word' id='word_1_425' title='bbox 923 4488 1010 4537; x_wconf 91' lang='lat' dir='ltr'>dicunt</span> <span class='ocrx_word' id='word_1_426' title='bbox 1024 4491 1155 4539; x_wconf 77' lang='lat' dir='ltr'>conuersio</span> <span class='ocrx_word' id='word_1_427' title='bbox 1176 4490 1273 4540; x_wconf 86' lang='lat' dir='ltr'>scilicet</span> <span class='ocrx_word' id='word_1_428' title='bbox 1289 4498 1312 4539; x_wconf 87' lang='lat' dir='ltr'>et</span> <span class='ocrx_word' id='word_1_429' title='bbox 1328 4499 1415 4541; x_wconf 84' lang='lat' dir='ltr'>trans·</span> 
     </span>
    </p>
   </div>
   <div class='ocr_carea' id='block_1_7' title="bbox 123 4553 1415 4906">
    <p class='ocr_par' dir='ltr' id='par_1_7' title="bbox 123 4553 1415 4906">
     <span class='ocr_line' id='line_1_42' title="bbox 123 4553 1415 4620; baseline 0.007 -18"><span class='ocrx_word' id='word_1_430' title='bbox 123 4555 241 4620; x_wconf 81' lang='lat' dir='ltr'>figuratio</span> <span class='ocrx_word' id='word_1_431' title='bbox 255 4556 309 4603; x_wconf 86' lang='lat' dir='ltr'>eius</span> <span class='ocrx_word' id='word_1_432' title='bbox 322 4553 435 4620; x_wconf 64' lang='lat' dir='ltr'>spllnbae</span> <span class='ocrx_word' id='word_1_433' title='bbox 449 4572 513 4619; x_wconf 88' lang='lat' dir='ltr'>quae</span> <span class='ocrx_word' id='word_1_434' title='bbox 526 4557 615 4607; x_wconf 89' lang='lat' dir='ltr'>ultima</span> <span class='ocrx_word' id='word_1_435' title='bbox 625 4566 661 4607; x_wconf 88' lang='lat' dir='ltr'>est</span> <span class='ocrx_word' id='word_1_436' title='bbox 677 4560 702 4606; x_wconf 90' lang='lat' dir='ltr'>ia</span> <span class='ocrx_word' id='word_1_437' title='bbox 717 4560 794 4609; x_wconf 88' lang='lat' dir='ltr'>uerbo</span> <span class='ocrx_word' id='word_1_438' title='bbox 807 4562 890 4611; x_wconf 74' lang='lat' dir='ltr'>codex</span> <span class='ocrx_word' id='word_1_439' title='bbox 900 4560 1033 4608; x_wconf 78' lang='lat' dir='ltr'>Parisinus</span> <span class='ocrx_word' id='word_1_440' title='bbox 1042 4559 1108 4611; x_wconf 77' lang='lat'>7491</span> <span class='ocrx_word' id='word_1_441' title='bbox 1160 4561 1191 4611; x_wconf 78' lang='lat'>15</span> <span class='ocrx_word' id='word_1_442' title='bbox 1204 4569 1287 4609; x_wconf 88' lang='lat' dir='ltr'>tamen</span> <span class='ocrx_word' id='word_1_443' title='bbox 1301 4568 1327 4608; x_wconf 94' lang='lat' dir='ltr'>ut</span> <span class='ocrx_word' id='word_1_444' title='bbox 1339 4562 1415 4611; x_wconf 85' lang='lat' dir='ltr'>uobis</span> 
     </span>
     <span class='ocr_line' id='line_1_43' title="bbox 124 4623 1415 4695; baseline 0.007 -23"><span class='ocrx_word' id='word_1_445' title='bbox 124 4625 262 4675; x_wconf 85' lang='lat' dir='ltr'>uideturL</span> <span class='ocrx_word' id='word_1_446' title='bbox 314 4625 346 4675; x_wconf 81' lang='lat'>16</span> <span class='ocrx_word' id='word_1_447' title='bbox 365 4627 407 4688; x_wconf 91' lang='lat' dir='ltr'>qui</span> <span class='ocrx_word' id='word_1_448' title='bbox 427 4623 519 4691; x_wconf 87' lang='lat' dir='ltr'>et]qui</span> <span class='ocrx_word' id='word_1_449' title='bbox 539 4629 640 4690; x_wconf 88' lang='lat' dir='ltr'>quidem</span> <span class='ocrx_word' id='word_1_450' title='bbox 654 4629 687 4678; x_wconf 89' lang='lat' dir='ltr'><em>M</em></span> <span class='ocrx_word' id='word_1_451' title='bbox 702 4629 840 4692; x_wconf 87' lang='lat' dir='ltr'>quidemL</span> <span class='ocrx_word' id='word_1_452' title='bbox 892 4628 923 4677; x_wconf 79' lang='lat' dir='ltr'>ts</span> <span class='ocrx_word' id='word_1_453' title='bbox 942 4627 1056 4695; x_wconf 87' lang='lat' dir='ltr'>instanti]</span> <span class='ocrx_word' id='word_1_454' title='bbox 1078 4631 1250 4693; x_wconf 77' lang='lat' dir='ltr'>praesentiit!</span> <span class='ocrx_word' id='word_1_455' title='bbox 1300 4630 1334 4680; x_wconf 80' lang='lat'>28</span> <span class='ocrx_word' id='word_1_456' title='bbox 1353 4646 1415 4695; x_wconf 90' lang='lat' dir='ltr'>pro-</span> 
     </span>
     <span class='ocr_line' id='line_1_44' title="bbox 124 4694 1415 4767; baseline 0.008 -26"><span class='ocrx_word' id='word_1_457' title='bbox 124 4694 187 4742; x_wconf 88' lang='lat' dir='ltr'>mitti</span> <span class='ocrx_word' id='word_1_458' title='bbox 201 4705 283 4744; x_wconf 88' lang='lat' dir='ltr'>autem</span> <span class='ocrx_word' id='word_1_459' title='bbox 298 4703 393 4745; x_wconf 88' lang='lat' dir='ltr'>tautum</span> <span class='ocrx_word' id='word_1_460' title='bbox 412 4696 477 4746; x_wconf 89' lang='lat' dir='ltr'>bona</span> <span class='ocrx_word' id='word_1_461' title='bbox 492 4696 522 4744; x_wconf 92' lang='lat' dir='ltr'><em>M</em></span> <span class='ocrx_word' id='word_1_462' title='bbox 574 4697 747 4761; x_wconf 69' lang='lat' dir='ltr'>aliquomodo</span> <span class='ocrx_word' id='word_1_463' title='bbox 767 4700 904 4763; x_wconf 87' lang='lat' dir='ltr'>promisiuo</span> <span class='ocrx_word' id='word_1_464' title='bbox 921 4698 954 4746; x_wconf 91' lang='lat' dir='ltr'><em>M</em></span> <span class='ocrx_word' id='word_1_465' title='bbox 986 4698 1020 4748; x_wconf 82' lang='lat'>30</span> <span class='ocrx_word' id='word_1_466' title='bbox 1038 4714 1099 4764; x_wconf 82' lang='lat' dir='ltr'>ergo</span> <span class='ocrx_word' id='word_1_467' title='bbox 1118 4714 1132 4746; x_wconf 85' lang='lat' dir='ltr'>a</span> <span class='ocrx_word' id='word_1_468' title='bbox 1151 4700 1295 4750; x_wconf 88' lang='lat' dir='ltr'>doctoribus</span> <span class='ocrx_word' id='word_1_469' title='bbox 1309 4701 1334 4749; x_wconf 91' lang='lat' dir='ltr'><em>B</em></span> <span class='ocrx_word' id='word_1_470' title='bbox 1350 4718 1415 4767; x_wconf 81' lang='lat' dir='ltr'>ergo</span> 
     </span>
     <span class='ocr_line' id='line_1_45' title="bbox 124 4765 1414 4835; baseline 0.009 -24"><span class='ocrx_word' id='word_1_471' title='bbox 124 4765 277 4814; x_wconf 82' lang='lat' dir='ltr'>doctioribus</span> <span class='ocrx_word' id='word_1_472' title='bbox 294 4765 326 4813; x_wconf 93' lang='lat' dir='ltr'><em>M</em></span> <span class='ocrx_word' id='word_1_473' title='bbox 394 4767 427 4817; x_wconf 82' lang='lat'>33</span> <span class='ocrx_word' id='word_1_474' title='bbox 445 4781 514 4829; x_wconf 74' lang='lat' dir='ltr'>umq,</span> <span class='ocrx_word' id='word_1_475' title='bbox 534 4770 564 4815; x_wconf 73' lang='lat' dir='ltr'>ui</span> <span class='ocrx_word' id='word_1_476' title='bbox 584 4768 631 4833; x_wconf 88' lang='lat' dir='ltr'>ipsi</span> <span class='ocrx_word' id='word_1_477' title='bbox 656 4771 680 4818; x_wconf 85' lang='lat' dir='ltr'><em>L</em></span> <span class='ocrx_word' id='word_1_478' title='bbox 703 4783 821 4830; x_wconf 86' lang='lat' dir='ltr'>nmquam</span> <span class='ocrx_word' id='word_1_479' title='bbox 845 4769 900 4833; x_wconf 85' lang='lat' dir='ltr'>ipse</span> <span class='ocrx_word' id='word_1_480' title='bbox 920 4767 952 4816; x_wconf 91' lang='lat' dir='ltr'><em>M</em></span> <span class='ocrx_word' id='word_1_481' title='bbox 979 4784 1098 4832; x_wconf 89' lang='lat' dir='ltr'>umquam</span> <span class='ocrx_word' id='word_1_482' title='bbox 1126 4780 1168 4818; x_wconf 80' lang='lat' dir='ltr'>ein</span> <span class='ocrx_word' id='word_1_483' title='bbox 1195 4772 1250 4835; x_wconf 89' lang='lat' dir='ltr'>ipse</span> <span class='ocrx_word' id='word_1_484' title='bbox 1272 4771 1355 4833; x_wconf 83' lang='lat' dir='ltr'>(corr.</span> <span class='ocrx_word' id='word_1_485' title='bbox 1376 4775 1414 4823; x_wconf 80' lang='lat' dir='ltr'>oi.</span> 
     </span>
     <span class='ocr_line' id='line_1_46' title="bbox 123 4833 1413 4906; baseline 0.009 -24"><span class='ocrx_word' id='word_1_486' title='bbox 123 4848 187 4883; x_wconf 76' lang='lat' dir='ltr'>amn.</span> <span class='ocrx_word' id='word_1_487' title='bbox 208 4833 270 4900; x_wconf 78' lang='lat' dir='ltr'>ipsi)</span> <span class='ocrx_word' id='word_1_488' title='bbox 285 4836 311 4887; x_wconf 84' lang='lat' dir='ltr'><em>B</em></span> <span class='ocrx_word' id='word_1_489' title='bbox 373 4835 407 4887; x_wconf 79' lang='lat'>35</span> <span class='ocrx_word' id='word_1_490' title='bbox 424 4851 479 4886; x_wconf 83' lang='lat' dir='ltr'>csse</span> <span class='ocrx_word' id='word_1_491' title='bbox 497 4851 543 4891; x_wconf 79' lang='lat' dir='ltr'>om.</span> <span class='ocrx_word' id='word_1_492' title='bbox 562 4836 627 4887; x_wconf 88' lang='lat' dir='ltr'>BM</span> <span class='ocrx_word' id='word_1_493' title='bbox 632 4840 655 4889; x_wconf 86' lang='lat' dir='ltr'><em>L</em></span> <span class='ocrx_word' id='word_1_494' title='bbox 717 4838 759 4887; x_wconf 90' lang='lat' dir='ltr'>bie</span> <span class='ocrx_word' id='word_1_495' title='bbox 778 4846 871 4888; x_wconf 88' lang='lat' dir='ltr'>tantum</span> <span class='ocrx_word' id='word_1_496' title='bbox 892 4839 933 4902; x_wconf 91' lang='lat' dir='ltr'>qui</span> <span class='ocrx_word' id='word_1_497' title='bbox 952 4839 1011 4889; x_wconf 88' lang='lat' dir='ltr'>dicit</span> <span class='ocrx_word' id='word_1_498' title='bbox 1030 4838 1070 4888; x_wconf 87' lang='lat' dir='ltr'>lac</span> <span class='ocrx_word' id='word_1_499' title='bbox 1084 4850 1205 4906; x_wconf 88' lang='lat' dir='ltr'>properat</span> <span class='ocrx_word' id='word_1_500' title='bbox 1223 4842 1248 4892; x_wconf 92' lang='lat' dir='ltr'><em>B</em></span> <span class='ocrx_word' id='word_1_501' title='bbox 1265 4840 1306 4891; x_wconf 81' lang='lat' dir='ltr'>inc</span> <span class='ocrx_word' id='word_1_502' title='bbox 1324 4850 1413 4894; x_wconf 86' lang='lat' dir='ltr'>tamen</span> 
     </span>
    </p>
   </div>
   <div class='ocr_carea' id='block_1_8' title="bbox 0 0 1678 5498">
    <p class='ocr_par' dir='ltr' id='par_1_8' title="bbox 0 0 1678 5498">
     <span class='ocr_line' id='line_1_47' title="bbox 0 0 1678 5498; baseline 0 2"><span class='ocrx_word' id='word_1_503' title='bbox 0 0 1678 5498; x_wconf 95' lang='lat' dir='ltr'> </span> 
     </span>
    </p>
   </div>
  </div>
 </body>
</html>
