3346 5498
283 393 346 459 522
826 392 1028 455 avulsum!

309 516 330 556 p.
343 503 400 544 Μ.
414 502 439 544 15
452 502 476 542 Ρ.

282 585 408 644 sativum
436 583 646 651 enuntiantur,
675 588 708 640 ut
736 580 772 640 ad
801 580 879 660 apud
907 589 976 641 ante
1003 581 1159 642 adversum
1187 582 1231 641 cis
1258 583 1333 641 eitra
1357 582 1575 642 circumcirca

282 677 385 730 contra
412 685 482 745 erga
511 676 594 728 extra
622 668 701 727 intra
728 668 806 726 inter
833 667 910 727 inira
938 669 1019 727 iuxta
1047 664 1085 726 ob
1113 684 1205 745 penes
1237 685 1291 746 per
1322 685 1415 746 prope
1449 674 1576 746 propter

283 763 402 834 praeter
424 761 490 833 post
524 771 601 832 pone
634 751 798 812 seeundum
825 768 915 830 supra
943 759 1026 812 trans
1051 751 1139 813 ultra.
1177 753 1207 812 in
1231 752 1278 812 his
1299 750 1576 831 praepositionibus

282 838 426 899 servanda
452 856 562 916 genera
590 839 758 906 nominum,
787 836 818 896 id
846 844 891 897 est
914 836 1109 897 masculinum
1131 838 1308 898 lemininum
1330 844 1470 898 neutrum
1492 854 1575 897 oom-

283 942 387 993 mune,
423 923 560 984 servandi
594 925 684 983 etiam
716 923 847 991 numeri,
872 930 995 1001 utputa
1018 923 1183 984 masculino
1215 922 1359 1000 singulari
1392 922 1429 982 ad
1457 939 1574 999 agrum,
1600 938 1613 979 a

282 1005 390 1088 plurali
413 1008 448 1068 ad
471 1026 573 1085 agros;
596 1009 739 1068 leminino
766 1006 910 1085 singulari
932 1007 969 1068 ad
991 1007 1091 1067 villam
1113 1007 1159 1068 vel
1181 1007 1217 1068 ad
1240 1010 1474 1087 possessionem,
1507 1007 1575 1086 plu-

282 1094 341 1171 rali
367 1093 403 1162 ad
431 1093 516 1154 villas
544 1093 590 1153 vel
616 1093 653 1154 ad
680 1093 898 1172 possessiones;
925 1095 969 1153 sic
998 1101 1104 1153 neutro
1127 1093 1270 1168 singulari
1293 1092 1329 1154 ad
1352 1092 1513 1172 templum,
1538 1091 1576 1152 ad

283 1178 474 1258 Capitolium,
504 1177 614 1257 plurali
637 1177 672 1237 ad
696 1177 820 1256 templa,
848 1177 884 1237 ad
907 1176 1068 1256 Capitolia;
1097 1179 1141 1238 sio
1164 1180 1313 1238 communi
1335 1196 1446 1256 genere
1469 1180 1575 1255 singu·

284 1261 339 1325 lari
368 1281 492 1323 nurnero
519 1263 556 1324 ad
578 1265 688 1332 civem,
712 1262 747 1323 ad
771 1263 900 1331 hostem,
930 1262 966 1322 ad
994 1262 1192 1332 sacerdotem,
1223 1261 1331 1342 plurali
1359 1263 1395 1323 ad
1418 1265 1513 1330 cives,
1538 1262 1575 1322 ad

282 1347 397 1417 hostes,
421 1348 458 1408 ad
480 1347 660 1408 sacerdotes.
695 1349 738 1407 sic
761 1364 833 1424 ergo
855 1365 957 1407 omnes
979 1348 1218 1426 praepositiones
1239 1346 1414 1408 observabis
1435 1350 1575 1415 servatis,
1591 1366 1616 1404 ro

280 1441 315 1493 ut
337 1432 412 1501 dixi,
436 1432 612 1512 generibus,
636 1433 763 1493 servatis
784 1433 916 1491 numeris
939 1432 1083 1509 singulari
1112 1439 1142 1492 et
1168 1432 1291 1512 plurali,
1316 1434 1441 1493 servatis
1463 1432 1574 1493 simili·

281 1525 327 1578 ter
349 1518 584 1597 pronominibus,
608 1517 770 1578 seeundum
792 1534 887 1594 genus
902 1517 1097 1577 masculinum
1113 1517 1148 1577 ad
1165 1517 1252 1588 bunc,
1275 1517 1433 1597 pluraliter
1449 1516 1486 1577 ad
1502 1517 1576 1585 bos:

281 1604 457 1664 femininum
489 1603 525 1663 ad
552 1603 641 1674 hanc,
671 1601 825 1681 pluraliter
855 1600 892 1661 ad
918 1600 985 1672 bas;
1015 1609 1154 1663 neutrum
1183 1603 1218 1663 ad
1242 1604 1297 1663 boc
1321 1602 1464 1681 templum
1487 1603 1574 1671 vado,

280 1687 438 1767 pluraliter
461 1688 496 1749 ad
519 1687 593 1748 haec
616 1687 743 1766 templa;
774 1688 817 1747 sic
844 1688 993 1747 communi
1022 1705 1132 1764 genere
1156 1688 1191 1748 ad
1214 1688 1293 1748 huuc
1316 1688 1403 1748 etad
1426 1687 1504 1751 hanc
1527 1708 1574 1749 sa·

280 1774 444 1841 cerdotem,
469 1773 627 1852 pluraliter
649 1773 685 1834 ad
708 1772 762 1833 hos
785 1780 814 1832 et
836 1772 888 1831 bas
910 1771 1089 1833 sacerdotes.
1122 1771 1267 1834 ablativae
1291 1773 1451 1833 ablativum
1474 1781 1575 1833 atten-
1591 1792 1616 1831 n

280 1858 353 1919 dunt
375 1866 434 1919 tam
457 1859 489 1919 iu
511 1857 656 1936 singulari
676 1876 763 1937 quam
788 1860 816 1917 in
845 1855 953 1936 plurali
981 1859 1106 1917 servatis
1128 1858 1291 1935 generibus
1313 1859 1516 1937 numerisque,
1542 1867 1577 1918 ut

279 1952 348 2023 puta
378 1962 393 2003 a
423 1942 459 2003 ab
489 1943 542 2003 abs
569 1962 636 2003 curn
665 1961 764 2002 coram
791 1942 867 2003 clam
896 1941 932 2001 do
960 1960 976 2001 e
1004 1961 1039 2001 ex
1070 1961 1122 2021 pro
1151 1962 1222 2022 prae
1251 1943 1347 2022 palam
1371 1946 1434 2003 sine
1458 1941 1575 2022 absque

280 2036 381 2088 tenus:
420 2030 582 2088 masculino
604 2026 747 2106 singulari
772 2047 786 2087 a
809 2028 916 2096 iratre,
947 2027 1055 2106 plurali
1078 2047 1094 2086 a
1117 2029 1275 2096 lratribus,
1301 2029 1445 2088 leminino
1468 2030 1575 2105 singu·

279 2111 335 2174 lari
359 2132 375 2172 a
398 2132 514 2183 sorore,
538 2113 646 2192 plurali
670 2132 684 2172 a
708 2111 863 2173 sororibus
877 2111 922 2170 vel
946 2130 962 2170 a
985 2115 1103 2172 civitate
1126 2131 1142 2172 a
1164 2113 1347 2175 civitatibus:
1373 2112 1409 2173 ab
1425 2112 1575 2189 singulari

280 2197 443 2258 masculino
470 2197 508 2258 ab
537 2200 645 2266 amico,
674 2196 782 2276 plurali
816 2196 852 2257 ab
881 2198 999 2264 amicis,
1030 2197 1066 2256 ab
1095 2216 1166 2274 agro
1193 2198 1231 2258 ab
1262 2244 1264 2278 ÷
1296 2201 1393 2275 agris;
1425 2199 1616 2258 lemininoso

279 2280 422 2383 singulari
446 2281 482 2342 ab
505 2283 595 2352 urbe,
620 2281 727 2362 plurali
749 2282 786 2342 ab
810 2280 951 2352 urbibus;
975 2291 1081 2342 neutro
1097 2282 1240 2361 singulari
1257 2283 1293 2343 ab
1311 2283 1436 2363 templo,
1461 2280 1574 2361 plurali

279 2366 316 2427 ab
339 2365 471 2447 tenrplis;
501 2387 517 2427 a
548 2369 697 2427 communi
725 2365 869 2444 singulari
897 2368 1014 2435 acive,
1039 2365 1147 2446 plurali
1170 2387 1186 2428 a
1209 2368 1340 2438 civibus,
1365 2368 1401 2429 ab
1425 2368 1511 2429 lroste
1535 2367 1575 2429 ab

280 2451 426 2512 lrostibns.
471 2453 547 2512 banc
570 2451 798 2512 declinationem
821 2469 905 2511 serva
928 2454 958 2512 in
982 2452 1121 2512 omnibus
1143 2452 1190 2514 his
1214 2453 1350 2514 ablativis
1374 2455 1575 2532 praepositio·

280 2535 369 2598 nibus
390 2537 553 2597 secundum
575 2554 685 2614 genera
708 2546 738 2597 et
761 2555 909 2596 numeros.

363 2621 505 2682 Remanet
528 2625 617 2682 tertia
639 2624 756 2702 species
770 2623 1034 2701 praepositionum,
1059 2641 1134 2702 quae
1150 2623 1290 2684 dicuntur
1306 2627 1470 2704 utriusque,
1496 2643 1614 2703 quaeso

279 2715 309 2767 et
337 2709 536 2768 accusativum
567 2714 670 2767 tenent
697 2726 799 2767 casum
826 2713 856 2766 et
884 2704 1053 2768 ablativum.
1099 2708 1150 2768 sed
1179 2709 1337 2789 plerosque
1367 2713 1442 2770 ratio
1464 2709 1575 2770 barum

279 2795 532 2872 praepositionum
559 2794 719 2871 praeterit,
760 2800 789 2852 et
817 2811 873 2871 qua
902 2793 1093 2852 distinctione
1134 2793 1345 2872 intellegantur
1378 2812 1436 2854 non
1468 2802 1574 2872 aperte

279 2880 444 2956 expositum
467 2886 522 2938 est.
556 2878 723 2938 dillerentia
746 2877 818 2938 baec
841 2886 885 2938 est
908 2879 939 2936 in
962 2885 1043 2937 motu
1065 2886 1095 2938 ot
1117 2879 1147 2938 in
1170 2881 1240 2939 situ.
1276 2879 1327 2939 sed
1351 2887 1462 2940 motum
1486 2889 1574 2958 puta·

278 2971 385 3023 verunt
411 2963 530 3041 quidam
558 2966 757 3023 accusativum
781 2970 895 3022 tanturn
918 2970 1031 3022 tenere.
1077 2971 1158 3023 tenet
1186 2973 1284 3025 autem
1313 2972 1488 3044 utrumque,
1518 2964 1574 3025 sed

278 3055 359 3108 certa
383 3051 508 3108 ratione.
546 3066 613 3108 narn
637 3056 734 3109 motus
756 3057 826 3108 tunc
847 3056 929 3107 tenet
944 3050 1143 3108 accusativum
1159 3057 1286 3119 tanturn,
1311 3068 1377 3109 curn
1400 3069 1417 3109 a
1440 3047 1516 3109 loeis
1540 3051 1573 3109 in
1587 3068 1612 3109 so

279 3131 336 3194 alia
359 3132 421 3194 loca
445 3151 499 3193 nos
520 3135 632 3193 moveri
655 3134 871 3210 significamus
895 3140 927 3193 ut
949 3150 1039 3192 curro
1062 3135 1092 3193 in
1115 3134 1212 3194 lorum
1237 3135 1280 3195 vel
1304 3137 1334 3194 in
1356 3152 1510 3213 carnpum:
1547 3138 1573 3195 si

279 3236 315 3278 ex
338 3216 395 3278 alio
420 3217 483 3278 loco
512 3236 634 3279 currere
663 3237 716 3278 nos
743 3219 871 3279 dicimus
894 3220 925 3277 in
953 3218 1050 3278 lorum
1073 3216 1118 3277 vel
1141 3221 1171 3278 in
1195 3237 1345 3299 eampum,
1369 3221 1573 3280 accusativum

278 3320 379 3363 casum
403 3311 554 3374 tenemus;
578 3306 603 3364 si
626 3312 725 3364 autem
749 3306 779 3364 in
803 3322 862 3364 uno
885 3303 1047 3382 eodemque
1070 3304 1149 3370 loco,
1174 3303 1349 3375 ablativum,
1373 3313 1405 3363 ut
1426 3322 1517 3364 curro
1541 3307 1572 3365 in

279 3388 359 3457 loro,
383 3407 472 3448 curro
489 3391 519 3448 in
536 3407 649 3468 campo.
680 3391 724 3449 sic
740 3387 858 3449 ambulo
881 3390 912 3448 in
935 3390 999 3448 loro
1022 3396 1051 3447 et
1073 3386 1191 3458 ambulo
1215 3391 1245 3449 in
1268 3404 1385 3469 campo:
1410 3392 1434 3449 si
1458 3389 1496 3449 de
1512 3389 1573 3450 alio

279 3471 344 3533 loco
367 3473 551 3535 ambulamus
574 3476 731 3542 inlocum,
757 3475 956 3534 accusativum
971 3481 1124 3543 tenemus;
1147 3476 1172 3534 si
1196 3476 1227 3534 in
1250 3474 1353 3535 eodem
1376 3474 1441 3534 loco
1464 3474 1570 3535 arnbu·
1585 3495 1612 3536 aa

278 3556 386 3628 lamus,
410 3558 571 3620 ablativum
596 3569 745 3630 tenemus,
769 3567 801 3618 ut
824 3557 942 3619 ambulo
965 3560 995 3618 in
1017 3558 1091 3618 loro.
1128 3561 1172 3619 sic
1194 3559 1271 3621 cadit
1294 3562 1325 3621 in
1348 3562 1446 3621 lorum
1469 3568 1500 3619 et
1523 3579 1572 3620 ca·

278 3642 321 3704 dit
343 3645 374 3703 iu
398 3644 462 3704 loro
483 3665 503 3700 s·

429 3729 723 3808 ingrediturque
746 3727 824 3790 solo
847 3738 882 3789 et
905 3735 1018 3807 caput
1041 3730 1142 3788 inter
1164 3728 1293 3789 nubila
1317 3729 1461 3797 condit,

280 3822 312 3872 ut
339 3822 383 3873 est
412 3816 465 3873 ‘iu
495 3816 595 3874 arvis
627 3813 745 3874 altius
774 3813 1017 3890 ingreditur’,
1046 3813 1076 3873 id
1106 3823 1151 3874 est
1172 3813 1317 3874 ambulat:
1353 3815 1433 3875 vides
1457 3823 1573 3876 motum

278 3915 344 3956 esse
373 3906 403 3957 et
431 3900 530 3958 tdtnen
559 3898 717 3959 ablativum
749 3898 807 3959 sibi
836 3898 1002 3967 vindicare:
1031 3898 1083 3958 sed
1113 3900 1143 3958 in
1172 3898 1252 3969 loco,
1282 3909 1314 3959 nt
1343 3900 1420 3970 dixi,
1451 3918 1510 3960 non
1536 3902 1614 3962 deso

277 3979 341 4040 loco
364 3984 394 4041 in
417 3982 523 4043 locum.
569 3985 613 4043 sic
640 3983 740 4062 lapsus
769 3985 800 4043 in
829 3985 972 4062 piscinam
1002 3992 1031 4042 et
1059 3983 1160 4062 lapsus
1181 3987 1211 4044 in
1236 3986 1364 4063 piscina:
1401 3988 1427 4045 si
1451 3986 1488 4045 dc
1513 3985 1574 4046 alin

278 4063 344 4125 loeo
366 4069 396 4126 in
420 4069 565 4146 piscinam
588 4068 720 4138 labatur,
737 4071 923 4131 aecusativus
938 4076 998 4139 est;
1022 4070 1046 4127 si
1063 4071 1178 4129 veroin
1195 4069 1298 4130 eadem
1319 4070 1436 4130 labatur
1453 4072 1573 4150 piscina

345 4322 407 4373 bed
420 4324 572 4389 positionem
582 4349 615 4360 -
627 4324 660 4373 ad
672 4325 812 4390 positiones
823 4324 849 4374 F
892 4325 909 4377 9
922 4326 1001 4375 civem
1012 4349 1045 4361 —
1055 4320 1133 4391 cives]
1149 4327 1229 4376 uicem
1243 4350 1275 4363 -
1289 4327 1357 4376 uices
1371 4325 1394 4376 F
1440 4325 1473 4379 15
1485 4343 1576 4379 sucer-

277 4395 351 4445 dotes
374 4408 436 4445 iren
456 4409 488 4445 us
508 4408 746 4447 runerosrrronnsos
766 4396 793 4444 ln
813 4394 853 4444 his
873 4396 1007 4445 ablativum
1033 4397 1147 4445 adtendit
1167 4398 1191 4445 F
1207 4397 1351 4447 sacerdotes
1372 4397 1460 4447 sicud
1479 4398 1575 4450 bosel

278 4463 483 4514 adhashostes.
504 4464 903 4520 inhisablariuumanendits
989 4466 1173 4516 tbdicitan
1251 4467 1285 4516 26
1305 4467 1428 4516 teneutF
1496 4471 1532 4518 27
1550 4478 1576 4519 et

279 4550 329 4600 qna
344 4535 506 4585 distinctione
518 4533 650 4599 intellegat
666 4546 693 4584 ut
712 4551 760 4585 non
773 4544 860 4600 aperte
878 4538 1021 4601 expositum
1036 4537 1091 4584 eius
1106 4536 1247 4586 differentia
1263 4536 1287 4584 F
1297 4553 1328 4586 ex
1345 4552 1394 4601 qua
1406 4537 1575 4590 distinctione

278 4605 403 4672 intelligat
421 4615 448 4654 ut
465 4620 515 4654 non
531 4614 653 4669 appareat
671 4607 815 4671 expositum
834 4606 888 4655 eius
907 4606 1050 4655 differentia
1068 4619 1084 4660 ς
1154 4606 1189 4656 28
1209 4608 1234 4655 in
1256 4617 1351 4657 motum
1370 4615 1394 4657 et
1413 4608 1439 4656 in
1457 4609 1538 4659 situm
1553 4611 1580 4659 F

346 4672 503 4741 dolentum]
524 4688 645 4729 casurus
715 4675 924 4725 lualiolocoF
991 4675 1024 4727 36
1049 4684 1073 4724 et
1090 4676 1156 4724 cadit
1178 4677 1203 4725 iu
1223 4676 1278 4726 loro
1298 4678 1323 4727 id
1342 4686 1379 4725 est
1398 4677 1514 4728 ambulat
1535 4682 1576 4730 in-

277 4745 441 4811 grediturque
456 4746 481 4794 F
498 4753 522 4794 et
542 4745 609 4793 cudit
628 4745 653 4792 iu
676 4743 740 4798 loro.
768 4746 891 4809 Virgilius
911 4746 1102 4812 ingrediturque
1119 4762 1152 4801 ς.·
1173 4748 1250 4811 Verq.
1270 4749 1333 4798 Aen.
1356 4746 1398 4796 llll
1421 4748 1480 4798 177.
1502 4754 1577 4800 lncri-

276 4831 340 4877 nom,
360 4831 410 4881 pua
429 4817 538 4877 delinitio
549 4816 708 4879 differentiae
723 4817 851 4879 utrimque
864 4831 939 4866 ennea
949 4816 1051 4879 eccidit,
1064 4817 1172 4866 indicaui
1239 4817 1273 4867 38
1291 4818 1383 4867 nulrula
1399 4817 1424 4866 F
1495 4819 1531 4873 39
1550 4823 1577 4872 in

276 4882 356 4952 urvis]
381 4888 460 4950 Verg.
478 4900 565 4950 georg.
587 4885 669 4935 11175
738 4882 889 4952 ingreditur]
912 4885 1039 4936 inoliditur
1055 4887 1078 4935 F
