3346 5498
465 1217 537 1299 Du
567 1215 747 1303 DVBIIS
778 1213 1068 1300 NOMINIBVS

206 1604 367 1670 Libellum
396 1604 436 1668 de
466 1602 575 1667 dubiis
602 1602 787 1667 nominibus
816 1625 833 1665 e
861 1599 972 1665 codice
994 1598 1244 1663 Vindobonenai
1271 1596 1312 1661 89
1334 1595 1410 1661 olim

123 1705 363 1791 Salisburgonsi
387 1704 516 1768 saeculo
538 1727 623 1769 nono
648 1703 768 1789 scripto
790 1704 913 1790 primus
935 1702 1038 1766 edidit
1051 1700 1229 1766 Mauricius
1245 1698 1410 1784 Hauptius

122 1830 189 1871 una
211 1830 283 1871 cum
300 1805 411 1871 Ovidii
427 1804 609 1869 halieuticis
633 1815 665 1869 et
684 1804 791 1868 Gratii
814 1814 847 1867 et
862 1802 1046 1867 Nemesiani
1066 1801 1262 1888 cynegeticis
1279 1801 1410 1887 Lipsiae

122 1932 152 1972 a.
177 1909 268 1972 1838.
297 1909 331 1970 in
359 1906 443 1971 libro
471 1915 579 1970 autem
601 1928 664 1992 quo
688 1928 766 1970 usus
789 1914 860 1968 erat
882 1906 993 1986 unius,
1023 1913 1060 1967 ut
1081 1903 1227 1983 videtur,
1250 1900 1410 1966 membra-

122 2032 183 2074 nae
205 2013 331 2073 iaetura
352 2010 442 2072 iacta
456 2029 495 2071 ea
510 2030 592 2092 quae
607 2007 649 2072 ab
672 2007 764 2071 initio
787 2005 909 2093 scripta
930 2013 1023 2070 erant
1041 2026 1144 2090 usque
1167 2003 1210 2067 ad
1233 2026 1264 2090 p.
1280 2002 1354 2083 575,
1371 2003 1409 2066 17

120 2118 285 2191 pluraliter
312 2122 411 2174 autem
438 2119 633 2174 cancromata
661 2113 791 2172 dicenda
812 2118 881 2171 sunt
901 2107 1083 2192 perierunt3
1114 2103 1240 2192 reliqua
1260 2103 1412 2188 leguntur

122 2213 145 2274 f.
170 2211 349 2277 lto-175
372 2215 461 2274 Canis
481 2231 549 2290 pen.
573 2213 648 2287 sem.
674 2246 709 2254 -
735 2215 889 2288 discrepat
910 2221 1019 2273 atrox:
1048 2208 1090 2270 ci.
1115 2205 1293 2270 Endlicher
1315 2203 1411 2269 catal.

121 2314 192 2377 cod.
220 2312 332 2401 philol.
360 2312 452 2377 latin.
480 2311 560 2377 bibl.
589 2310 693 2375 Palat.
722 2308 866 2375 Vindob.
896 2332 929 2395 p.
959 2308 1018 2373 197
1046 2331 1117 2395 sqq.
1148 2307 1237 2372 aliud
1267 2306 1411 2371 eiusdem

121 2412 224 2488 libelli
246 2413 429 2500 exemplum
451 2412 729 2500 manuscriptum
751 2411 901 2476 Lauduni
924 2409 1094 2475 Gallorum
1115 2412 1284 2475 inventum
1306 2420 1356 2473 est
1378 2411 1411 2472 in

26 2540 28 2544 ·
121 2516 231 2580 codice
260 2513 477 2580 bibliothecae
504 2512 654 2601 publicae
681 2513 909 2578 Laudunensis
935 2512 1015 2591 463,
1045 2535 1141 2599 quem
1169 2512 1413 2596 descripserunt

122 2618 145 2679 ii
168 2617 223 2704 qui
246 2618 428 2701 catalogum
451 2615 722 2682 bibliothecarum
741 2613 935 2700 gallicarum
957 2613 1205 2701 provincialium
1227 2612 1410 2691 ediderunt,

122 2718 289 2801 catalogue
311 2716 442 2801 general
465 2719 521 2783 des
544 2717 740 2782 manuscrits
761 2716 818 2780 des
841 2713 1079 2800 bibliotheques
1103 2713 1160 2778 des
1184 2714 1410 2800 departemens

123 2817 139 2880 I
162 2842 194 2904 p.
217 2819 288 2881 246.
319 2821 353 2882 in
381 2841 418 2884 eo
441 2821 542 2905 igitur
564 2820 675 2885 codice
698 2816 827 2882 sacculo
850 2816 1059 2898 duodecimo,
1089 2815 1253 2879 utvisum
1275 2813 1410 2878 catillis

121 2919 177 3004 qui
193 2920 377 3004 catalogum
393 2923 555 3002 fecerunt,
578 2922 700 3007 scripto
716 2928 874 2982 tractatus
897 2917 938 2981 de
953 2918 1139 2982 nominibus
1155 2918 1276 3001 legitur
1290 2916 1412 2979 omissa

121 3021 347 3108 inscriptione,
377 3027 504 3102 Eprptas
527 3042 596 3101 pen.
623 3025 698 3096 sem.
725 3032 758 3083 ut
786 3024 883 3083 dauid
907 3025 1002 3084 letata
1029 3031 1073 3083 est
1097 3026 1215 3099 epiptus
1235 3056 1278 3066 —
1304 3037 1412 3098 ymbres

119 3145 188 3201 pen.
205 3144 297 3186 masc.
310 3130 388 3200 finit.
413 3121 470 3188 sod
485 3131 562 3209 post
577 3146 608 3185 v.
626 3143 659 3185 as
673 3126 711 3184 de
725 3141 822 3184 ossum
835 3141 905 3199 pen.
921 3128 1030 3197 neutri,
1047 3132 1080 3185 at
1097 3126 1242 3199 Virgilius
1250 3132 1410 3199 postquam

117 3247 218 3304 pavor
232 3247 263 3311 p.
280 3226 321 3288 90
335 3224 368 3287 Η
390 3224 544 3290 librarius
567 3223 695 3286 omissis
711 3219 868 3307 exemplis
884 3223 1078 3309 scriptorum
1093 3220 1225 3284 nomina
1246 3219 1316 3285 sola
1337 3242 1412 3283 cum

121 3326 208 3389 notia
228 3347 382 3410 generum
396 3326 521 3412 posuit,
543 3346 613 3405 opes
624 3345 693 3404 pen.
711 3326 785 3400 sem.
809 3330 967 3387 oleastrum
980 3344 1050 3403 pen.
1068 3333 1149 3387 aeut.
1166 3330 1228 3386 etc.
1244 3321 1304 3385 hoc
1326 3322 1410 3386 libro

121 3450 200 3490 usus
223 3427 336 3491 Victor
364 3427 411 3490 Le
438 3424 531 3490 Clerc
555 3427 590 3490 in
622 3425 804 3513 appendice
831 3423 972 3510 catalogi
994 3447 1089 3512 quem
1113 3423 1181 3488 dixi
1203 3447 1236 3510 p.
1257 3424 1320 3486 649
1340 3445 1410 3509 sqq.

121 3537 296 3591 tractatum
316 3528 356 3591 de
377 3527 563 3593 nominibus
579 3528 627 3591 ita
641 3528 759 3610 edidit,
783 3527 874 3591 utin
896 3529 1003 3613 priore
1025 3537 1119 3612 parte
1141 3526 1303 3610 integram
1325 3524 1409 3589 Lau·

122 3629 279 3692 dunensis
306 3628 427 3693 codicis
450 3629 644 3714 scripturam
667 3628 854 3711 cxliiberet,
883 3629 917 3691 iu
938 3629 1117 3715 posteriore
1145 3626 1222 3691 inde
1244 3648 1264 3690 a
1285 3651 1317 3691 v.
1341 3647 1412 3706 opes

122 3733 200 3794 item
221 3730 510 3795 Vindobonensem
538 3730 682 3796 codicem
710 3753 775 3795 non
802 3731 936 3795 mutatis
963 3729 1089 3794 librarii
1116 3729 1281 3793 erroribus
1303 3728 1409 3814 expri-

123 3844 233 3896 meret.
277 3841 391 3917 postea
419 3832 602 3897 Friden'cus
631 3831 813 3898 Guilelmus
840 3832 918 3897 Otto
940 3833 1110 3917 utriusque
1132 3829 1285 3895 editionis
1308 3830 1410 3916 copiis

122 3933 277 3998 adhibitis
301 3932 419 3998 libmm
441 3932 642 4022 amplissimo
664 3936 908 4015 commentario,
936 3934 969 3997 in
998 3955 1060 4020 quo
1088 3932 1190 3996 multa
1212 3932 1251 3995 de
1273 3931 1409 3997 nomini-

122 4035 182 4100 bus
205 4058 225 4098 a
251 4037 462 4118 grammatico
490 4037 639 4100 tractatis
667 4037 862 4124 disputavit,
893 4037 1086 4099 instructum
1109 4033 1284 4119 separatim
1307 4031 1411 4096 edidit

122 4138 241 4201 Gissae
263 4160 292 4200 a.
320 4136 410 4201 1850.
439 4137 567 4202 duobus
594 4147 702 4202 autem
729 4136 914 4219 codicibus,
943 4137 998 4223 qui
1027 4134 1132 4199 adhuc
1153 4134 1302 4220 usurpati
1325 4143 1410 4216 sunt,

121 4241 186 4302 iam
215 4239 341 4303 accedit
367 4240 483 4302 tertius
512 4239 718 4303 Monacensis
748 4238 851 4303 14252
877 4237 953 4301 olim
982 4237 1207 4301 Emmeramus
1233 4235 1296 4300 252
1325 4258 1410 4299 nono

121 4340 250 4406 saeculo
273 4341 426 4426 scriptus,
450 4341 472 4404 f.
498 4340 662 4405 181-191
685 4348 791 4421 incipit
809 4341 818 4393 11
828 4345 925 4405 dalila
946 4344 984 4402 de
1007 4339 1194 4404 ''nominious
1214 4345 1300 4402 caius
1319 4357 1409 4416 pene-

121 4450 164 4506 ris
185 4450 253 4507 sint.
299 4450 452 4524 Aeppptas
474 4479 508 4492 -
534 4447 689 4522 discrepat
708 4443 852 4529 atroa.*)

206 4631 231 4699 *)
257 4633 378 4682 indicem
400 4632 521 4681 universi
544 4631 648 4681 codicia
675 4631 821 4694 subiciam,
846 4636 876 4680 ut
893 4633 922 4680 in
940 4631 1048 4694 reliqua
1067 4645 1173 4696 quoque
1193 4635 1272 4694 parte
1290 4628 1409 4693 plurima

123 4719 278 4766 ‹roriaentire
293 4732 353 4765 cum
366 4716 573 4767 vindobonensi
591 4721 619 4766 et
630 4716 805 4767 Laudunensi
824 4716 918 4765 codice
937 4715 1124 4782 intellegatur.
1148 4713 1215 4768 Cod.
1228 4713 1346 4767 Emmer.
1359 4715 1408 4762 252

123 4801 218 4852 memb.
237 4817 310 4850 saec.
330 4802 369 4850 IX
389 4802 492 4851 formae
511 4799 663 4865 quadratae
688 4801 707 4850 i.
730 4804 803 4850 1-3
830 4800 938 4850 Parente
956 4800 1055 4852 Scauro
1076 4798 1261 4865 orthoprapla'a
1276 4799 1354 4864 ipilar
1371 4805 1409 4848 eet
