3346 5498
573 368 921 434 ausvtllr-lx1
1323 361 1388 427 435

135 490 156 533 p.
171 479 271 521 arro-ra
283 476 308 519 r.
1157 525 1161 530 V
1207 486 1229 527 p.
1242 475 1286 515 sea
1300 475 1326 515 es
1339 471 1362 512 1.

193 557 301 629 Quarta
323 559 492 636 coniugatio
513 556 559 617 vel
581 559 668 618 tertia
687 556 847 636 producta,
870 575 958 635 quarn
980 556 1173 634 imperativus
1195 553 1298 614 modus
1319 572 1387 632 pro·

110 660 154 721 dit
175 663 185 720 i
207 659 338 721 litteram
359 661 391 720 in
412 661 470 720 fine
492 677 685 728 conservans,
708 660 902 738 praeteritum
919 655 932 739 ΙΙ
954 659 1120 738 perlectum
1141 659 1173 718 in
1195 658 1223 716 ri
1246 654 1389 736 syllabam

109 763 202 822 mittit
229 761 274 822 rel
301 762 333 825 in
359 762 370 821 i
397 760 559 841 duplicem,
588 769 620 821 ut
647 760 736 822 audio
763 761 861 823 audiri
888 760 934 821 vel
961 761 1058 830 audii,
1086 761 1188 822 munio
1209 759 1321 819 muniri
1343 755 1389 817 vel

109 864 217 933 munii,
240 864 338 925 saevio
359 862 468 924 saeviri
490 865 536 925 rel
558 863 662 932 saevii,
692 863 771 924 lenio
792 864 882 924 leniri
903 863 949 924 rel
971 862 1061 931 lenii,
1090 861 1190 922 mollio
1212 859 1321 921 mollivi
1344 858 1389 919 vel

83 963 217 1034 amollii,
246 965 317 1026 finio
343 965 424 1027 linivi
451 964 497 1024 rel
524 965 604 1034 ilnii,
626 966 720 1044 punio
741 967 842 1045 puniri
864 964 909 1025 vel
930 966 1031 1044 punii,
1055 965 1138 1042 sopio
1160 963 1253 1042 sopiri
1275 960 1320 1023 rel
1343 979 1389 1021 so·

108 1067 165 1146 pii,
194 1068 276 1127 aceio
303 1067 396 1128 acciri
423 1065 469 1128 vel
497 1068 587 1137 aecii,
618 1068 681 1129 scio
702 1068 774 1128 sciri
796 1067 842 1127 rel
863 1068 932 1136 scii,
956 1066 1059 1127 hinnio
1080 1066 1195 1126 hinniri
1216 1063 1261 1124 rel
1282 1063 1390 1133 biunii,

109 1185 145 1228 eo
166 1170 207 1229 iri
230 1169 275 1229 rel
297 1170 336 1237 ii,
359 1185 432 1228 exeo
454 1170 532 1230 exivi
554 1168 600 1228 rel
622 1170 696 1239 exii,
719 1172 788 1229 ineo
803 1169 875 1230 iniri
891 1168 935 1229 rel
950 1170 1004 1229 inii
1028 1175 1058 1228 et
1079 1174 1178 1227 cetera
1200 1166 1248 1226 his
1270 1164 1389 1225 similia.

108 1288 202 1350 pauca
230 1273 261 1331 in
283 1272 309 1331 si
337 1276 460 1340 exeunt,
484 1278 515 1330 et
536 1276 606 1331 sunt
627 1270 699 1331 baec
720 1272 799 1340 lere,
828 1272 924 1331 sarcio
945 1271 1036 1340 sarsi,
1059 1270 1153 1331 larcio
1174 1269 1262 1337 sarsi,
1285 1267 1391 1327 haurio
1458 1275 1460 1278 ’
1486 1296 1491 1301 ·

109 1370 209 1442 bausi,
234 1373 317 1454 sepio
339 1374 433 1452 sepsi,
456 1374 553 1436 sentio
575 1373 669 1442 sensi;
692 1373 749 1435 alia
771 1375 803 1432 in
823 1373 869 1442 xi,
897 1372 971 1433 baec
992 1371 1067 1441 sola,
1090 1370 1190 1431 sancio
1212 1371 1311 1438 sanxi,
1334 1368 1390 1429 lul-

71 1475 156 1538 rocio
177 1474 265 1544 futu,
294 1474 390 1537 vincio
411 1474 499 1536 vinxi.
544 1491 635 1536 unum
663 1474 811 1534 invenitur
839 1473 917 1553 quod
939 1474 1065 1553 primam
1088 1471 1231 1552 syllabam
1252 1472 1283 1532 in
1304 1488 1391 1550 prae-

109 1577 186 1638 senti
214 1576 349 1655 corripit,
379 1576 409 1636 in
435 1577 598 1656 praeterito
621 1575 759 1655 producit
787 1576 872 1636 renio
895 1576 977 1646 reni;
1005 1582 1036 1637 et
1061 1575 1221 1654 composita
1243 1591 1280 1633 ex
1303 1590 1338 1633 eo
1359 1573 1391 1634 in

109 1677 188 1741 huno
210 1665 330 1741 modum
351 1677 555 1758 proteruntur.
576 1697 596 1733 s
625 1678 727 1758 aperio
749 1678 866 1759 aperui,
890 1679 938 1741 oui
960 1679 1157 1757 compositum
1173 1675 1320 1744 dissentit,
1343 1692 1390 1734 re·

109 1780 195 1862 perio
216 1780 345 1859 repperi.
371 1778 375 1860 Ι

193 1880 226 1942 ln
253 1881 307 1943 bas
334 1880 398 1943 lere
426 1879 553 1961 syllabas
574 1882 671 1942 omnia
693 1881 798 1952 verba,
829 1900 905 1962 quae
928 1881 1006 1942 trina
1028 1881 1268 1958 coniugationum
1290 1896 1394 1941 norma

72 2003 97 2044 ts
110 1982 324 2062 complectitur,
345 1986 377 2045 in
399 1983 560 2062 praeterito
576 1983 724 2045 desinunt.
752 1984 806 2045 sed
828 1984 938 2064 nequid
960 1982 1160 2062 ambiguitatis
1181 1981 1303 2042 subesse
1325 1998 1393 2061 pos·
1456 2018 1463 2031 ·

41 2110 45 2125 ·
110 2086 150 2146 sit
170 2084 346 2154 lectoribus,
370 2103 427 2145 non
451 2083 701 2147 dissimrdabimus
723 2085 759 2146 de
782 2086 841 2148 illis
863 2086 978 2156 dicere,
1006 2104 1082 2165 quae
1105 2085 1212 2145 rationi
1240 2084 1392 2161 refragan-

109 2192 168 2247 tur.
212 2194 281 2247 sunt
308 2187 387 2247 enirn
414 2185 505 2247 verba
532 2206 607 2267 quae
630 2188 765 2267 personis
787 2188 930 2250 deliciunt
957 2194 987 2249 et
1012 2186 1222 2267 impersonalia
1244 2186 1392 2254 dicuntur,

110 2287 165 2350 nlla
187 2287 296 2357 modis,
320 2287 375 2350 alia
398 2287 596 2369 temporibus,
620 2289 677 2350 alia
698 2290 971 2369 coniugationibus,
997 2289 1054 2350 alia
1075 2289 1251 2368 participiis.
1289 2287 1325 2348 de
1347 2285 1395 2347 bis

109 2396 348 2469 exponemuset
368 2392 499 2471 primum
521 2390 557 2451 de
579 2391 838 2470 impersonalibus,
862 2411 937 2473 qnae
960 2400 1011 2452 aut
1032 2391 1179 2453 secundae
1202 2397 1271 2451 sunt
1292 2389 1393 2449 coniu-

71 2492 237 2568 rogationis
258 2497 309 2552 aut
330 2493 452 2561 tertiae,
475 2499 618 2572 quantum
633 2512 669 2555 ex
683 2495 772 2556 tertia
786 2511 914 2574 persona
930 2493 1125 2572 contemplari
1146 2492 1225 2552 licet.
1249 2513 1268 2549 a
1289 2506 1394 2550 eorum
1440 2482 1445 2493 '

111 2591 166 2654 alia
195 2595 394 2655 accusativum
421 2611 521 2655 casum
549 2595 686 2665 trabunt,
715 2603 748 2656 ut
777 2596 870 2675 pudet
896 2595 996 2657 taedet
1017 2596 1099 2675 piget
1119 2593 1251 2674 poenitet
1272 2592 1396 2653 miseret

110 2693 212 2766 decet;
235 2694 291 2755 alia
314 2694 461 2764 dativum,
486 2703 518 2758 ut
539 2695 610 2757 licet
630 2696 724 2777 liquet
744 2695 826 2759 libet.
865 2716 958 2759 mum
979 2706 1025 2759 est
1046 2695 1124 2776 quod
1146 2713 1216 2756 casu
1238 2712 1297 2755 non
1318 2692 1394 2754 indi-

110 2803 175 2874 get,
204 2803 329 2878 oportet.
374 2805 405 2857 et
431 2799 529 2858 omnia
555 2800 750 2878 praeteritum
777 2799 807 2860 in
834 2800 879 2860 nit
906 2798 1033 2879 syllabas
1062 2798 1199 2867 mittunt,
1228 2802 1262 2856 ut
1290 2795 1396 2875 puduit

111 2899 209 2981 piguit
229 2899 374 2980 poenituit
395 2898 478 2960 licuit
499 2897 586 2961 libuit
607 2900 715 2970 decuit,
738 2907 857 2980 praeter
879 2902 950 2971 tria,
973 2919 1100 2982 qnorum
1121 2899 1179 2960 duo
1201 2898 1343 2959 deliciunt
1364 2898 1396 2956 in

71 3024 98 3065 as
111 3003 288 3082 praeterito,
317 3000 410 3081 liquet
438 3008 469 3062 et
495 3001 608 3071 taedet,
636 3020 728 3063 unum
755 3004 839 3081 quasi
865 3005 1011 3083 passivam
1038 3001 1129 3064 babet
1155 3000 1395 3068 declinationem,

111 3103 248 3165 miseret:
278 3121 346 3162 narn
372 3103 539 3163 miseritum
567 3109 612 3163 est
639 3103 775 3165 dicimus.
819 3112 850 3166 et
875 3105 945 3166 licet
973 3111 1072 3166 tamen
1100 3111 1129 3164 et
1156 3101 1230 3165 libet
1260 3101 1297 3162 ad
1319 3100 1395 3160 banc

111 3202 335 3266 similitudinem
362 3205 492 3282 prolerri
519 3213 655 3285 possunt,
682 3205 796 3266 licitum
823 3213 870 3266 est
896 3214 927 3267 et
952 3205 1070 3268 libitum
1097 3213 1158 3275 est,
1189 3210 1221 3263 et
1242 3201 1343 3264 taedet
1363 3203 1396 3262 in

112 3306 274 3387 composita
295 3306 403 3382 ligura,
427 3314 597 3385 pertaesum
619 3315 673 3368 est.
706 3307 812 3368 tertiae
835 3308 1049 3386 coniugationis
1071 3303 1299 3387 imperlsonalia
1320 3303 1395 3365 dati·

111 3425 180 3468 rum
202 3425 303 3468 casum
325 3407 497 3478 adsumunt,
520 3416 553 3469 nt
574 3408 718 3486 contingit
747 3409 845 3469 evenit
866 3409 975 3470 accidit
996 3408 1126 3489 expedit.
1170 3406 1313 3487 quaedam
1334 3405 1395 3485 pri·

72 3535 99 3575 ao
112 3526 177 3573 mae
206 3508 422 3586 coniugationis
450 3510 656 3592 impersonalia
689 3512 895 3593 reperiuntur,
923 3519 956 3571 ut
983 3512 1064 3572 iuvat
1089 3515 1235 3589 praestat,
1263 3525 1344 3606 ¹quae
1366 3513 1397 3567 et

205 3711 218 3762 l
239 3721 328 3775 quarta
346 3713 491 3780 coniugatio
509 3714 585 3769 Cdor.
601 3713 661 3777 246,
681 3714 722 3766 17.
741 3729 800 3766 earo.
821 3713 896 3768 coar.
915 3713 976 3779 566,
993 3713 1028 3766 26
1097 3712 1129 3764 17
1147 3713 1180 3763 de
1195 3709 1399 3777 inpersonalibus

114 3781 189 3835 coar.
204 3781 264 3840 253,
282 3782 308 3836 6.
327 3783 409 3834 Diona.
428 3782 488 3847 397,
508 3784 539 3835 ll

114 3954 210 4003 eundae
228 3963 253 4003 et
275 3964 314 4004 eet
332 3957 429 4020 primae
448 3955 670 4021 coniugationiee
738 3957 799 4008 2in
817 3955 893 4006 linem
912 3962 1045 4006 conserunt
1062 3955 1086 4004 F
1155 3952 1230 4005 trel
1249 3952 1330 4001 eaerii
1349 3967 1395 4002 oue

114 4024 139 4072 P
207 4024 224 4075 6
242 4024 282 4073 vel
301 4025 347 4074 seii
367 4039 414 4078 om.
434 4026 459 4074 P
524 4027 540 4076 7
559 4040 589 4075 eo
609 4025 643 4074 ibi
663 4025 702 4075 uel
719 4026 738 4075 ii
756 4026 789 4086 P,
808 4042 854 4080 om.
873 4027 918 4084 Fs
978 4023 1092 4078 9inleio
1111 4019 1187 4087 l'ulxi]
1207 4021 1278 4072 leltio
1298 4021 1360 4071 lalxi
1374 4023 1401 4072 P

183 4094 216 4144 12
232 4095 318 4159 aperio
337 4095 425 4159 aperui
444 4095 484 4144 eri
502 4095 662 4160 conpositum
681 4095 804 4148 dementit
822 4097 938 4162 repperio
956 4095 1056 4162 repperi
1075 4094 1100 4143 F
1115 4094 1202 4158 aperio
1219 4092 1308 4157 sperni
1325 4094 1398 4143 cuins

113 4164 281 4229 compositum
305 4164 422 4215 dissentit
446 4167 562 4230 repperio
582 4165 682 4229 repperi
703 4179 721 4222 ς
743 4167 848 4231 aperio
866 4167 1009 4231 composita
1026 4165 1180 4214 dissentiunt
1199 4163 1225 4212 in
1251 4164 1395 4227 praeterito.

113 4235 201 4299 aperio
223 4234 290 4283 enim
312 4236 400 4301 aperui
425 4234 501 4295 lacit,
525 4234 611 4298 operio
636 4236 732 4299 operui.
763 4236 862 4301 reperio
877 4244 961 4286 eutem
980 4235 1075 4301 reperi,
1096 4244 1121 4282 et
1139 4233 1267 4298 comperio
1285 4233 1397 4296 comperi

113 4304 254 4358 Poenos.
274 4306 366 4355 lacuna
383 4304 582 4369 φκαπιωάἰωυί
599 4305 715 4368 ampla
730 4304 858 4356 uerborum
873 4323 909 4358 ea:
925 4321 949 4358 o.
969 4305 1042 4355 renio
1060 4304 1241 4370 conpetitorem
1258 4310 1284 4353 et
1310 4301 1397 4364 defini·

112 4375 147 4424 tio
163 4375 258 4424 ittoruu
279 4391 343 4438 quae
355 4376 520 4440 praeteritam
533 4375 559 4423 in
573 4372 599 4421 ui
614 4373 713 4436 socient
729 4377 857 4428 excidisse
872 4375 991 4426 ridentur
1058 4374 1176 4440 repperio
1191 4371 1292 4438 repperi
1305 4371 1331 4420 P

115 4442 148 4494 16
165 4441 207 4509 de]
225 4444 271 4494 sed
289 4447 314 4495 Ρ
382 4443 561 4510 reirangnntur
577 4444 604 4493 P
617 4442 746 4509 retragent
757 4445 783 4494 F
849 4445 882 4496 17
899 4445 1005 4508 quaein
1022 4443 1140 4508 personis
1158 4441 1279 4493 deliciunt
1297 4448 1322 4489 et
1340 4454 1398 4504 per-

115 4513 214 4563 sonalia
231 4514 256 4563 F
322 4513 356 4564 26
373 4516 487 4564 laconum
504 4529 576 4579 mora
588 4515 697 4565 indicari
712 4515 836 4579 supplerit
851 4512 992 4576 Putecbim,
1010 4526 1075 4578 quae
1093 4512 1219 4563 secundae
1238 4509 1397 4575 coniugatio·

115 4583 155 4631 nis
174 4593 241 4643 eunt,
259 4598 346 4633 eorum
360 4584 409 4634 ulia
427 4594 474 4635 cte.
488 4599 632 4650 quamquam
646 4587 724 4648 plura
739 4583 852 4643 fortasse
870 4585 902 4635 de
914 4585 1085 4635 umbratione
1098 4581 1290 4645 inverecundiam
1301 4579 1398 4642 scripto

114 4659 200 4702 erant:
224 4653 259 4712 cf.
278 4654 344 4706 Dor,
366 4671 393 4718 p.
415 4653 475 4717 384,
492 4655 526 4706 24
545 4668 609 4717 quse
629 4668 687 4704 vero
706 4653 731 4704 in
749 4662 774 4703 et
792 4663 899 4718 exeunt,
916 4669 946 4704 ea
963 4654 1039 4705 modo
1058 4653 1144 4706 dativo
1162 4650 1237 4702 modo
1254 4649 1397 4699 aecumtiro

115 4722 185 4771 casui
201 4722 313 4773 serviunt
382 4725 416 4773 22
434 4734 461 4772 ιιι
479 4723 537 4776 lieet
557 4723 621 4786 liqui
643 4733 668 4773 et
685 4738 763 4773 unum
786 4731 824 4774 est
841 4725 868 4774 Ρ
933 4722 967 4776 23
985 4725 1011 4774 in
1030 4724 1068 4774 ult
1085 4721 1207 4788 syllabam
1222 4719 1300 4775 PFs
1318 4720 1344 4768 in
1361 4719 1399 4768 nit

114 4792 210 4912 issam
230 4791 342 4857 syllabas
364 4793 497 4847 Patrobios
565 4792 599 4852 76
622 4793 762 4853 misertum>
776 4802 815 4856 est
838 4793 946 4852 dicimus
968 4793 1027 4851 licet
1050 4800 1133 4850 tamen
1155 4799 1180 4845 et
1201 4793 1239 4855 (et
1258 4797 1344 4839 tamen
1361 4789 1398 4853 F)

124 4862 132 4910 i
152 4870 176 4910 ct
193 4863 218 4912 F
220 4875 238 4921 ς
