3346 5498
654 367 890 429 COMMENTVM
1358 368 1421 436 253

1237 491 1257 531 p.
1271 480 1360 521 sse-er
1374 480 1396 519 ι,

125 573 201 633 ergo
223 555 253 642 in
277 553 447 615 nominibus
470 555 584 614 numeri
608 562 720 616 tantum
743 555 866 636 pluralis
886 558 926 618 ita
942 556 1075 627 tacimus,
1098 556 1238 619 Puteolos
1259 558 1340 630 vado,
1364 560 1421 620 Pu·

126 656 216 717 teolis
238 659 340 727 venio,
363 656 493 718 Athenas
516 655 604 726 vado,
628 657 750 718 Athenis
772 660 866 719 venio.
910 660 965 720 ista
993 657 1163 737 planissima
1189 668 1272 730 sunt,
1302 661 1420 738 quando

125 759 165 818 ad
187 756 296 827 locum,
320 761 502 829 accusativo;
538 758 655 836 quaudo
683 759 720 820 de
743 758 822 829 ioco,
845 762 981 839 septimo.
1028 758 1146 838 quaudo
1173 761 1204 820 in
1233 759 1313 845 loeo,
1341 763 1420 824 varia

126 868 174 922 cst
201 860 345 921 dubitatio
374 863 494 922 omnino
523 867 552 920 et
579 863 686 939 gravis
733 861 784 922 sed
815 868 912 922 tamen
941 861 1143 923 discreverunt
1174 880 1238 923 eam
1269 863 1345 924 bene
1374 863 1421 924 his

97 960 248 1041 ⁵regulis.
293 981 404 1042 quaere
426 964 520 1042 ipsius
542 964 667 1024 civitatis
689 964 887 1024 nominativus
910 981 968 1041 quo
990 963 1078 1026 modo
1101 971 1194 1034 exeat,
1218 972 1316 1026 utrum
1339 966 1421 1026 inus

126 1072 222 1136 exeat,
246 1083 284 1125 an
306 1066 336 1125 in
360 1083 419 1126 um.
455 1063 573 1142 quando
596 1083 668 1144 ergo
689 1067 720 1126 in
743 1064 809 1126 loco
831 1068 1007 1143 quaerimus,
1031 1066 1077 1125 ita·
1093 1064 1236 1127 debemus
1258 1067 1365 1133 iacere.
1384 1075 1422 1152 ut

124 1183 303 1245 quaeramus
324 1169 417 1247 ipsius
440 1168 563 1228 civitatis
586 1169 810 1228 nominativum:
833 1169 859 1228 si
872 1169 936 1245 ipsc
951 1169 1148 1228 nominativus
1170 1169 1295 1228 civitatis
1317 1175 1367 1229 aut
1389 1170 1419 1229 in

124 1277 225 1331 usaut
240 1270 271 1329 in
293 1287 342 1329 um
365 1270 478 1339 exierit,
501 1267 673 1348 sequndum
688 1271 856 1349 genetivum
879 1270 934 1339 lac,
957 1278 992 1331 ut
1012 1277 1082 1350 puta
1098 1268 1296 1330 Mediolanum
1319 1269 1419 1331 Delus.

125 1370 325 1434 Mediolanum
354 1372 385 1432 in
414 1389 464 1432 um
488 1373 555 1440 exit,
582 1371 669 1434 Delus
691 1375 721 1433 in
746 1391 780 1433 us
803 1374 862 1433 exit
891 1373 1086 1447 nominativo:
1109 1373 1140 1433 in
1163 1370 1228 1432 loeo
1252 1373 1283 1432 in
1305 1374 1316 1432 i
1338 1373 1419 1433 tacit.

84 1489 199 1552 mergo
223 1473 292 1534 ‘ubi
314 1471 436 1534 luisti'?
464 1472 546 1535 ‘Deli
569 1474 641 1534 lui’.
686 1474 754 1535 ‘ubi
784 1475 902 1536 luisti’l
929 1472 1104 1535 ‘Mediolani
1132 1473 1202 1534 iui'.
1247 1472 1420 1558 adverbium
1509 1530 1522 1552 g

125 1574 185 1636 loci
212 1576 243 1635 in
271 1575 336 1636 loeo
364 1575 528 1636 secundum
555 1577 723 1654 genetivum
752 1578 782 1637 in
805 1577 922 1646 i'lacit,
948 1557 1066 1653 quando
1089 1577 1288 1662 nominativus
1316 1575 1361 1635 vel
1384 1595 1420 1636 us

124 1676 172 1738 vel
195 1696 245 1738 um
268 1678 359 1738 siverit
380 1679 571 1745 terminatus;
600 1686 668 1755 puta
691 1678 790 1739 Naxus
812 1676 925 1739 aradus
946 1677 1059 1738 insulae
1081 1685 1159 1738 sunt.
1206 1675 1275 1736 ‘ubi
1303 1677 1417 1736 luistil’

126 1778 219 1840 ‘Naxi
241 1780 315 1848 iui',
347 1779 452 1840 ‘Aradi
479 1780 554 1840 tui':
584 1781 614 1839 in
643 1778 708 1839 loco
735 1781 896 1841 secandum
920 1782 1102 1854 genetivum,
1125 1781 1150 1841 si
1172 1778 1368 1840 nominativus
1389 1780 1420 1840 in

125 1900 162 1942 us
190 1880 236 1942 vel
263 1882 293 1941 in
321 1899 371 1942 um
400 1883 513 1942 exierit.
558 1883 583 1941 si
610 1888 710 1942 autem
739 1898 836 1959 neque
859 1883 891 1942 iu
918 1899 953 1942 us
981 1898 1078 1958 neque
1106 1881 1224 1950 inum,
1248 1878 1419 1950 sedalitev,

82 1998 110 2039 vs
125 1991 197 2064 puta
220 1983 308 2044 Baiae
329 1982 479 2054 Athenae,
502 1985 561 2043 iam
582 1981 746 2044 secundum
770 1983 900 2043 dativum
923 1982 1079 2044 adsumere
1101 1981 1203 2067 babes.
1248 1981 1343 2044 Tibur
1365 2001 1420 2043 noo

124 2087 157 2147 in
178 2101 215 2147 us
237 2087 297 2147 exit
318 2103 373 2145 nee
395 2086 425 2144 in
448 2104 513 2153 um;
533 2074 610 2162 'ergo
633 2085 726 2146 Tibur
740 2083 861 2145 Tiburis
876 2084 995 2154 Tiburi,
1020 2083 1127 2144 dativo.
1162 2084 1231 2145 ‘ubi
1255 2093 1286 2145 tu
1310 2085 1419 2145 luistil’
1499 2115 1503 2121 ·

126 2186 248 2248 ‘'l'iburi
280 2186 349 2247 lui’.
398 2186 533 2247 similiter
565 2185 713 2265 Karthago
748 2186 935 2265 Karthaginis
970 2185 1151 2264 Karthagini.
1198 2186 1268 2249 ‘ubi
1303 2187 1419 2247 luistit’

127 2272 317 2367 ‘Karthagini
339 2289 409 2348 lui’.
455 2295 526 2368 puta
549 2288 641 2350 Roma
664 2306 761 2366 neque
783 2290 814 2347 in
837 2307 873 2350 us
895 2307 992 2369 neque
1014 2290 1045 2348 in
1067 2306 1118 2348 um
1140 2289 1214 2358 exit,
1237 2289 1311 2351 haec
1327 2288 1420 2350 Roma

126 2390 216 2451 huius
239 2390 351 2451 Romae
375 2388 443 2450 huic
467 2391 586 2450 Romae.
634 2389 704 2451 ‘nbi
726 2391 843 2450 luisti‘l'
872 2391 1001 2452 ‘Romae
1023 2390 1094 2451 lui'.
1141 2399 1171 2451 et
1191 2391 1222 2450 iu
1244 2389 1302 2450 illis
1324 2392 1419 2451 uomi-

80 2509 112 2548 so
127 2491 215 2552 nibus
238 2493 356 2553 numeri
379 2500 492 2553 tantum
514 2491 639 2571 pluralis
655 2498 687 2552 ut
701 2494 777 2552 scias
800 2492 922 2554 eandem
947 2510 1012 2554 esse
1035 2499 1148 2553 tantum
1165 2491 1253 2552 modo
1276 2491 1418 2572 regulam,

125 2591 242 2655 Puteoli
270 2593 461 2655 Puteolorum
489 2593 628 2655 Puteolis.
674 2593 743 2655 ‘ubi
771 2594 885 2656 luistil'
918 2593 1065 2655 ‘Puteolis
1098 2594 1167 2655 iui'.
1212 2612 1271 2655 non
1299 2611 1419 2674 possunt

126 2695 228 2756 dicere
261 2695 468 2767 Puteolorum,
505 2696 557 2757 sed
590 2695 729 2757 Puteolis.
780 2696 869 2758 Baiae
900 2697 1039 2758 Balarum
1073 2696 1160 2757 Baiis.
1204 2694 1271 2786 ‘ubi
1304 2696 1419 2756 luistit'

126 2797 224 2859 ‘Baiis
245 2798 317 2858 tui'.
348 2800 420 2860 istae
442 2797 563 2876 regulae
579 2799 764 2860 firmissimae
787 2803 869 2867 suut,
894 2816 949 2859 nec
972 2797 1058 2859 aliter
1080 2797 1222 2859 debemus
1244 2796 1334 2877 loqui.
1364 2814 1420 2857 nec

127 2917 180 2960 vos
202 2899 300 2961 trabat
327 2902 488 2961 auctoritas
511 2899 686 2980 plerumque
713 2908 828 2980 sumpta
856 2919 912 2980 pro
935 2901 1120 2961 necessitate.
1165 2918 1232 2960 nam
1254 2900 1419 2960 invenimus

74 3000 206 3080 .25aputl
230 3009 364 3063 auctores
394 3004 472 3063 varie
501 3001 678 3082 aliquotiens
704 3004 799 3082 posita
826 3000 872 3062 vel
893 3019 988 3063 causo
1010 3000 1206 3063 clausularum
1230 2999 1275 3062 vel
1293 3006 1419 3082 propter

126 3111 232 3164 metra.
275 3103 421 3165 hahemus
443 3123 535 3165 unum
560 3102 564 3186 1
590 3103 758 3182 exemplum
781 3105 858 3183 apud
882 3103 1056 3182 Vergilium,
1079 3104 1156 3183 apud
1179 3103 1348 3165 Sallustium
1372 3121 1418 3163 se-

126 3204 185 3265 mel
208 3204 335 3275 dictum,
360 3206 436 3286 apud
460 3207 632 3267 Ciceronem
657 3205 702 3266 bis
724 3205 845 3267 dictum.
891 3205 1049 3285 numquid,
1073 3208 1210 3284 quoniam
1233 3203 1325 3266 semel
1346 3203 1419 3282 legi·

126 3309 164 3368 sti
186 3307 263 3386 apud
287 3307 448 3386 Vergilium
471 3315 520 3370 aut
542 3307 635 3369 semel
659 3307 735 3387 apud
759 3308 947 3378 Ciceronem,
977 3309 1034 3369 iam
1058 3308 1151 3368 debes
1173 3307 1230 3368 boc
1252 3309 1312 3369 uti?
1349 3325 1447 3387 ecce,

125 3408 273 3487 Vergilius
301 3409 393 3470 semel
417 3429 488 3471 usus
511 3420 556 3471 est
577 3411 633 3470 ista
655 3429 702 3479 re,
733 3409 860 3489 ‘Tyria
888 3409 1115 3489 Karthagine
1145 3412 1205 3490 qui
1232 3427 1329 3471 nuuc
1357 3427 1418 3470 ex·

84 3515 278 3591 aspectat’.
324 3520 472 3591 expectat,
503 3514 556 3582 ait,
587 3513 751 3573 Mercurius
782 3510 973 3591 Karthagine.
1019 3511 1089 3592 quid
1122 3511 1266 3573 debuerat
1297 3511 1417 3573 dicere?

125 3616 280 3693 ‘expectat
307 3613 513 3692 Karthagini';
542 3614 705 3674 secundum
733 3613 862 3674 dativum
891 3613 1007 3683 debuit,
1037 3621 1066 3675 et
1095 3633 1165 3675 usus
1188 3621 1234 3674 est
1255 3615 1419 3675 secundum

124 3713 293 3775 ablativum.
343 3715 390 3776 dic
419 3724 450 3777 tu
479 3715 577 3785 aliter,
613 3726 646 3777 ut
673 3718 750 3777 scias
778 3718 917 3796 quoniam
952 3717 1130 3777 necessitate
1162 3714 1219 3776 hoc
1253 3715 1336 3784 lecit,
1370 3715 1418 3775 dio

125 3816 231 3897 ‘Tyria
253 3816 429 3895 Karthagini
452 3821 501 3896 qui
525 3837 605 3878 nunc
628 3824 788 3899 expectat'.
834 3818 898 3880 vide
922 3820 947 3879 si
972 3828 1029 3879 stat
1050 3810 1170 3878 versus?
1208 3819 1329 3878 omniuo
1359 3836 1418 3879 non

124 3925 234 3998 potest.
266 3937 336 3998 ergo
352 3938 440 3980 causa
456 3922 544 3980 metri
560 3919 617 3981 hoc
640 3922 721 3991 lecit,
747 3938 805 3981 non
828 3939 883 4000 per
903 3922 1088 4000 inperitiam,
1112 3919 1163 3981 sed
1187 3927 1310 4000 propter
1332 3921 1421 3981 metri

84 4021 341 4082 nenecessitatem.
388 4021 461 4082 alter
489 4025 590 4084 nescio
619 4023 669 4103 qui
702 4023 775 4082 lecit
800 4025 831 4082 in
859 4040 963 4098 prosa
1008 4024 1034 4084 si
1060 4024 1091 4083 iu
1119 4040 1208 4102 prosa
1236 4021 1292 4083 boc
1319 4021 1418 4092 iacias,

124 4122 240 4183 invenis
263 4124 392 4204 quinque
416 4123 527 4202 longas.
573 4125 641 4185 ideo
664 4133 762 4186 autem
784 4126 921 4196 mutavit,
951 4132 983 4187 ut
1003 4134 1104 4206 posset
1126 4124 1235 4187 bonam
1258 4123 1418 4186 clausulam

198 4380 336 4445 lputeolis
355 4382 431 4431 uenio
449 4390 473 4431 et
490 4382 515 4430 in
535 4383 680 4432 nominibus
702 4382 800 4432 numeri
820 4391 916 4432 tantum
935 4381 1043 4448 pluralis
1062 4381 1169 4430 athenas
1186 4381 1253 4432 uado
1268 4381 1351 4430 Aac

126 4449 160 4499 13
177 4451 318 4500 seeundum
341 4453 487 4516 genetivum
506 4467 551 4504 om.
569 4452 653 4502 ABG
744 4454 776 4504 15
799 4453 874 4502 Baiae
895 4448 1019 4518 Athenae]
1042 4451 1189 4510 beneetiuee
1208 4450 1267 4500 AB
1284 4449 1417 4499 beneuemi

124 4518 218 4569 athene
238 4520 258 4569 C
279 4521 412 4570 beneuenti
431 4522 557 4572 adthenae
578 4522 592 4570 h
664 4523 697 4574 1ss
719 4523 799 4573 exiuit
817 4522 890 4573 eea
913 4523 1000 4571 exiuut
1017 4521 1042 4570 A
1112 4522 1145 4571 25
1165 4522 1248 4586 posita
1266 4520 1418 4583 aliquotiens

124 4587 150 4637 B
223 4591 261 4639 vel
281 4606 358 4640 causa
373 4592 541 4642 clausularum
562 4592 747 4643 Lindemoanus
761 4592 801 4641 uel
817 4592 985 4641 clausularum
1003 4590 1057 4642 Ao
1074 4590 1246 4641 clausularum
1263 4590 1287 4639 B
1307 4589 1345 4638 uel
1359 4602 1418 4654 pro·

123 4667 182 4723 pter
199 4659 326 4710 clausulas
345 4662 359 4710 b
443 4663 477 4714 26
495 4662 563 4729 apud
583 4659 738 4728 Sallustium]
755 4663 790 4725 cs.
811 4662 911 4716 Gledon.
930 4677 956 4725 p.
978 4660 1046 4712 1876
1132 4661 1165 4711 21
1185 4660 1252 4725 apud
1271 4658 1417 4708 Ciceronem

125 4729 164 4778 bis
183 4730 277 4779 dictum
296 4731 492 4796 ona.A‚odd.o
562 4730 596 4780 ‘29
615 4730 702 4798 Tyria]
728 4732 887 4796 Verg.Aen.
907 4734 952 4781 1111
970 4732 1021 4781 aad
1083 4730 1117 4782 32
1135 4731 1176 4780 dio
1190 4741 1215 4778 tu
1234 4729 1308 4778 aliter
1325 4745 1371 4779 ora.
1384 4731 1418 4783 A,

122 4802 245 4863 inmarg.
266 4801 357 4849 oddo
415 4798 544 4866 quoniam]
565 4802 692 4864 quomodo
710 4802 793 4852 ABG
855 4801 888 4850 33
907 4803 929 4850 si
947 4818 994 4854 om.
1014 4799 1104 4861 Aac,
1127 4799 1221 4850 odd-b
1292 4798 1418 4848 :sortiter

123 4884 193 4922 corr.
214 4871 277 4919 alter
296 4871 320 4919 B
392 4873 450 4921 lecit
468 4873 490 4922 si
510 4874 534 4920 in
556 4886 632 4937 prosa
650 4870 699 4921 boe
715 4871 794 4922 iacias
808 4871 893 4922 Ano
960 4871 994 4924 36
1012 4879 1039 4919 ut
1059 4871 1141 4935 possit
1154 4868 1207 4920 AG
