3346 5498
302 387 365 450 3ιο
405 454 415 472 ,
841 384 1043 448 consensu

327 510 347 548 p.
362 497 493 537 ecastor.

302 581 420 639 boatum
442 576 546 645 habet,
571 594 663 635 vorren
686 577 839 654 patientis,
864 575 965 636 eadem
989 577 1102 636 ratione
1125 593 1182 654 qua
1205 576 1281 635 facio
1305 583 1334 634 et
1356 577 1404 634 tro.
1450 585 1586 635 innuerat

301 681 462 758 hospitem,
500 686 674 738 muneratur
706 678 869 757 hospitem,
904 678 1006 738 eadem
1038 679 1214 755 significatio
1245 685 1289 737 est
1316 679 1347 737 in
1377 686 1501 757 utroque
1530 678 1585 738 sub

302 783 428 843 diversis
450 780 713 841 declinationibus:
745 781 834 841 habet
861 781 939 840 enim
962 782 993 839 in
1016 787 1142 858 utroquo
1165 782 1224 840 rirn
1246 782 1379 840 activam.
1425 780 1493 839 lruic
1516 800 1585 841 con·

302 887 427 944 trarium
450 891 494 942 est
517 884 659 944 ‘ioeluit
686 883 791 943 albos
818 902 896 943 cum
923 885 1014 943 vitta
1043 883 1187 942 crines'
1210 890 1240 942 et
1262 883 1439 942 ‘loricam
1463 882 1584 943 indui·

303 988 396 1047 tur’:
421 985 511 1045 habet
534 988 614 1045 enim
637 988 667 1045 in
691 994 818 1064 utroque
841 987 900 1044 vim
922 987 1078 1064 passivam.
1244 1003 1250 1008 ·
1599 1007 1613 1045 5

386 1087 479 1156 Nunc,
504 1090 643 1167 quoniam
660 1107 714 1167 per
730 1087 860 1165 singrdas
875 1105 949 1167 qnae
965 1085 1056 1146 verbo
1072 1086 1210 1149 accidunt
1232 1093 1332 1166 partes
1354 1086 1480 1147 deiicere
1495 1086 1586 1147 rerba

301 1191 388 1271 paulo
404 1197 471 1251 ante
488 1190 702 1270 praediximus,
727 1208 815 1269 quem
838 1190 873 1249 ad
896 1189 1014 1250 modum
1038 1191 1069 1249 iu
1092 1206 1201 1266 genere
1225 1188 1308 1249 verbi
1332 1189 1476 1248 defectiva
1499 1190 1585 1249 intel·

301 1295 451 1370 legantur,
476 1293 606 1353 breviter
622 1292 855 1370 conplectemur.
887 1291 1030 1370 quaedam
1053 1293 1096 1351 sic
1119 1291 1273 1359 deficiunt,
1299 1298 1410 1350 01000
1434 1293 1585 1351 invenian-

302 1406 350 1457 tur
382 1396 498 1456 litterae
534 1394 652 1477 solitae,
687 1412 762 1473 quae
791 1395 884 1472 prima
912 1413 1038 1472 persona
1066 1395 1233 1473 praesentis
1261 1395 1404 1472 temporis
1432 1392 1584 1454 indicativi

301 1498 379 1559 modi
403 1516 497 1575 genus
520 1497 738 1564 demonstrant,
764 1514 781 1554 0
803 1495 918 1555 seilicet
941 1503 970 1556 ct
992 1515 1017 1555 r.
1048 1514 1081 1556 ea
1105 1505 1173 1556 suut
1187 1495 1275 1555 buius
1290 1497 1385 1564 modi,
1410 1503 1441 1554 ut
1463 1498 1584 1556 memini
1601 1519 1625 1558 ro

301 1618 421 1679 possum
444 1600 543 1659 taedet
565 1601 695 1677 inquam.
740 1598 883 1676 quaedam
907 1616 977 1658 vero
999 1616 1036 1657 nc
1058 1597 1169 1659 habent
1192 1597 1310 1677 quidem
1334 1601 1459 1677 primam
1482 1618 1584 1677 porso-

301 1721 384 1770 nam,
416 1710 447 1761 nt
475 1703 516 1760 sis
544 1702 607 1760 infit
637 1718 699 1759 ave.
746 1718 798 1759 nee
828 1701 921 1761 solum
950 1700 1004 1759 bac
1033 1702 1147 1759 ratione
1175 1700 1330 1768 deliciunt,
1362 1701 1413 1761 sed
1435 1702 1585 1761 interdum

302 1823 408 1864 novum
431 1803 570 1882 quiddam
602 1804 752 1862 invenitur
774 1805 805 1862 in
829 1821 864 1861 eo
887 1801 992 1868 verbo,
1025 1821 1083 1880 quo
1105 1819 1198 1879 genus
1221 1821 1275 1881 per
1298 1802 1427 1864 litteram
1451 1804 1585 1864 declara·

302 1917 367 1974 tur,
392 1905 506 1965 seilicet
529 1913 561 1964 ut
585 1913 686 1964 contra
710 1906 854 1964 rationem
881 1912 1048 1964 ceterorum
1076 1906 1107 1963 in
1131 1905 1187 1964 1100
1211 1905 1352 1982 producta
1376 1908 1415 1965 sit
1436 1926 1453 1964 o
1475 1907 1584 1975 littera,

302 2019 333 2070 ut
356 2018 401 2068 sto
424 2007 460 2067 (10
483 2008 530 2066 llo.
575 2006 626 2066 scd
655 2007 727 2067 baec
756 2016 904 2085 tamqnam
934 2005 1131 2085 monosyllaba
1155 2002 1161 2088 l
1185 2015 1287 2066 contra
1316 2008 1447 2084 regulam
1475 2009 1639 2087 produ-153

301 2121 423 2180 cuntur,
447 2129 622 2190 quamquam
638 2109 761 2187 Virgilio
785 2111 826 2168 sic
843 2108 1031 2169 observatum
1055 2111 1108 2176 sit,
1132 2117 1164 2168 ut
1186 2128 1272 2169 onrne
1296 2109 1418 2170 verbum
1441 2131 1458 2169 0
1480 2113 1584 2171 termi-

301 2221 417 2281 natum,
446 2221 644 2291 quotcumque
674 2210 852 2290 syllabarum
881 2219 973 2279 esset,
1003 2211 1218 2290 produceretur
1245 2213 1343 2289 potius
1373 2233 1460 2291 quam
1489 2215 1584 2272 corri-

302 2324 432 2395 peretur.
463 2314 605 2393 quaedam
620 2314 750 2374 litteram
766 2313 938 2372 sollemnem
961 2332 993 2373 ac
1018 2313 1143 2390 legitimi
1166 2316 1309 2392 temporis
1331 2316 1361 2372 io
1385 2315 1441 2374 1100
1464 2315 1583 2384 liabent,

302 2419 353 2478 sed
377 2417 412 2476 ad
442 2415 666 2494 significandum
695 2433 789 2492 genus
817 2414 890 2474 nibil
915 2415 1049 2494 prodest,
1078 2415 1156 2494 quod
1179 2415 1257 2475 idem
1280 2415 1401 2475 verbnm
1426 2426 1474 2477 aut
1497 2418 1585 2477 aliam

301 2538 458 2599 personam
481 2526 531 2577 aut
553 2519 643 2578 alium
665 2517 784 2577 modum
807 2517 916 2585 adlert,
940 2537 1027 2595 quam
1043 2537 1100 2597 quo
1116 2536 1209 2594 genus
1232 2517 1423 2595 intellegitur,
1447 2528 1478 2578 ut
1501 2520 1584 2579 redo.
1599 2549 1638 2597 203

303 2641 359 2681 non
383 2622 463 2680 enim
488 2622 582 2698 prima
605 2638 731 2699 persona
754 2627 799 2678 cst
820 2620 973 2679 indicativi
997 2618 1074 2678 modi
1099 2622 1244 2698 temporis
1267 2623 1439 2698 praesentis,
1464 2623 1515 2681 sed
1539 2641 1585 2681 se·

302 2723 396 2784 cunda
420 2731 464 2783 est
486 2724 653 2800 imperativi
675 2720 753 2780 modi
777 2723 920 2800 temporis
942 2723 1116 2800 praesentis.
1161 2721 1233 2781 cedo
1256 2725 1335 2782 enirn
1358 2725 1503 2801 significat
1526 2724 1585 2783 die.

386 2825 423 2884 m
446 2827 584 2904 quoniam
607 2824 644 2883 de
667 2824 812 2884 confessis
834 2825 964 2903 quinque
988 2824 1149 2900 generibus
1171 2827 1242 2885 satis
1265 2825 1375 2885 dictum
1399 2834 1456 2894 est,
1481 2826 1516 2885 de
1540 2829 1585 2886 10-

302 2928 451 3008 personali
484 2945 592 3004 genere
627 2925 710 2985 verbi
743 2923 924 3003 subiungere
959 2929 1160 2987 necessarium
1194 2935 1248 2987 cst.
1293 2930 1402 2986 etenim
1432 2928 1468 2987 de
1499 2930 1588 2988 istius

301 3031 380 3090 modi
404 3028 503 3088 verbis
525 3031 604 3088 inter
625 3034 739 3087 veteres
761 3036 971 3108 praeceptores
994 3047 1051 3088 non
1074 3029 1153 3089 nulla
1177 3030 1322 3089 dissensio
1344 3036 1398 3088 cst.
1430 3030 1479 3090 alii
1504 3033 1641 3110 00110ῑο51

301 3134 357 3193 boc
381 3151 474 3210 genus
496 3130 579 3190 verbi
596 3131 692 3190 modis
709 3131 872 3209 adplicant,
897 3131 946 3190 alii
963 3129 1124 3209 generibus
1147 3134 1244 3209 potius
1267 3139 1296 3191 et
1319 3132 1588 3208 significationibus

303 3238 428 3312 iungunt
451 3240 479 3293 ct
503 3235 585 3293 aiunt
608 3233 725 3292 modum
749 3252 813 3292 esso
837 3252 895 3293 non
917 3252 1018 3312 posse,
1042 3235 1181 3311 quoniam
1205 3253 1258 3312 per
1281 3252 1383 3292 onmes
1404 3235 1506 3293 modos
1528 3235 1586 3294 sol-

302 3338 393 3398 lemni
423 3337 595 3413 figuratione
625 3335 772 3397 decurrat.
819 3355 872 3396 nos
899 3337 969 3415 quid
1006 3335 1189 3414 sequendum
1223 3335 1419 3403 arbitremur,
1454 3338 1588 3414 exposita

302 3442 386 3519 prius
419 3437 652 3516 inpersonalinm
687 3441 817 3498 omnium
851 3441 979 3506 ratione,
1025 3439 1196 3516 pandemus.
1250 3438 1300 3496 scd
1340 3441 1511 3517 priusquam
1550 3439 1588 3498 de
1656 3478 1665 3497 .

303 3543 376 3620 ipsis
409 3539 647 3619 inpersonalibus
680 3541 849 3620 loquamur,
883 3541 938 3603 lroc
972 3542 1160 3619 praemisisse
1194 3539 1266 3600 utile
1300 3548 1358 3607 est,
1394 3548 1425 3599 ut
1459 3542 1630 3608 sciamusffl,

303 3645 398 3702 omnia
428 3642 517 3701 verba
545 3660 620 3720 quac
650 3660 792 3720 personas
819 3645 986 3718 significant
1014 3645 1112 3702 statim
1142 3651 1172 3701 et
1195 3651 1326 3722 tempora
1350 3644 1531 3719 siguificare,
1556 3651 1589 3702 ut

303 3752 372 3823 puta
396 3745 470 3821 legis
494 3744 565 3819 legit
590 3743 705 3820 legebat
729 3752 757 3802 et
780 3752 893 3810 cetera,
924 3752 1045 3803 atvero
1068 3763 1142 3822 quac
1166 3753 1299 3824 ternpora
1323 3746 1504 3822 significant,
1529 3763 1587 3804 non

304 3848 401 3904 statim
431 3852 460 3903 et
488 3863 643 3922 personas,
674 3845 758 3904 verbi
786 3863 872 3905 cansa
901 3854 932 3904 01
960 3845 1059 3906 dicere
1087 3846 1197 3907 elicitur
1219 3846 1374 3909 ‹licebatur
1397 3846 1507 3905 dictum
1531 3854 1587 3905 est.

304 3965 381 4006 neruo
404 3946 440 4006 dc
463 3947 694 4024 inpersonaliurn
718 3949 746 4006 vi
775 3954 804 4006 et
833 3950 972 4008 varietate
996 3949 1137 4008 dicemus.
1183 3948 1272 4008 verba
1296 3949 1493 4027 iupersonalia
1517 3967 1587 4008 ron-

304 4067 391 4108 seusu
415 4049 609 4127 plurimorum
626 4049 699 4108 duas
714 4049 824 4109 babent
846 4053 976 4128 speeies:
1001 4059 1050 4110 aut
1073 4054 1150 4110 enim
1175 4069 1190 4109 c
1214 4060 1243 4109 et
1266 4059 1277 4109 1
1301 4051 1410 4111 litteris
1433 4053 1631 4120 1011101101,ος

304 4150 431 4210 utlibet
454 4150 552 4209 taedet
574 4152 704 4227 praenitet
727 4151 826 4221 decet,
857 4160 906 4212 ant
933 4155 963 4211 in
988 4160 1035 4212 tur
1063 4159 1184 4221 exeunt,
1209 4160 1240 4211 01
1263 4160 1357 4213 statur
1381 4155 1497 4213 venitur
1519 4171 1588 4213 cur·

305 4254 380 4312 ritur
409 4251 518 4328 legitur
543 4252 686 4312 scribitur
713 4254 822 4314 dicitur
850 4257 974 4332 geritur.
1019 4255 1070 4315 sed
1100 4255 1173 4316 baec
1201 4255 1334 4315 delinitio
1356 4256 1506 4335 plerisque
1529 4275 1591 4317 non

305 4390 605 4398 -—.-..—-—-—-.

373 4457 389 4506 2
408 4454 572 4522 significatio]
595 4458 734 4507 substantia
756 4459 789 4508 M
855 4460 871 4507 4
891 4459 973 4508 induit
992 4459 1073 4508 induit
1087 4436 1157 4508 atdos
1178 4461 1223 4509 M:
1242 4461 1321 4524 Verp.
1338 4461 1402 4513 Aen.
1419 4460 1466 4508 Vll
1482 4459 1533 4509 417

305 4528 408 4576 luricam
425 4528 464 4577 L:
488 4527 785 4590 Verp.Aen.V11640
856 4527 1112 4594 iverbi]uerboB
1182 4530 1590 4595 intelleguntm·BMinueninn-

305 4606 345 4646 tur
361 4599 386 4648 L
438 4596 469 4646 10
487 4596 563 4646 huius
581 4598 648 4646 modi
669 4600 708 4662 (ot
725 4599 766 4648 odi
785 4600 844 4649 noui
862 4599 921 4652 odd.
943 4601 977 4649 al.
993 4598 1072 4659 oron.)
1092 4601 1191 4648 memini
1212 4601 1236 4648 B
1253 4601 1375 4649 eiusmodi
1398 4610 1424 4649 ut
1442 4600 1544 4648 memini
1558 4600 1593 4649 M

305 4667 445 4716 eiusmodi
466 4667 732 4719 utnouimeminiL
786 4671 815 4720 ll
837 4667 1054 4733 aelnonBML
1109 4669 1141 4719 tu
1159 4669 1206 4733 sio]
1228 4669 1275 4719 boc
1289 4670 1320 4717 M
1371 4672 1401 4720 17
1421 4671 1593 4734 corriperetur

305 4735 590 4800 iuliaequaedamM
647 4740 678 4788 21
698 4740 744 4789 sed
762 4755 807 4792 om.
828 4740 854 4788 B
909 4735 1011 4804 audie]
1033 4738 1123 4787 dorrel
1144 4739 1257 4787 datiuum
1279 4739 1311 4787 M
1373 4740 1595 4790 23conlusisM

355 4806 386 4854 de
405 4807 572 4869 inpersonolis
588 4808 640 4858 BL
702 4810 735 4860 25
750 4810 862 4859 desentio
881 4809 911 4857 M
928 4809 1047 4858 discretio
1067 4809 1091 4857 B
1154 4810 1186 4857 ‘27
1202 4809 1316 4857 sollemni
1336 4810 1486 4876 significatio
1505 4808 1590 4872 (corr.

307 4871 379 4936 one)
399 4875 510 4926 decurrit
529 4877 560 4925 M
