3346 5498
255 353 318 417 248
826 343 976 414 POMPEI!

282 461 441 518 pen-aar.

257 543 361 605 temus
383 542 471 602 etiam
494 542 549 601 ista
572 541 764 618 coniungere.
811 541 908 601 ‘venio
931 539 1012 602 illue’
1036 540 1113 602 bone
1136 540 1271 609 dicimus,
1295 539 1345 601 sed
1369 558 1429 601 non
1451 539 1549 599 ‘venio

257 644 360 712 illac';
382 647 453 705 alluo
474 661 529 722 per
551 642 650 703 locum
674 648 727 703 est.
772 647 829 703 ‘eo
850 640 918 702 illo'
942 640 1019 703 bene
1041 641 1180 711 dicimus;
1209 642 1259 702 sed
1290 641 1356 702 ride
1379 658 1417 705 nc
1439 640 1550 720 produ-

257 767 306 809 cas
330 744 462 808 ultimam
484 742 624 829 syllabam
649 751 678 804 et
700 743 779 805 dicas
801 742 861 814 illo,
885 745 954 824 quia
968 742 1063 805 Latini
1085 746 1115 805 in
1139 743 1240 806 ultima
1261 741 1371 824 syllaba
1394 749 1550 805 accentum

258 867 316 910 uon
339 847 459 909 habent.
503 844 555 906 sed
583 863 621 906 ne
650 845 726 934 lorte
749 845 844 915 dicas,
873 847 983 926 ‘quare
1012 863 1084 925 ergo
1112 847 1236 907 dicimus
1258 846 1369 907 istricl’
1402 844 1455 905 scd
1477 843 1550 907 illud

257 969 311 1030 per
333 967 488 1029 apocopen
511 947 647 1010 dicimus.
671 946 675 1028 1
700 948 828 1008 maiores
849 948 929 1009 enim
951 949 1047 1010 nostri
1069 946 1172 1028 plenas
1187 946 1337 1009 habebant
1351 946 1578 1009 elocutionesz⁵

256 1054 300 1113 sic
323 1058 366 1113 esi
387 1053 463 1111 istuc
485 1051 568 1130 qnasi
591 1052 685 1112 istuce
708 1051 751 1111 sic
774 1057 818 1110 est
841 1048 887 1111 lae
908 1050 992 1130 quasi
1014 1050 1087 1111 lace.

140 1176 198 1235 415,
214 1173 245 1223 15
343 1153 419 1214 Sunt
440 1150 578 1215 adverbia
601 1171 676 1233 quae
698 1151 786 1213 dubia
809 1159 891 1220 sunt,
922 1168 1010 1232 quem
1033 1151 1069 1213 ad
1093 1153 1215 1214 modum
1237 1153 1381 1220 dicamus,
1411 1153 1492 1213 intro
1514 1169 1551 1212 an

139 1245 351 1324 ⁵¹⁰22⁰iotus
375 1255 456 1316 ioras
472 1272 516 1314 an
538 1253 620 1315 ioris.
665 1253 718 1315 sed
740 1252 797 1314 hoc
819 1255 957 1321 interest.
986 1253 1064 1332 qnod
1093 1256 1172 1315 intus
1194 1262 1225 1316 ct
1245 1256 1317 1317 loris
1340 1253 1413 1316 duas
1441 1252 1553 1316 habent

257 1357 501 1437 significationes,
535 1358 613 1418 intro
642 1364 672 1416 el
699 1355 778 1416 locas
806 1374 893 1416 unam
927 1354 1039 1416 habent
1072 1356 1326 1435 significationem.
1374 1363 1444 1436 puta
1473 1356 1552 1416 intro

258 1461 346 1527 loras,
370 1457 407 1519 ad
428 1456 527 1519 locum
551 1465 597 1517 est
619 1464 786 1537 utrumque,
809 1466 879 1536 puta
903 1459 1000 1518 ‘intro
1023 1457 1124 1529 rado’,
1152 1460 1224 1520 ilem
1247 1459 1343 1519 ‘ioras
1365 1457 1467 1519 vado’.
1500 1456 1552 1520 scd
1568 1472 1596 1515 ιο

259 1579 381 1623 necesse
404 1557 494 1620 habet
514 1566 676 1636 utrumque
697 1577 786 1620 unam
803 1560 1051 1635 significationem
1075 1559 1186 1622 habero
1209 1559 1305 1641 [intus
1328 1578 1400 1640 ergo
1428 1568 1459 1622 ct
1480 1560 1555 1622 loris

258 1664 406 1742 geminam
434 1659 545 1721 habent
572 1660 832 1737 significationem,
864 1662 896 1720 in
925 1660 990 1722 loeo
1019 1663 1113 1730 intus,
1147 1663 1220 1724 loris
1249 1670 1306 1730 csl;
1342 1670 1371 1723 et
1398 1662 1435 1722 de
1462 1658 1554 1742 locol.

260 1773 331 1844 puta
354 1769 432 1840 ‘quo
456 1761 573 1822 vadisi'
597 1761 633 1823 ad
656 1762 753 1823 locum
778 1770 831 1823 ost.
859 1780 949 1841 ⁴crgo
972 1764 1049 1841 ‘quo
1071 1764 1169 1825 vadis?
1196 1765 1274 1824 loras
1298 1763 1387 1825 vado'
1410 1764 1488 1825 benc
1511 1762 1556 1824 di·

187 1882 189 1885 ·
259 1868 368 1933 cimus,
397 1866 536 1945 quoniam
564 1863 601 1925 ad
628 1864 725 1925 locum
755 1873 800 1924 ost
825 1873 995 1944 utrumqne.
1041 1868 1119 1927 intus
1148 1884 1217 1926 roro
1248 1875 1277 1926 et
1305 1866 1378 1926 loris
1403 1867 1555 1944 geminam

260 1967 369 2029 liabent
390 1967 643 2045 significationem,
668 1966 704 2026 de
727 1965 793 2026 loco
816 1974 845 2026 et
867 1968 896 2027 iu
921 1965 995 2028 loeo.
1027 1969 1058 2028 iu
1080 1966 1146 2028 loco
1169 1986 1228 2047 quo
1244 1967 1350 2028 modo?
1372 1970 1599 2037 incessuros

258 2070 331 2131 loris
354 2088 430 2130 sum.
476 2067 513 2128 de
536 2067 601 2129 loco
623 2087 681 2148 quo
705 2067 793 2128 modo
816 2070 880 2128 esti
902 2071 980 2130 intus
1003 2089 1084 2138 exeo,
1110 2070 1181 2130 ioris
1204 2071 1299 2129 renio.
1346 2068 1406 2130 noli
1428 2071 1558 2148 iungere

262 2172 508 2251 praepositiones.
553 2187 612 2231 nou
644 2171 723 2230 enim
746 2187 876 2249 {possum
906 2170 1006 2231 (licere
1034 2171 1071 2231 de
1099 2173 1189 2232 intus,
1240 2170 1323 2231 narsiti
1359 2172 1437 2232 enirn
1474 2173 1559 2248 quasi

262 2293 348 2335 eausa
373 2273 538 2333 communis
561 2269 737 2354 elocutionis
759 2274 799 2332 ita
821 2271 969 2341 locuntur,
992 2272 1148 2334 ‘deintus
1171 2275 1284 2342 verrio&
1309 2281 1340 2333 ct
1361 2272 1471 2342 dicum,
1487 2272 1560 2335 ideo

263 2375 351 2435 «lebet
379 2374 416 2434 de
443 2375 539 2452 iungi,
570 2381 602 2434 ul
629 2374 773 2451 significet
801 2373 838 2433 do
866 2374 941 2434 loco.
987 2374 1038 2434 sed
1067 2374 1134 2435 ideo
1162 2384 1195 2436 tu
1224 2374 1283 2436 noli
1312 2377 1449 2454 iungere:
1490 2394 1559 2436 nam

262 2475 382 2538 stultum
406 2483 460 2536 est.
492 2476 562 2553 quid
587 2476 665 2536 enim
689 2493 763 2554 opus
786 2480 831 2535 ost
853 2484 885 2534 ut
907 2476 944 2537 de
967 2479 1079 2555 iungas,
1103 2486 1136 2537 nt
1157 2478 1305 2556 significes
1327 2475 1464 2538 deloco?
1488 2478 1559 2557 quta
1575 2492 1603 2533 ao

264 2580 349 2639 renio
373 2586 501 2638 nonest
529 2579 559 2637 iu
583 2577 663 2645 loco,
699 2577 755 2638 hoc
783 2580 879 2658 ipsum
910 2579 993 2639 terrio
1023 2580 1169 2657 significat
1191 2579 1244 2640 tibi
1267 2581 1406 2659 quoniam
1429 2597 1490 2641 uon
1513 2587 1562 2641 est

264 2685 293 2742 in
317 2680 392 2751 loco,
419 2679 470 2740 sed
494 2678 530 2740 de
552 2678 628 2740 loco.
674 2697 746 2756 erqo
768 2681 845 2740 scire
869 2679 961 2739 ‹leocs
984 2681 1121 2758 qnoniam
1146 2682 1200 2741 ista
1223 2682 1286 2760 ipsa
1309 2681 1457 2751 adverbia,
1477 2691 1562 2761 'oquae

264 2784 309 2843 sui
335 2780 340 2862 Ι
364 2791 469 2843 natura
492 2780 600 2859 aliquid
631 2801 691 2843 non
721 2780 882 2861 explicant,
919 2781 988 2859 quid
1018 2783 1197 2859 significent,
1233 2801 1287 2861 per
1314 2762 1562 2846 coniunctionem

265 2885 423 2946 verborum
451 2883 558 2963 aliquid
590 2881 770 2963 explicantur
799 2884 956 2963 explicant.
1002 2901 1073 2961 ergo
1101 2885 1219 2963 quando
1247 2885 1314 2944 dico
1337 2887 1435 2946 ‘intus
1462 2890 1562 2954 sum’‚

265 3005 329 3048 sum
352 2984 500 3063 intellege.
534 2985 603 3066 quid
628 2992 673 3047 ost
695 2987 780 3047 sumi
803 2986 1003 3065 perruanenlis
1026 2994 1078 3045 est.
1111 3006 1184 3065 crgo
1207 2996 1236 3046 et
1258 2988 1336 3046 intus
1356 2988 1605 3065 permanentises

266 3099 320 3151 est.
365 3090 463 3149 ‘intus
487 3090 605 3149 renio':
629 3089 708 3148 intus
731 3089 832 3148 nescio
855 3089 939 3149 cuius
961 3088 998 3147 sit
1019 3089 1249 3165 significationis.
1298 3091 1382 3149 venio
1404 3089 1489 3149 cuius
1515 3097 1565 3150 est

266 3175 508 3270 significationisl
536 3189 670 3251 deloco.
716 3208 788 3269 crgo
811 3197 841 3251 et
862 3192 942 3250 intus
965 3189 1001 3249 do
1024 3188 1090 3249 loeo
1113 3199 1166 3250 cst.
1212 3192 1289 3251 intro
1318 3198 1348 3250 et
1374 3190 1454 3250 loros
1475 3189 1564 3251 indu·

267 3292 427 3354 hitabililer
450 3291 486 3353 ad
509 3292 606 3353 locum
629 3294 805 3370 significant,
830 3300 861 3352 ut
885 3294 980 3352 ‘intro
1004 3291 1103 3360 rado'‚
1128 3293 1224 3352 ‘loras
1247 3292 1342 3353 vado'.
1387 3293 1467 3353 intus
1490 3310 1564 3353 vero

266 3402 297 3454 ct
319 3394 391 3456 loris
414 3412 473 3455 non
495 3395 661 3473 significant
689 3394 724 3454 ad
749 3394 861 3464 locum,
886 3394 937 3455 sed
960 3394 1126 3472 significant
1148 3394 1221 3455 duas
1244 3413 1307 3462 res,
1331 3396 1361 3455 in
1384 3392 1450 3462 loco
1473 3391 1565 3455 etde

267 3496 341 3557 loco.
386 3495 503 3575 quando
526 3504 624 3558 alitem
647 3498 813 3575 significent
835 3499 865 3556 in
890 3497 963 3564 loco,
988 3496 1106 3576 quamlo
1128 3497 1165 3556 do
1189 3496 1261 3565 loco,
1286 3495 1346 3557 noli
1369 3495 1406 3555 de
1428 3496 1500 3575 ipsis
1513 3495 1563 3556 in·
1577 3509 1605 3549 ao

267 3597 407 3675 tellegere
432 3597 578 3676 (arnldgua
601 3600 679 3657 enim
702 3607 770 3658 snut
793 3607 822 3657 et
843 3601 977 3677 incerta),
1001 3598 1053 3659 sed
1077 3598 1183 3676 collige
1206 3597 1242 3658 de
1265 3597 1363 3658 verbis
1384 3598 1566 3658 coniunctis.

269 3698 357 3761 verba
381 3701 459 3759 enim
483 3701 639 3760 coniuncta
663 3718 784 3760 ttct'osse
808 3700 918 3760 habent
939 3709 1041 3780 aperta
1065 3702 1162 3760 iacere
1186 3699 1333 3760 adverbia.
1377 3716 1449 3777 ergo
1471 3698 1565 3760 modo

268 3804 362 3870 intuo,
386 3802 462 3861 siin
485 3800 551 3861 luco
574 3810 632 3867 est,
657 3802 701 3860 rel
725 3803 811 3871 loris,
835 3803 860 3861 si
883 3805 913 3862 ln
937 3802 1002 3863 loro
1026 3811 1079 3872 est,
1104 3805 1216 3868 nescis:
1240 3803 1264 3861 si
1287 3800 1375 3862 rerba
1399 3801 1565 3861 coniunxc-

269 3905 319 3972 ris,
344 3905 401 3963 iam
425 3901 581 3980 intellegis,
604 3902 699 3981 qualia
724 3910 801 3970 sunt,
825 3911 924 3964 ulrum
948 3906 976 3965 in
1000 3905 1075 3974 loco,
1099 3924 1135 3964 an
1160 3904 1196 3963 de
1220 3902 1292 3963 loeo.
1324 3905 1349 3963 si
1364 3901 1474 3963 dixeris
1490 3920 1566 3963 exeo

269 4009 364 4074 venio,
388 4003 600 4081 intelleguntur
623 4004 660 4064 dc
684 4004 750 4065 loco
773 4024 849 4064 osse.
894 4008 917 4067 si
940 4006 1052 4067 dixeris
1074 4007 1179 4066 sedere
1202 4025 1267 4066 esse
1290 4005 1437 4072 dormire,
1461 4005 1564 4100 ompia
1578 4019 1607 4060 ss

269 4111 324 4170 ista
347 4111 377 4169 in
401 4108 467 4168 loco
491 4106 664 4184 significant.
711 4108 802 4167 ‘loris
826 4109 937 4175 venio'‚
967 4109 1059 4169 ‘loris
1082 4110 1187 4168 cxco’:
1219 4109 1268 4186 qui
1292 4106 1364 4168 dicit
1385 4108 1486 4175 venio,
1510 4109 1564 4184 qui

270 4211 341 4271 dicit
363 4228 446 4277 exeo,
471 4227 529 4269 non
553 4210 697 4286 significat
719 4209 750 4266 in
774 4208 847 4277 loco,
871 4209 922 4268 sod
946 4210 982 4269 dc
1007 4209 1080 4270 loco.
1126 4230 1183 4270 non
1208 4219 1306 4270 tamen
1330 4208 1473 4270 debemus
1495 4210 1564 4270 iun·

270 4331 341 4393 gere
363 4312 608 4392 praepositiones.
640 4329 706 4369 nam
731 4311 754 4369 si
779 4309 907 4370 volucris
930 4314 1054 4389 iungere
1076 4314 1305 4393 (temptaverunt
1328 4313 1406 4372 enim
1429 4310 1566 4392 plerique

270 4416 313 4476 sic
336 4414 437 4494 loqui),
461 4429 534 4490 cogo
557 4422 586 4473 te
609 4413 731 4491 iungere
755 4431 820 4472 cum
845 4413 879 4473 iis
902 4432 968 4473 cum
992 4413 1100 4495 quillus
1124 4434 1183 4475 non
1207 4416 1258 4474 ris.
1304 4413 1377 4474 dicis
1399 4412 1487 4483 mihi,
1511 4412 1564 4474 de·

344 4639 356 4689 l
377 4638 441 4689 bene
462 4638 569 4688 dicimus
592 4652 640 4686 non
660 4637 705 4686 sed
727 4636 802 4685 uenio
826 4635 883 4684 illuc
904 4654 949 4703 per
969 4637 1050 4685 lurmn
1069 4637 1148 4687 ABG
1219 4640 1234 4688 i
1260 4638 1323 4685 istuc
1343 4638 1394 4685 Au
1415 4638 1477 4685 istuc
1495 4650 1566 4687 corr.

272 4710 377 4760 istueB
431 4707 594 4759 strabensis
644 4706 912 4757 lisicetislucAB
965 4709 1001 4755 sie
1023 4705 1399 4758 estiacBGoeicetlocA
1454 4705 1487 4757 1⁸
1504 4708 1566 4757 noni

273 4778 345 4830 ABG
391 4776 892 4842 'iliquirueniollquuioucnllAB
944 4779 975 4828 Ἡ
996 4779 1079 4842 ipsum
1097 4778 1171 4825 uerrio
1190 4776 1229 4826 dt
1246 4778 1328 4843 ipsum
1342 4776 1481 4826 uenitAB
1532 4777 1566 4828 23

274 4857 361 4899 notura
377 4850 471 4913 aliquid
486 4850 560 4901 BGa
577 4847 684 4898 naturali
702 4848 763 4912 quid
780 4845 804 4895 A
857 4849 889 4898 ²4
907 4847 1062 4914 explic-anter
1074 4862 1120 4899 om.
1137 4846 1157 4896 0
1208 4846 1241 4897 37
1261 4861 1311 4896 oon
1327 4845 1470 4913 significant
1484 4845 1570 4900 ABG
