3346 5498
463 373 663 436 nxcEtvrTA
685 370 858 434 vantstttn
883 371 1030 433 x——Xlll
1337 367 1394 431 611

1199 491 1220 531 ρ.
1234 479 1336 521 arn-u
1351 476 1373 517 o.

193 563 236 625 lle
251 541 420 630 indicativo,
437 563 487 642 qui
502 566 533 622 et
546 560 725 622 definitivus.
754 560 932 621 indicativus
947 558 1036 619 habet
1051 558 1213 621 absolutam
1226 559 1262 619 de
1275 576 1307 618 re
1323 576 1397 638 quae
1412 566 1459 616 147
1474 563 1505 612 v.

110 669 209 744 agitur
232 663 236 744 Ι
261 666 543 744 pronuntiationem.
588 681 654 724 nam
682 665 733 743 qui
755 662 827 723 dicit
848 660 933 722 ποιῶ
956 661 1084 722 ostendit
1105 664 1186 730 fieri:
1223 661 1275 741 qui
1301 667 1400 721 autern

110 769 181 830 dicit
207 766 296 828 ποίει
323 773 355 827 ut
382 767 433 827 liat
453 768 597 845 imperat;
625 759 676 844 qni
700 764 775 825 dicit
797 760 828 824 εἰ
847 770 975 844 ποιοῖμι
997 770 1080 842 optat
1102 770 1135 824 nt
1156 766 1221 833 liat;
1254 764 1305 842 qui
1327 761 1401 823 dicit

111 862 172 932 ἐάν
192 868 279 931 ποιῶ
301 867 428 929 necdum
450 869 517 928 deri
540 868 738 937 demonstrat;
761 866 1062 944 commodaveram,
1086 865 1166 927 nulla
1188 865 1322 927 delinitio
1344 873 1400 925 est.

85 971 191 1038 ssolus
220 973 316 1050 igitur
346 970 485 1032 delinitus
506 969 670 1049 perlectam
704 971 748 1028 rei
777 969 978 1029 defiuitionem
1001 969 1148 1028 continet:
1184 967 1261 1028 unde
1295 968 1401 1028 Graeci

110 1065 284 1153 ’ὁριστικὴν
319 1069 486 1150 ἔγκλισιν,
520 1072 617 1132 Latini
650 1070 769 1131 modum
796 1070 979 1131 definitivum
1008 1072 1220 1131 vocitaverunt.
1271 1069 1402 1149 denique

110 1175 206 1237 omnia
229 1182 363 1254 tempora
385 1176 417 1235 in
439 1173 495 1234 hoc
517 1173 580 1233 solo
601 1172 689 1233 niodo
710 1172 859 1234 disiuncta
882 1179 912 1232 et
933 1171 1028 1232 libera
1051 1172 1255 1251 proteruntur.
1300 1171 1403 1232 dicunt

111 1279 191 1341 enirn
206 1272 390 1349 ἐνεστῶτος
410 1274 506 1344 ποιῶ,
522 1274 752 1354 παρατατικοῶ
768 1271 923 1335 ἑποίουντ
946 1281 985 1334 at.
996 1276 1027 1334 in
1043 1275 1217 1353 imperativo
1239 1275 1403 1351 iunguntur

109 1380 184 1441 haec
210 1386 344 1457 tempora
376 1373 558 1449 ἐνεστῶτος
579 1372 635 1436 καὶ
661 1374 890 1455 παρατατικοῦ
917 1373 1022 1453 ποίει,
1049 1377 1122 1435 item
1149 1368 1181 1436 in
1215 1377 1403 1437 coniunctivo

73 1507 98 1545 ιο
112 1477 293 1552 ἐνεστῶτος
321 1476 377 1540 καὶ
404 1478 633 1557 παρατατικοῦ
657 1471 719 1540 ἐάν
739 1476 843 1556 ποιῶ,
872 1485 903 1537 et
924 1479 955 1541 in
982 1479 1113 1557 optativo
1142 1472 1325 1549 ἐνεστῶτος
1345 1474 1403 1538 καὶ

111 1581 339 1663 παρατατικοῠ
362 1577 394 1642 εί
405 1587 543 1660 ποιοῑμι,
560 1583 591 1642 in
605 1582 752 1642 infinitivo
768 1575 950 1651 ἐνεστῶτος
963 1575 1021 1639 καί
1035 1579 1265 1656 παρατατικοῦ
1280 1585 1401 1641 ποιεῖν.

110 1683 250 1746 similiter
277 1683 454 1745 indicativus
480 1676 730 1764 παρακειμένου
758 1683 829 1743 lacit
857 1678 1023 1761 πεποίηκα
1053 1689 1082 1741 et
1110 1673 1403 1761 ὑπερσυντείικοῶ

111 1780 341 1864 turonensem:
366 1787 559 1865 imperativus
581 1803 651 1845 vero
673 1777 923 1865 παρακειμένου
945 1779 1000 1844 καὶ
1026 1776 1318 1863 ὑπερσυντείικοῶ
1332 1785 1404 1846 lacit

102 1886 271 1967 ,πεποίηκε
297 1882 521 1967 πεποιηκέναι,
548 1894 579 1947 et
606 1888 813 1949 coniunctivus
839 1878 1089 1967 παρακειμένου
1117 1881 1173 1946 καὶ
1195 1878 1403 1964 ὑπερσυντε-

73 2019 98 2058 15
111 1988 209 2050 λικοῦ
238 1981 299 2051 ἐάν
320 1985 508 2070 πεποιήκω,
530 1991 677 2069 optativus
699 1982 949 2069 ,παρακειμένου
981 1984 1038 2049 καί
1060 1980 1351 2067 ὑπερσυντείικοῦ
1375 1985 1406 2048 εί

110 2086 335 2171 πεποιήκοιμι,
359 2092 493 2153 infinitus
514 2085 743 2172 πεπαυκέναι.
775 2110 879 2153 rursus
902 2091 1081 2152 indicativus
1102 2092 1197 2152 utitur
1218 2089 1404 2169 temporibus
1491 2148 1492 2155 ,

15 2264 19 2268 p
111 2195 264 2273 separatis,
287 2212 355 2253 cum
377 2192 487 2254 dicitur
508 2185 668 2280 ἀορίστου
691 2189 843 2273 ἐποίησα,
866 2188 1047 2273 μέλλοντος
1067 2188 1211 2273 ποιήσαι
1234 2191 1287 2252 sed
1309 2193 1403 2272 impe·

110 2298 223 2358 rativns
250 2295 322 2355 lacit
348 2288 508 2374 ἀορίστου
537 2290 593 2355 καί
620 2285 801 2374 μέλλοντος
822 2293 981 2373 ποίησον,
1009 2296 1216 2356 coniunctivus
1244 2287 1405 2373 ἀορίστου

112 2395 168 2458 καί
196 2391 378 2478 μέλλοντος
408 2389 469 2459 ε’ἀν
496 2391 639 2477 ποιήσωε
669 2399 817 2476 optativus
840 2416 910 2458 vero
932 2404 963 2457 et
994 2398 1129 2458 inssnitus
1149 2396 1223 2457 haec
1244 2396 1307 2458 sola
1330 2404 1404 2457 tern-

73 2519 183 2580 sopora
210 2500 379 2582 proterunt¹
394 2506 545 2579 separata,
572 2492 748 2580 ποιήσαιμι
775 2495 831 2559 καὶ
860 2494 1033 2581 ποιήσοιμι
1060 2506 1090 2560 et
1118 2498 1167 2559 ille
1189 2497 1327 2579 ποιῆσαι
1349 2492 1405 2558 καὶ

111 2597 276 2682 ποιήσειν.
319 2603 466 2681 optativus
488 2600 669 2674 Graecorum
696 2619 752 2661 nec
773 2601 1129 2682 minusquamperlectum
1156 2619 1213 2661 nec
1234 2599 1404 2679 plusquam·

111 2707 277 2784 perlectum
311 2713 427 2784 tempus
455 2703 584 2765 admisit.
633 2705 751 2784 utrique
780 2721 852 2782 ergo
879 2703 999 2765 modum
1033 2704 1204 2780 integritate
1238 2709 1404 2781 temporum

108 2806 240 2871 liberum
268 2809 430 2867 contractis
458 2813 488 2866 et
517 2807 656 2867 coartatis
678 2808 742 2866 iure
765 2813 961 2886 praeponunt.
1003 2805 1163 2865 derivativa
1185 2802 1284 2873 verba,
1307 2803 1406 2864 idest

113 2926 147 2968 ea
170 2926 245 2988 quae
269 2927 304 2968 ex
327 2907 428 2969 verbis
450 2908 517 2970 aliis
549 2907 734 2978 derivantur,
765 2926 823 2968 non
847 2909 905 2968 nisi
928 2925 963 2965 ex
986 2905 1137 2966 definitivo
1165 2906 1312 2983 originem
1341 2923 1404 2966 sor·

75 3011 243 3079 25tiuntur,
273 3017 305 3070 ut
333 3020 377 3073 est
403 3009 480 3089 θρῶ
501 3009 667 3088 principale
696 3016 725 3069 et
755 3027 790 3068 ex
813 3027 848 3068 eo
870 3008 1063 3069 derivativum
1085 3000 1218 3087 θραύω.
1262 3007 1306 3067 sic
1328 3005 1405 3084 apud

113 3112 232 3172 Latinos
255 3110 425 3172 meditativa
448 3120 476 3171 ct
499 3110 666 3171 inchoativa
689 3117 720 3170 et
741 3111 959 3190 frequentativa
987 3108 1076 3170 verba
1104 3116 1174 3170 sunt
1195 3128 1231 3170 er
1254 3109 1406 3170 defuritiro

111 3214 201 3276 ruodo
222 3212 382 3273 verborum
404 3212 613 3292 principalium
637 3212 779 3274 derivata.
808 3213 963 3291 speciatim
985 3229 1056 3271 vero
1072 3210 1163 3273 verda
1185 3211 1263 3291 apud
1277 3211 1407 3272 Graecos

112 3335 187 3395 quae
212 3317 242 3375 in
264 3335 301 3394 μι
316 3322 425 3375 exeunt
447 3333 483 3374 ex
505 3314 657 3375 definitivo
679 3321 771 3376 tracta
794 3321 865 3375 sunt
886 3313 969 3374 verbi
992 3316 1023 3375 in
1047 3332 1073 3374 ω
1096 3315 1242 3383 exeuntis,
1267 3320 1299 3374 ut
1319 3312 1407 3374 τιθῶ

113 3415 246 3495 τίθημι,
275 3411 358 3476 διδῶ
386 3411 521 3495 δίδωμι,
545 3411 626 3476 ίστῶ
653 3410 775 3496 ίστημι.
818 3419 891 3478 item
920 3418 1039 3478 nomina
1062 3435 1099 3476 ex
1120 3414 1221 3477 verbis
1243 3416 1406 3484 nascentia,

75 3535 189 3597 monae
217 3516 263 3577 illi
288 3514 291 3595 l
316 3509 464 3596 ὀνόματα
496 3511 661 3596 ῥηματικά
681 3526 799 3589 vocant,
828 3518 865 3579 de
894 3519 949 3579 hoc
978 3518 1041 3579 solo
1066 3517 1154 3579 modo
1179 3517 1236 3579 sub
1258 3519 1339 3577 varia
1361 3515 1407 3577 vel

113 3635 309 3699 personarum
332 3618 377 3679 vel
405 3625 572 3698 temporum
595 3618 792 3681 declinatione
820 3620 995 3700 procedunt.
1040 3638 1108 3680 nam
1141 3636 1249 3680 nomen
1270 3611 1406 3698 γράμμα

114 3738 150 3779 ex
173 3720 268 3798 prima
290 3738 428 3800 persona,
452 3720 551 3782 idest
572 3716 780 3802 ytypoppar,
800 3732 902 3785 natum
925 3730 955 3784 et
977 3740 1085 3783 nomen
1107 3716 1236 3801 ψάλτης
1258 3739 1293 3781 ex
1317 3721 1405 3781 tertia

114 3839 253 3901 persona,
282 3839 357 3901 quae
379 3829 425 3882 est
447 3820 604 3901 ἔσταλται,
632 3823 799 3902 proiectum
826 3826 996 3886 litterarum
1024 3842 1099 3905 qnae
1128 3826 1160 3884 in
1188 3831 1315 3902 utroque
1338 3830 1407 3883 sunt
1460 3854 1469 3866 ·

113 3922 278 3983 similitudo
300 3924 404 3993 docet;
426 3927 499 3985 item
522 3919 634 4005 τύμμα
655 3917 722 3984 ἀπὸ
737 3920 987 4006 παρακειμένου
1001 3926 1064 3987 τοῦ
1077 3919 1252 4006 τέιυμμαι,
1275 3922 1407 4004 ποίησις

76 4054 101 4094 ³5
114 4032 212 4095 autem
241 4015 307 4086 ἀπὸ
334 4020 516 4107 μέλλοντος
542 4028 604 4088 τοῦ
631 4022 760 4108 ποιήσοι
787 4031 939 4107 conposita
968 4036 1047 4090 sunt.
1091 4031 1190 4090 omnia
1213 4034 1312 4088 tamen
1332 4025 1407 4086 haec

114 4129 234 4189 nomina
257 4127 294 4189 ab
317 4128 476 4191 indicativo
500 4131 631 4191 veniunt.
660 4128 789 4209 denique
812 4128 903 4191 Stoici
926 4130 1005 4191 hunc
1027 4129 1122 4191 solum
1144 4130 1264 4192 modum
1279 4134 1405 4197 rectum,

115 4228 206 4290 veluti
234 4230 462 4301 nominativum,
497 4238 527 4290 et
548 4231 679 4310 reliquos
700 4229 852 4310 obliquos,
882 4233 960 4294 sicut
986 4250 1073 4294 casus
1094 4235 1262 4303 nominum,
1285 4249 1406 4292 vocave-

115 4338 196 4392 runt.
241 4331 461 4393 rationabiliter
483 4339 584 4394 autem
605 4333 765 4394 declinatio
792 4332 829 4392 ab
858 4335 953 4394 activo
975 4335 1110 4403 inchoat,
1133 4333 1213 4414 qnod
1234 4341 1316 4395 actus
1338 4351 1405 4412 pas·

115 4435 230 4497 sionem
252 4434 421 4513 praccedit;
445 4433 521 4495 lvene
544 4437 634 4502 etiam
656 4455 672 4496 a
695 4437 798 4515 prima,
829 4454 886 4497 non
909 4435 967 4498 alia
989 4454 1126 4515 persona,
1149 4433 1227 4515 quod
1251 4436 1346 4513 prima
1369 4435 1407 4495 de

184 4654 329 4704 llioitinus
346 4654 705 4707 eom.ul.m.dililoitiunsP
753 4655 860 4705 solutam
875 4656 1125 4706 Pabsolutissimnm
1138 4672 1196 4706 eaeo.
1210 4654 1275 4706 Bod.
1321 4656 1406 4719 liper-

115 4722 181 4775 leeta
195 4725 229 4771 rei
243 4722 390 4773 ‹ta-flnitiooe
403 4725 547 4774 continetur
559 4724 584 4773 P
624 4726 668 4774 >12
680 4738 894 4788 neomeniam
903 4724 964 4775 iacit
975 4739 1120 4791 πεποιηιια
1134 4735 1159 4774 et
1170 4722 1406 4788 νιτερσοττελικον

115 4790 140 4838 P
208 4787 466 4859 lidieitnr]dicitP
521 4794 555 4843 20
566 4802 683 4858 separata
695 4790 735 4843 hic
747 4784 899 4856 ποιήσαιμι
919 4795 1028 4845 Zenniue
1084 4795 1115 4843 21
1130 4791 1406 4857 plusquamperfectum

115 4869 215 4922 tempos
233 4860 342 4910 Zenniua
357 4861 496 4926 perlectum
515 4870 615 4927 tempus
627 4860 653 4908 P
718 4861 751 4911 27
768 4861 837 4926 opud
854 4875 946 4926 graeco
959 4862 984 4911 P
1049 4862 1083 4912 29
1100 4857 1172 4912 διδῶ
1184 4875 1230 4911 οτι.
1249 4861 1275 4912 Ρ
