3346 5498
330 391 373 463 30
887 397 1062 465 clauorttt

357 521 377 562 p.
393 509 449 549 1884.
463 510 489 550 85
502 506 524 548 Ρ.

333 596 393 647 tur:
416 597 460 648 est
479 591 569 663 Iouya
590 589 646 658 sic,
671 587 758 648 ‘hoc
781 596 862 649 erat
884 588 976 650 alma
999 593 1168 668 parens’;
1184 604 1187 608 ’
1206 588 1304 650 brevis
1331 590 1389 657 sie,
1417 588 1537 650 ‘solus
1559 588 1618 650 hic

330 689 484 750 inflexit
511 694 670 753 sensus’.
715 693 785 751 item
815 708 881 752 man
910 698 1076 770 correptam
1106 688 1237 750 vocalem
1260 692 1392 770 sequitur
1414 710 1428 750 z
1451 708 1619 751 consonans

330 808 438 869 graeca
461 790 582 871 duplex:
606 800 650 853 est
669 796 760 868 leuco
785 797 842 863 sic,
866 793 1041 855 ‘Mezenti
1064 793 1167 854 ducis
1190 794 1375 862 exuvias’;
1399 792 1511 862 brevis,
1535 794 1618 854 ‘ne-

331 912 477 955 morosa
499 894 710 974 Zacyntus'.

859 1065 908 1126 DE
930 1065 1087 1127 PEDlBVS
1630 1075 1643 1116 ⁵

211 1185 269 1246 369,
285 1185 315 1233 17
354 1195 357 1200 ·
412 1183 508 1245 Pedes
540 1183 680 1245 dicuntur
713 1182 818 1261 quibus
851 1202 954 1245 versus
984 1183 1104 1244 incedit.
1135 1183 1263 1244 —Pes
1291 1191 1347 1244 est
1374 1181 1616 1262 syllabarum:

187 1273 188 1277 ¹
329 1284 403 1346 ordo
430 1285 497 1346 talis
528 1293 584 1356 est,
615 1285 693 1363 quod
718 1284 729 1366 ll
754 1283 871 1345 litterae
898 1284 1039 1364 syllabam
1067 1286 1193 1352 iaciunt,
1222 1282 1352 1363 syllabae
1380 1284 1479 1363 pedes.
1524 1293 1617 1345 metra

329 1396 537 1456 numerantur,
567 1385 696 1468 syllabae
723 1394 930 1466 computantur
955 1385 958 1467 l
984 1395 1013 1446 et
1043 1396 1178 1466 tempora
1201 1394 1231 1446 et
1257 1386 1395 1447 ordinant
1416 1385 1521 1465 pedes:
1545 1385 1618 1446 haec

330 1497 375 1549 est
397 1497 476 1549 certa
501 1477 708 1549 dinumeratio.
736 1522 772 1534 —
796 1487 979 1549 Accidunt
1006 1489 1067 1549 uni
1095 1490 1230 1566 cuique
1253 1487 1337 1568 pedi
1360 1489 1457 1552 arsis
1480 1498 1515 1548 et
1536 1486 1619 1547 the·

331 1592 396 1650 sis:
432 1593 529 1651 omnis
562 1609 616 1669 pes
648 1593 679 1651 in
716 1609 805 1670 passu
834 1597 893 1660 est:
925 1592 998 1650 arsis
1031 1588 1132 1660 elatio,
1168 1589 1259 1649 thesis
1288 1592 1411 1668 positio;
1443 1605 1616 1649 numerus
1632 1600 1656 1638 1⁰

330 1691 573 1770 syllabarum,
604 1693 744 1769 qnoniam
773 1690 914 1753 collectae
941 1689 1070 1770 syllabae
1092 1691 1184 1770 pedes
1206 1691 1331 1759 iaciunt:
1360 1699 1520 1769 tempus,
1548 1691 1616 1769 quia

328 1792 417 1872 longa
449 1793 559 1873 syllaba
594 1794 652 1855 duo
675 1802 809 1873 tempora
832 1794 935 1863 hahet,
964 1792 1062 1853 brevis
1085 1811 1191 1861 unum;
1225 1790 1424 1862 resolutio,
1458 1794 1525 1873 quia
1547 1790 1617 1852 licet

329 1915 384 1975 pro
407 1914 464 1956 una
487 1896 574 1974 longa
598 1895 670 1957 duas
692 1896 797 1957 breves
819 1915 946 1976 ponere,
974 1903 1007 1955 ut
1029 1895 1174 1973 Vergilius
1201 1893 1422 1954 ‘fluviorum
1445 1912 1511 1953 rex
1533 1894 1616 1954 Eri·

329 1997 466 2058 danus'
495 2005 524 2058 et
551 1997 706 2059 ‘arietat
733 1999 769 2057 in
796 1999 944 2077 portas’
974 2004 1003 2058 et
1030 1996 1167 2074 ‘genua
1189 1995 1334 2056 labant’
1358 2003 1387 2055 et
1409 1994 1617 2056 ‘abietibus

329 2102 517 2168 iuvenes';
547 2101 686 2178 ligura,
716 2101 783 2178 quia
806 2097 955 2177 simplices
976 2099 1068 2178 pedes
1090 2105 1309 2176 componuntur
1332 2104 1362 2156 et
1382 2097 1499 2174 figurati
1521 2096 1655 2176 dupli-o

330 2204 488 2271 cestium:
520 2209 693 2271 metrum,
727 2203 794 2281 quia
817 2202 956 2261 mensura
978 2199 1087 2279 pedum
1111 2199 1229 2260 ordinat
1256 2207 1393 2260 metrum.
1420 2232 1464 2243 -
1492 2197 1616 2279 [Tem-

328 2321 395 2383 pus
428 2302 628 2364 resolutio:
666 2301 807 2363 resolutio
835 2301 903 2362 ideo
930 2303 1048 2362 iuventa
1077 2309 1134 2371 est,
1168 2303 1236 2380 quia
1265 2299 1335 2361 licet
1360 2299 1446 2362 nobis
1474 2319 1529 2380 pro
1558 2319 1617 2361 una

329 2404 416 2483 longa
439 2403 549 2485 syllaba
573 2403 644 2464 duas
666 2402 908 2490 brevesponere,
933 2404 990 2464 hoc
1006 2402 1150 2482 exemplo.
1175 2405 1243 2480 quia
1259 2402 1406 2482 Vergilius
1427 2410 1616 2482 anapaestum

328 2508 441 2586 posuit,
465 2516 497 2567 ut
519 2505 738 2566 ‘lluriorum
761 2525 825 2567 rex
848 2505 1066 2566 Eridanus’:
1096 2506 1193 2584 posuit
1216 2515 1245 2566 et
1266 2504 1562 2584 proceleumaticum,
1586 2514 1618 2565 ut

330 2607 536 2668 ‘abietibus
560 2604 566 2689 Ι
590 2609 760 2668 iuvenes'
790 2617 819 2668 et
847 2610 1001 2668 ‘arietat
1022 2609 1058 2667 in
1080 2610 1224 2687 portas’
1253 2615 1282 2667 et
1304 2607 1436 2685 ‘genua
1460 2606 1656 2667 lahantem

285 2723 316 2771 19
330 2710 432 2771 XXXV
461 2728 564 2771 versus
586 2710 731 2788 Vergilius
759 2709 831 2771 tales
858 2709 955 2770 hahet
979 2707 1035 2788 —]
1070 2709 1110 2769 Hi
1143 2717 1230 2769 sunt
1260 2707 1457 2787 disyllabi,
1492 2711 1616 2789 pyrri·

329 2811 451 2872 chius:-
473 2811 569 2872 dietus
590 2810 628 2871 ab
651 2817 718 2871 actu
741 2810 913 2891 pyrricham
943 2810 991 2871 hic
1013 2813 1100 2871 etiam
1123 2810 1292 2889 pariamhus
1315 2818 1344 2871 et
1366 2810 1523 2873 dihraehus
1546 2810 1617 2871 dioi-

283 2921 387 2974 attur.
411 2947 453 2956 -
475 2912 726 2974 Tribrachus:
751 2913 798 2973 hic
822 2915 910 2973 etiam
933 2911 1051 2973 chorius
1073 2912 1190 2973 dicitur.
1214 2947 1257 2960 —
1279 2912 1459 2973 Dactnlus
1481 2913 1577 2974 dictus
1600 2932 1618 2972 a

229 3029 287 3090 ato,
301 3029 317 3077 2
330 3016 436 3094 digito,
460 3016 529 3093 quia
551 3021 584 3074 ut
606 3012 701 3075 tribus
721 3016 817 3075 unciis
839 3015 963 3093 digitus,
986 3016 1028 3075 sic
1051 3015 1107 3075 iste
1129 3014 1224 3075 trihus
1246 3013 1364 3094 syllabis
1380 3022 1508 3083 constat,
1531 3013 1616 3092 longa

300 3127 359 3178 aet
381 3116 494 3178 duabus
519 3114 666 3177 brevibus.
696 3149 734 3160 -
762 3115 1056 3195 amphibrachus
1084 3115 1179 3177 dictus
1207 3136 1255 3186 eo,
1285 3117 1362 3196 quod
1390 3136 1477 3177 unam
1500 3115 1656 3195 longana

300 3219 405 3282 aduae
428 3219 532 3281 breves
554 3217 715 3298 cingant[is
738 3221 826 3279 etiam
849 3219 976 3279 creticus
998 3217 1131 3298 dieitur}
1154 3253 1197 3266 -—
1218 3218 1499 3297 amphimacrus
1522 3219 1618 3279 dictus

301 3335 345 3384 ta
369 3323 533 3391 contrario,
568 3321 645 3399 quod
679 3321 806 3382 mediam
840 3319 959 3381 breuem
992 3319 1067 3381 duae
1089 3320 1194 3399 longae
1218 3322 1345 3398 cingant.
1375 3354 1416 3364 -
1443 3320 1619 3399 Duplices

264 3424 270 3441 '
328 3424 421 3502 pedes
436 3424 507 3484 dicti
523 3425 572 3501 qui
591 3432 621 3484 et
635 3424 804 3502 compositi,
829 3424 967 3502 quoniam
991 3421 1052 3482 bini
1075 3421 1223 3500 dissyllabi
1245 3424 1317 3483 istos
1339 3422 1468 3484 sedecim
1484 3424 1617 3482 ¹maiores

246 3527 448 3606 aminnium.
474 3561 512 3570 -
541 3524 813 3587 Antibacchias
834 3525 898 3603 ipse
920 3525 1016 3585 dictus
1039 3533 1085 3585 est
1107 3532 1135 3585 et
1156 3523 1396 3603 palimbacchius.
1419 3558 1460 3568 —
1482 3525 1616 3584 Diiom·

285 3633 315 3680 11
329 3628 392 3688 bus
424 3645 460 3686 ex
488 3626 571 3687 brevi
593 3625 680 3704 longa
706 3626 786 3687 brevi
809 3635 839 3686 et
861 3625 957 3702 longa.
991 3661 1032 3669 —-
1065 3627 1315 3687 ditrochaeus
1347 3645 1384 3686 ex
1416 3625 1501 3704 longa
1535 3625 1656 3688 breviao

286 3734 318 3783 14
329 3726 417 3806 longa
439 3735 468 3787 et
490 3726 582 3787 brevi.
609 3762 653 3774 -
680 3729 832 3788 Ionicus
859 3730 989 3786 minor:
1020 3727 1069 3787 hie
1092 3729 1180 3787 etiam
1202 3730 1318 3789 ionicus
1346 3721 1411 3790 ἀπὸ
1435 3723 1618 3800 ἐλάσσονος

285 3837 317 3887 15
330 3828 446 3890 dicitur.
462 3863 504 3872 —
519 3828 670 3889 lonicus
684 3833 819 3889 maior:
834 3827 883 3887 hic
898 3846 1014 3908 quoque
1030 3830 1147 3890 ionicus
1166 3827 1171 3909 Ι
1191 3822 1257 3890 ἀπὸ
1272 3829 1422 3910 μείζονος
1437 3838 1566 3892 vocatur.
1579 3864 1614 3874 -

328 3984 369 3991 ...-

397 4067 458 4119 Cod.
479 4069 559 4118 Bern.
580 4069 603 4116 V
624 4065 722 4118 1*-3.
806 4068 877 4118 leat
897 4067 974 4134 lorrga
993 4085 1038 4118 our.
1104 4071 1192 4119 2eum
1210 4083 1255 4118 om.
1323 4070 1397 4122 Seat
1418 4069 1495 4136 longa
1515 4070 1551 4118 sie
1569 4084 1614 4122 om.

397 4153 538 4188 membresa
609 4138 768 4189 binceditur
837 4137 1045 4188 9dennmeratio
1117 4137 1188 4190 torn
1210 4153 1300 4203 passus
1355 4141 1387 4191 lli
1407 4151 1486 4190 metra
1504 4140 1565 4203 qnia

331 4207 465 4259 latreus
536 4210 566 4259 21
582 4208 730 4275 pyrrechius
750 4208 830 4257 dietus
900 4209 934 4259 22
954 4209 1102 4274 pyriambus
1172 4210 1206 4258 24
1224 4207 1320 4276 ut]aut
1373 4207 1479 4277 digitus]
1501 4211 1617 4276 signatus

396 4279 430 4328 28
446 4275 479 4344 is]
499 4277 540 4326 his
610 4282 643 4330 27
662 4275 740 4344 qnod]
760 4291 809 4340 quo
879 4278 913 4328 28
931 4280 1026 4327 maiore
1046 4278 1140 4328 iaciunt
1200 4279 1233 4331 29
1252 4279 1416 4331 antibacchus
1481 4280 1563 4331 dietus
1580 4289 1619 4328 est

327 4348 545 4416 epalimuacchiua
563 4365 596 4398 ex
611 4350 681 4399 berbi
752 4348 786 4399 80
800 4348 961 4399 ditrochaeus
973 4365 1018 4399 om.
1073 4349 1104 4401 31
1124 4350 1221 4401 ionicus
1237 4353 1320 4401 minor
1335 4367 1380 4404 om.
1435 4349 1617 4416 npoelassono

396 4418 431 4470 32
448 4420 529 4470 maior
544 4434 590 4469 om.
661 4420 825 4484 apomizonos
844 4429 950 4469 uocatur
967 4418 1002 4468 hii
1022 4419 1097 4468 etiam
1115 4420 1177 4484 ippil

398 4610 475 4663 lhoc
492 4607 556 4676 erat]
583 4609 745 4674 Veromo.
765 4607 855 4658 11864
908 4605 989 4673 solus]
1009 4610 1087 4673 Verp.
1108 4609 1171 4659 Aen.
1193 4611 1290 4659 111122
1361 4607 1515 4677 tltezemi]
1536 4613 1615 4677 Verq,

326 4682 392 4732 Aea.
413 4681 448 4731 Xl
467 4682 481 4730 'l
536 4677 680 4744 nemorosa]
698 4682 775 4744 Verp.
795 4680 859 4729 Aen.
882 4679 914 4728 lll
935 4681 986 4728 270
1037 4680 1054 4730 8
1070 4688 1094 4728 et
1112 4688 1226 4744 tempora
1245 4679 1363 4729 ordinant
1380 4682 1459 4746 pedes
1472 4682 1615 4735 Panotios.

324 4752 439 4814 sortasse
464 4766 495 4800 ex
522 4751 629 4817 pedibus
652 4760 732 4799 metra
757 4757 928 4798 numerantur.
952 4748 1064 4813 syllabae
1084 4757 1108 4797 et
1129 4760 1244 4815 tempora
1263 4761 1431 4813 conputantur
1450 4763 1474 4801 et
1500 4751 1618 4802 ordinant

326 4820 407 4886 pedes
478 4817 680 4885 latomorum]
704 4822 783 4885 Vera.
800 4835 888 4886 peorp.
912 4820 922 4867 l
948 4818 999 4868 482
1071 4820 1103 4871 14
1123 4818 1223 4887 arietat]
1251 4820 1328 4884 Vera.
1354 4822 1418 4876 Aen.
1440 4823 1476 4871 xl
1494 4821 1547 4873 890

326 4888 421 4962 genua]
447 4893 526 4960 Verq.
546 4893 610 4947 Aen.
631 4892 676 4942 Xll
698 4891 749 4943 905
818 4885 954 4957 abietibus]
981 4889 1058 4957 Verp.
1081 4891 1143 4943 Aea.
1165 4891 1236 4942 Vllll
1253 4890 1304 4943 ott
