3346 5498
489 398 689 458 EXCERPTA
711 395 883 457 Plnrsnvn
907 395 967 456 XV.
992 395 1055 456 xvl
1355 389 1416 453 617

1224 499 1393 552 smne

129 582 231 662 εἰσίν,
263 581 483 664 ἐσφραγισται
518 579 780 663 ἐσφραγισμένοι
813 579 899 642 εἰσίν
932 591 962 640 ct
995 579 1114 641 similia.
1159 598 1245 639 omne
1278 596 1419 656 graecum

127 687 252 748 verbum
274 687 464 747 indicativum
488 688 700 765 cuiuscumque
718 687 848 766 generis
877 687 908 744 in
936 685 1032 762 prima
1061 685 1107 742 sui
1135 683 1280 760 positione
1303 689 1353 740 aut
1387 683 1418 740 in

129 810 155 850 ω
182 791 256 858 erit,
286 797 318 848 nt
346 787 437 848 λαλῶ
463 787 615 865 πλοντῶ,
644 797 693 848 aut
721 789 752 847 in
775 807 844 865 μαι,
869 796 900 845 ut
922 784 1087 864 λαλοῦμαι
1115 779 1293 862 βούλομαι,
1316 791 1366 843 ant
1389 785 1419 842 in

127 912 180 970 με,
209 899 242 952 ut
270 889 358 970 φημί
382 888 513 969 τύθημι;
542 889 612 949 licet
640 899 669 949 et
697 891 727 949 in
756 909 777 947 α
805 907 870 949 esse
899 887 1053 955 credatur,
1077 889 1145 965 qnia
1171 879 1339 963 ἐγρήγορα
1361 902 1418 943 ιιοιι

103 993 202 1054 ,ιιιιιΙΙί
229 994 293 1053 ausi
321 999 390 1052 sunt
417 994 546 1070 primum
570 990 666 1051 thema
691 989 774 1050 verbi
798 992 1002 1069 pronuntiare.
1048 987 1124 1068 apud
1148 987 1277 1047 Graecos
1308 1005 1334 1046 ω
1361 1005 1419 1045 non

129 1096 225 1156 solum
247 1097 278 1155 in
301 1093 410 1163 verbis,
434 1094 486 1154 sed
509 1096 540 1153 in
563 1095 642 1153 omni
658 1102 743 1172 parte
766 1094 910 1153 orationis
933 1091 1032 1151 littera
1055 1097 1100 1150 est
1122 1088 1297 1149 naturaliter
1318 1087 1419 1169 longa:

130 1197 287 1259 latinorum
315 1195 474 1256 verborum
503 1195 588 1256 linale
616 1214 634 1253 o
663 1202 732 1254 sunt
753 1197 802 1273 qni
827 1195 944 1272 longum
969 1195 1135 1259 aestiment,
1164 1199 1233 1251 sunt
1255 1193 1305 1270 qni
1330 1190 1419 1250 breve
1434 1200 1479 1247 lot
1498 1199 1525 1248 t.

130 1299 280 1359 clelrniant.
325 1316 392 1358 nam
421 1297 560 1358 scribone
594 1296 723 1356 caedone
752 1315 769 1355 o
801 1314 859 1356 non
888 1297 987 1356 minus
1015 1311 1162 1354 consensu
1191 1295 1321 1353 omnium
1351 1311 1418 1372 pro·

130 1402 250 1461 ductum
278 1400 382 1469 babet,
412 1418 500 1479 quam
528 1418 633 1459 arnone
655 1399 786 1458 doceone
816 1399 964 1458 nntrione.
1010 1414 1065 1472 ego
1087 1403 1186 1455 tamen
1209 1393 1245 1454 dc
1274 1413 1321 1461 re,
1344 1413 1420 1473 lpum¹

94 1523 118 1561 ιο
131 1513 269 1565 auctores
297 1505 396 1580 anagni
425 1504 554 1562 nominis
582 1500 717 1562 dubitare
741 1502 828 1569 lecit,
858 1507 969 1559 certam
992 1497 1111 1577 quidem
1140 1515 1197 1556 non
1221 1498 1315 1556 ausim
1341 1497 1420 1556 lerre

130 1606 323 1673 sententiare
346 1605 580 1665 adseveraverim
603 1614 702 1664 tarncn
730 1601 903 1679 Vergilium,
926 1603 1010 1662 cuius
1033 1599 1199 1659 auctoritati
1221 1601 1317 1659 omnis
1340 1607 1421 1658 retro

131 1715 212 1767 aetas
242 1715 271 1765 et
299 1725 374 1785 quae
402 1716 502 1767 secuta
530 1715 576 1766 est
604 1706 650 1766 rel
678 1712 819 1784 sequetur
846 1703 944 1763 libens
972 1703 1113 1770 cesserit,
1142 1720 1159 1760 ο
1188 1699 1273 1761 linale
1302 1703 1332 1760 in
1364 1718 1421 1759 ιιιιο

130 1812 252 1870 omnino
280 1807 370 1868 verbo
399 1807 540 1868 adverbio
568 1810 701 1876 nomine,
731 1826 790 1867 nno
817 1807 1001 1886 pronomine,
1025 1803 1221 1882 corripuisse,
1250 1804 1312 1862 scio
1335 1786 1421 1862 modo

130 1912 189 1971 duo
216 1929 284 1988 ego,
315 1913 412 1970 ‘scio
440 1929 492 1970 mc
523 1909 656 1969 Danais
684 1931 700 1968 e
729 1907 916 1970 classibus
938 1912 1073 1974 nnnm'‚
1108 1904 1227 1964 ‘modo
1250 1905 1422 1983 luppiter

93 2015 250 2081 rrassit',
275 2013 322 2071 ‘si
346 2013 416 2072 duo
439 2014 666 2091 praeterea',
691 2016 779 2071 ‘non
802 2029 867 2088 ego
889 2028 968 2071 curn
990 2007 1153 2068 Danais’.

214 2114 255 2174 lle
279 2116 455 2202 imperativo
478 2114 573 2173 modo.
606 2132 725 2191 semper
747 2112 825 2191 apud
848 2112 976 2173 Graecos
999 2110 1078 2170 nrodi
1102 2109 1255 2169 indicativi
1279 2109 1422 2186 tenrporis

131 2219 296 2296 praesentis
320 2216 448 2276 secunda
472 2234 597 2292 persona
620 2213 743 2293 pluralis
766 2214 868 2275 eadem
892 2221 937 2274 est
952 2231 1027 2292 qnae
1043 2221 1073 2272 et
1091 2212 1273 2291 imperativi:
1297 2215 1421 2270 ποιεῖτε

130 2330 158 2380 et
180 2323 212 2381 ιἰι
234 2319 391 2378 imlirativo
413 2318 540 2377 secunda
563 2325 608 2376 est
631 2326 660 2376 et
682 2319 713 2377 in
736 2318 920 2395 imperativo,
944 2314 1058 2395 τιμᾶτε
1080 2312 1248 2392 χρυσοῦτε
1275 2306 1422 2392 γράφετε

130 2424 281 2481 ποιεῖσθε
305 2417 445 2499 τιμᾶσθε
467 2417 662 2497 χρασοῦσθε
685 2414 824 2496 λέγεσθε
847 2413 1024 2497 γράφεσθε
1046 2425 1076 2477 et
1098 2415 1216 2475 similia.
1248 2414 1303 2474 bac
1318 2414 1421 2491 regula

91 2543 117 2579 eo
131 2525 291 2583 eremoriae
319 2521 455 2582 mandata
483 2520 604 2581 alteram
632 2520 830 2589 subicieruus,
859 2527 892 2580 ut
919 2538 976 2580 nna
1006 2538 1041 2579 ex
1071 2526 1195 2597 utraque
1211 2503 1420 2577 ‘observandae

131 2627 255 2686 rationis
277 2623 626 2700 necessitascolligatur.
672 2641 758 2683 οιιιιιο
781 2621 905 2682 verbum
928 2620 1006 2699 qnod
1029 2622 1060 2679 in
1082 2639 1145 2699 μεν
1173 2618 1283 2679 desinit
1304 2618 1421 2698 qualem

130 2727 340 2805 paenultimam
372 2724 513 2785 babuerit
534 2728 565 2785 in
588 2721 592 2807 l
617 2727 710 2803 prima
734 2743 874 2804 persona,
898 2722 986 2783 talem
1009 2723 1185 2782 transmittit
1210 2720 1368 2789 secundae,
1392 2718 1421 2780 id

130 2837 173 2888 est
197 2837 312 2907 tenrpns
335 2829 449 2888 retinet·
465 2827 509 2885 vel
533 2827 694 2905 productae
716 2827 762 2886 vel
786 2825 887 2885 brevis
909 2822 1053 2902 syllabae,
1087 2821 1257 2901 λαλοῦμεν
1279 2821 1421 2899 λαλεῖτε,

130 2933 198 3010 quia
228 2934 257 2990 in
280 2933 376 3008 prium
399 2941 441 2990 ου
471 2937 549 2997 erat,
579 2936 609 2988 ct
635 2930 667 2988 in
695 2927 825 2988 secunda
849 2945 878 2987 ει
905 2924 1105 3003 diphthongus
1127 2941 1220 3003 acque
1243 2923 1329 3001 longa
1352 2943 1418 2984 suc·

91 3053 116 3089 m
130 3034 234 3091 cessit:
250 3031 397 3113 τιμῶμεν
412 3029 535 3110 τιμᾶτε,
551 3048 596 3109 μα
609 3030 693 3106 longa
710 3028 820 3107 syllaba
837 3028 932 3088 locum
948 3044 1036 3106 quem
1053 3027 1083 3084 in
1095 3028 1200 3101 prima
1210 3044 1260 3105 μω
1276 3024 1421 3085 babuerat

117 3136 296 3213 ⁸occrrpmit:
327 3129 562 3211 στεφανούμεν
591 3129 816 3209 στεφανοῦτε,
844 3129 947 3190 eadem
976 3127 1176 3206 diphthongus
1205 3129 1420 3206 perseveravit:

129 3232 281 3314 λέγομεν,
311 3237 379 3313 quia
408 3255 426 3294 ο
454 3234 552 3293 littera
583 3232 682 3293 brevis
709 3240 763 3300 est,
792 3228 920 3310 λέγετε,
945 3249 961 3291 ε
982 3248 1075 3309 arque
1097 3239 1202 3289 natura
1231 3228 1351 3288 brevem
1374 3246 1419 3288 re-

129 3341 211 3415 cipit.
241 3346 267 3396 at
299 3341 329 3397 in
357 3337 554 3403 coniunctivo,
583 3337 652 3413 quia
681 3333 817 3412 producit
840 3332 1059 3412 paenultimam,
1087 3325 1147 3393 ἐὰν
1169 3326 1331 3410 λέγωμεν,
1354 3331 1421 3401 ideo

130 3448 158 3498 et
182 3443 212 3499 in
235 3439 362 3498 secunda
386 3455 522 3514 persona,
548 3429 607 3496 ἐὰν
630 3430 757 3515 λε’γιγτε,
781 3435 919 3513 produxit
942 3455 956 3495 ε
979 3436 1009 3494 in
1031 3454 1052 3513 η
1075 3434 1224 3493 mutando.
1269 3435 1295 3492 si
1328 3435 1420 3510 igitur

92 3557 116 3597 ro
131 3535 312 3618 φεύγωμεν
334 3542 459 3616 primam
484 3556 641 3616 personam
664 3539 834 3617 imperativi
863 3556 928 3597 esse
951 3536 1093 3605 dicemus,
1117 3536 1252 3621 sequitur
1275 3543 1321 3603 nt,
1351 3537 1421 3613 quia

130 3644 159 3700 in
182 3660 244 3720 μεν
267 3643 329 3700 exit
352 3661 377 3701 ω
401 3640 608 3719 praecedente,
633 3641 722 3700 etiam
745 3639 891 3700 secundae
909 3657 1051 3718 personae
1074 3637 1286 3716 paenultimam
1308 3656 1344 3697 ιιι
1366 3655 1418 3697 ne·

130 3745 267 3802 vtes-,sitam
290 3742 444 3822 producat.
489 3743 566 3822 «prod
596 3744 620 3803 si
650 3752 709 3812 est,
734 3736 880 3821 φεύγητε
902 3742 1006 3811 faciet,
1036 3759 1124 3820 quem
1152 3739 1188 3800 ad
1217 3738 1336 3799 modum
1359 3733 1420 3799 ἐὰν

130 3841 278 3925 λέγωμεν
308 3838 368 3906 ἐὰν
396 3841 521 3924 λέγητε.
561 3845 614 3904 sed
637 3846 771 3905 constitit
793 3844 916 3905 eandem
939 3862 1057 3922 semper
1080 3861 1145 3903 esse
1168 3840 1328 3902 secundam
1350 3858 1419 3920 pcr-

129 3966 231 4006 sonam
259 3949 442 4026 imperativi,
472 3965 559 4025 «prae.
576 3955 605 4006 et
633 3946 786 4007 indicativi
809 3947 881 4016 tutu
916 3940 1058 4025 φεύγετε
1085 3952 1184 4005 autern
1206 3946 1237 4003 in
1259 3943 1420 4004 indicativo

92 4069 116 4108 aa
130 4051 201 4117 luit,
232 4067 288 4108 non
319 4046 475 4129 φεύγητε.
521 4067 556 4108 ex
584 4048 632 4108 bis
659 4031 808 4126 colligitur
831 4066 927 4127 neque
957 4047 1043 4108 aliam
1066 4047 1235 4126 imperativi
1259 4046 1418 4106 secundam

129 4169 284 4230 personant
308 4170 373 4211 esse
396 4153 453 4211 nisi
477 4145 630 4230 φεύγετε,
654 4153 760 4211 necin
784 4150 981 4210 declinatione
1008 4144 1150 4228 φεύγετε
1171 4149 1330 4209 secundam
1354 4165 1419 4208 esse

130 4273 214 4331 posse
244 4261 311 4331 post
337 4248 533 4333 φεύγωμεν,
556 4260 586 4312 et
613 4252 680 4313 ideo
703 4247 883 4332 φεύγωμεν
910 4270 968 4311 non
997 4258 1095 4329 potest
1121 4252 1289 4330 imperativi
1322 4251 1418 4329 prima

128 4375 193 4416 esse
230 4374 365 4434 persona.
416 4357 604 4415 manilestum
639 4362 685 4415 cst
718 4374 789 4432 ergo
824 4354 1029 4433 imperativum
1063 4372 1117 4413 nec
1151 4351 1333 4429 singularem
1363 4370 1419 4410 nec

129 4457 274 4537 pluralem
304 4456 414 4517 babere
443 4460 567 4535 primam
597 4474 764 4536 personam.
809 4475 875 4515 cnm
903 4463 1002 4516 antem
1031 4456 1156 4516 dicimus
1188 4455 1337 4530 lngiamus
1358 4453 1417 4513 dis·

90 4577 229 4619 locamus
252 4561 418 4619 rnrtriavnus
445 4577 562 4619 aremus
585 4559 742 4620 doceamus
770 4567 801 4617 ct
822 4558 942 4629 similia,
978 4557 1013 4617 ad
1042 4557 1257 4617 exhortativum
1288 4573 1417 4624 sensum,

198 4748 229 4795 1⁶2
241 4747 346 4795 cesserit
358 4763 375 4810 p
388 4746 476 4794 asserit
493 4745 516 4794 Ι)
584 4741 693 4811 liscio]
712 4745 789 4809 Verp.
803 4745 870 4797 Aen.
884 4744 917 4792 lll
930 4744 979 4793 602
1042 4739 1129 4808 modo]
1148 4743 1225 4806 νειμ.
1244 4742 1310 4791 Aen.
1323 4742 1354 4790 lll
1370 4744 1418 4790 116

197 4817 227 4864 ld
240 4813 271 4876 sil
288 4814 366 4875 Ver-p.
381 4815 446 4863 Aen.
461 4813 494 4861 Xl
508 4813 558 4863 ‘285
628 4811 687 4878 non]
705 4813 783 4878 Verp.
798 4813 862 4863 Aen.
878 4812 922 4861 llll
934 4812 985 4861 425
1055 4813 1086 4861 18
1104 4822 1128 4859 et
1144 4813 1169 4859 in
1187 4811 1325 4859 indicativo
1338 4808 1419 4859 Ιοιιιιε

130 4892 152 4929 et
170 4883 305 4931 indicatiuo
318 4883 342 4931 P
408 4884 441 4931 25
454 4883 535 4947 prima
548 4898 593 4932 om.
606 4883 632 4930 P

129 4971 132 4974 ⁴
179 4970 353 5012 cneusnncr
369 4971 458 5013 varim
474 4970 498 5012 v.
1173 4961 1216 5025 40
