3346 5498
135 355 198 421 322
367 401 372 409 ·
718 358 854 421 1thth

177 468 228 507 .20.
241 468 265 506 21
282 466 305 506 ll.
1038 499 1042 505 .

135 479 177 606 sih
204 545 348 606 similiter.
392 520 517 607 hletrum
547 563 605 625 quo
634 545 740 605 modo?
784 544 876 616 Quale
903 553 1030 607 metrum
1061 546 1169 608 efficiat
1197 566 1272 608 unus
1300 548 1427 626 quisque
1469 607 1473 616 ,

15 703 18 708 .
133 666 202 726 pes,
227 649 251 708 si
274 645 421 726 dactylus,
447 645 636 726 dactylicum;
659 649 684 707 si
706 645 836 716 iambuS,
859 645 1033 718 iambicum3
1056 650 1098 709 sic
1121 657 1151 709 et
1172 651 1273 710 ceteri.

218 748 312 809 Pedes
327 747 475 827 dissyllabi
498 757 570 827 quot
591 750 677 810 sunt?
701 747 856 819 Quattuor.
886 747 942 818 Oui
958 750 1045 810 sunt?
1068 748 1261 828 Pyrrhichius
1275 751 1426 831 spondeus

132 850 249 911 iambus
272 858 301 909 et
323 849 489 911 trochaeus,
534 851 691 932 'l'risyllabi
714 857 786 931 quot
807 850 894 910 sunt?
931 849 1020 922 Octo,
1050 850 1079 911 id
1103 836 1148 912 est
1169 852 1338 914 tribrachus
1360 871 1425 914 mo·

133 952 229 1013 lessus
257 959 433 1032 anapaestus
462 952 598 1033 dactylus
623 951 851 1032 amphibrachus
878 950 1099 1032 amphimacrus
1128 953 1268 1014 bacchius
1296 962 1326 1016 et
1348 956 1452 1015 anti-s

134 1053 281 1114 bacchius.
313 1053 507 1135 Tetrasyllabi
531 1062 604 1134 quot
625 1056 712 1117 sunt?
735 1053 881 1115 Sedecim.
919 1054 994 1124 Qui?
1015 1053 1280 1132 proceleumaticus
1302 1054 1425 1135 dispon-

133 1156 207 1215 deus
236 1154 383 1215 diiambus
411 1154 600 1217 ditrochaeus
628 1158 806 1235 antispastus
840 1154 1029 1220 choriambus
1055 1156 1171 1217 ionicus
1199 1176 1215 1217 a
1249 1159 1362 1218 maiore
1396 1163 1427 1217 et

132 1259 246 1317 ionicus
268 1276 284 1316 a
307 1259 438 1327 minore,
468 1267 605 1338 quattuor
627 1276 757 1338 paeones
780 1265 810 1318 et
838 1263 976 1338 quattuor
999 1258 1117 1337 epitriti.
1163 1258 1220 1329 Qui
1242 1266 1312 1319 sunt
1333 1257 1427 1336 pedes

131 1358 298 1438 simplices?
321 1357 528 1438 bissyllabiet
549 1359 703 1440 trisyllabi.
748 1359 805 1429 Qui
827 1367 898 1419 sunt
918 1358 1011 1438 pedes
1033 1357 1182 1436 duplices?
1215 1343 1424 1439 Vetrasyllabi'.

216 1460 406 1541 Pyrrhichius
427 1480 479 1541 pes
502 1481 536 1535 ex
560 1462 668 1543 quibus
689 1460 807 1542 syllabis
829 1461 964 1522 constat?
1000 1461 1043 1521 Er
1073 1459 1187 1522 duabus
1215 1458 1368 1530 brevibus,
1384 1454 1425 1521 'ut
1439 1480 1464 1518 ιο

132 1572 225 1642 pater.
269 1562 347 1633 Ouot
374 1571 508 1643 tempora
537 1563 644 1624 habet?
681 1562 755 1624 Duo.
794 1561 871 1633 Quoi
900 1571 1032 1641 tempora
1062 1561 1190 1622 vindieat
1217 1562 1274 1623 sihi
1297 1564 1372 1623 arsis
1395 1570 1426 1623 et

132 1673 204 1744 quot
227 1663 337 1724 thesis?
381 1666 461 1725 Arsis
491 1683 598 1735 uuum,
627 1664 718 1726 thesis
746 1682 846 1725 unum.
892 1664 981 1726 Cuius
1009 1663 1161 1724 divisionis
1190 1664 1252 1724 est?
1294 1667 1423 1741 nequae.

132 1767 196 1838 Quo
219 1765 327 1826 modo?
361 1765 434 1837 Quia
459 1785 550 1828 unum
575 1777 689 1847 tempus
712 1765 800 1827 habet
822 1767 896 1826 arsis
918 1772 948 1825 et
970 1781 1061 1824 unum
1084 1765 1184 1824 thesis
1230 1765 1313 1826 Vnde
1336 1765 1426 1827 habet

64 1881 67 1888 '
132 1867 357 1947 etymologiam?
393 1868 567 1949 APyrrho,
591 1868 651 1930 lilio
672 1866 807 1936 achillis,
836 1886 873 1928 eo
902 1865 981 1943 quod
1009 1865 1049 1925 ad
1068 1866 1156 1926 lunus
1178 1868 1272 1944 patris
1293 1875 1425 1927 armatus

132 1969 236 2031 eodem
260 1979 356 2031 metro
379 1968 496 2037 luserit;
519 1972 580 2031 sive
603 1972 671 2050 quia
694 1973 873 2049 interempto
896 1967 1037 2047 Euripide
1060 1967 1164 2028 eodem
1187 1975 1283 2028 metro
1305 1965 1462 2028 saltavitm

131 2081 276 2141 armatus,
306 2073 413 2132 mentis
435 2072 541 2149 gaudia
564 2075 698 2152 eorporis
721 2069 901 2132 exvrltatione
923 2072 1110 2131 confirmans.
1156 2070 1233 2130 unde
1257 2077 1288 2129 et
1307 2070 1425 2149 pyrrhi·

131 2174 196 2235 chia
217 2176 334 2235 inventa
357 2172 474 2234 saltatio
497 2174 603 2233 dicitur
626 2173 703 2254 apud
728 2173 865 2242 Graecos,
890 2180 918 2231 et
942 2190 995 2251 pes
1016 2173 1080 2251 ipse
1103 2171 1291 2251 pyrrhichius
1314 2190 1424 2234 nornen

106 2277 244 2356 ‚accepit
271 2275 307 2336 ab
335 2285 402 2336 actu
432 2284 462 2336 et
489 2276 625 2336 cantione
647 2273 753 2355 l'yrrhi
796 2274 868 2345 Quis
896 2281 940 2334 est
968 2272 1010 2334 illi
1032 2275 1219 2335 contrarius?
1255 2272 1423 2353 Spondeus.

131 2379 195 2450 Ouo
220 2377 326 2438 modo?
350 2378 425 2448 Quia
440 2396 498 2457 quo
521 2376 608 2436 modo
631 2375 681 2437 ille
704 2395 740 2436 ex
763 2373 875 2436 duabus
898 2373 1035 2435 brevibus
1057 2382 1188 2442 constat,
1211 2375 1268 2434 iste
1291 2393 1325 2434 ex
1342 2375 1423 2437 uua-

129 2479 185 2540 bus
208 2478 312 2557 longis.
343 2479 422 2550 Quot
443 2487 577 2558 tempora
600 2476 708 2538 habet?
731 2475 885 2548 Quattuor.
921 2478 1010 2539 Cuius
1033 2476 1184 2538 divisionis
1206 2478 1269 2537 est?
1291 2480 1421 2553 aequae.
1436 2500 1461 2539 ao

36 2650 39 2655 y
130 2580 326 2652 Quomodo?
350 2580 425 2651 Ouia
447 2587 526 2641 tanta
550 2587 684 2659 tempora
704 2577 796 2638 habet
818 2579 907 2647 arsis,
933 2586 1041 2658 quanta
1065 2578 1218 2639 ecthesis.
1264 2578 1423 2658 Spondeus

130 2681 209 2743 unde
239 2681 353 2741 dictus?
387 2673 467 2741 Ἀπό
495 2677 554 2759 τῆς
582 2678 745 2758 σπονδῆς,
775 2679 803 2740 id
827 2689 871 2740 est
893 2687 1003 2749 tractu,
1034 2678 1111 2759 ‹yuod
1134 2697 1187 2759 pes
1205 2681 1271 2759 ipse
1295 2688 1423 2742 tractum

130 2791 224 2844 sonet
264 2778 395 2863 σπονδή
417 2785 496 2843 enim
518 2800 624 2860 graece
647 2789 758 2843 tractus
780 2790 916 2850 vocatur;
939 2782 1018 2842 undo
1042 2784 1113 2845 etii
1136 2785 1186 2861 qui
1209 2781 1288 2842 tibiis
1309 2790 1424 2844 canunt
1458 2767 1462 2772 ’

129 2888 160 2946 in
189 2877 284 2945 sacris
313 2882 481 2963 spondiales
507 2894 659 2945 vocantur.
704 2883 821 2945 lambus
848 2903 884 2944 ex
919 2883 1027 2962 quibus
1058 2883 1177 2963 syllabis
1208 2886 1340 2945 constat?
1377 2885 1422 2946 Er

130 2986 211 3047 brevi
235 2993 265 3045 et
286 2984 382 3063 longa.
426 2987 505 3058 Quot
528 2995 660 3066 tempora
684 2984 790 3047 habet?
826 2985 903 3046 Tria.
949 2986 1027 3057 Quot
1056 2994 1189 3065 tempora
1212 2985 1340 3046 vindicat
1362 2987 1458 3049 sibim

128 3091 204 3150 arsis
226 3097 255 3149 et
276 3096 348 3167 quot
371 3087 481 3149 thesis?
514 3090 596 3149 arsis
618 3106 724 3158 unum,
749 3087 841 3149 thesis
864 3088 929 3148 duo.
974 3088 1062 3149 Citius
1085 3087 1236 3149 divisionis
1259 3074 1323 3149 est?
1360 3088 1421 3149 llu-

129 3191 203 3270 plae.
249 3189 444 3261 Quomodo?
478 3190 551 3263 Quia
574 3209 643 3269 pars
665 3197 779 3270 partem
801 3189 891 3270 duplo
915 3190 1013 3249 vincit.
1058 3187 1139 3249 Vnde
1162 3188 1252 3249 babet
1275 3189 1420 3268 etymolo-

129 3293 225 3370 giam?
258 3285 338 3351 ’And
359 3290 421 3351 rori
442 3283 641 3372 ἰαμβὶάζειν,
671 3291 700 3352 id
728 3301 772 3353 est
793 3312 809 3352 a
832 3290 1004 3359 maledicto,
1036 3310 1095 3351 non
1118 3290 1195 3367 quod
1219 3289 1275 3351 hoc
1297 3309 1419 3352 carmen

79 3461 83 3468 ,
127 3396 165 3455 sit
192 3392 384 3463 maledicum,
416 3394 467 3455 sed
502 3393 580 3473 quod
611 3393 754 3454 maledica
785 3393 889 3488 eodem
917 3401 986 3454 sunt
1013 3401 1109 3453 metro
1139 3394 1311 3472 composita.
1358 3412 1419 3454 non

129 3495 202 3557 nvvlli
224 3498 324 3557 lerunt
345 3495 382 3557 ab
397 3495 496 3557 lamba
519 3495 658 3566 muliere,
683 3514 770 3576 quam
794 3496 894 3557 dicunt
916 3497 947 3556 in
970 3492 1125 3555 maledicto
1148 3496 1337 3556 exercitatam
1360 3497 1455 3557 istoso

129 3598 204 3675 pede
228 3586 320 3658 usam.
366 3596 445 3659 unde
475 3607 505 3659 et
532 3600 613 3659 iocos
635 3597 794 3660 maledicos
816 3596 894 3677 apud
917 3597 1046 3658 Graecos
1069 3594 1181 3656 iambos
1203 3603 1317 3657 vocant.
1362 3597 1418 3670 Qui

128 3717 181 3776 pes
204 3707 249 3758 est
270 3701 318 3759 isti
341 3701 528 3761 contrarius?
556 3699 738 3761 Vrochaeus.
783 3700 826 3771 Ex
849 3698 956 3779 quibus
976 3697 1097 3777 syllabis
1120 3699 1252 3759 constat?
1281 3699 1323 3758 Ex
1346 3698 1418 3761 dua-

128 3797 197 3868 bus,
226 3800 254 3859 id
285 3801 444 3880 esidonga
473 3809 501 3861 et
528 3800 620 3862 brevi.
660 3801 737 3872 Quot
764 3808 897 3880 tempora
927 3799 1034 3860 habet?
1078 3798 1162 3868 Tria,
1192 3801 1268 3860 arsis
1291 3800 1418 3867 vindicat

128 3899 200 3967 duo,
232 3900 322 3960 thesis
350 3922 453 3964 unum.
499 3902 579 3962 Vnde
608 3901 696 3963 habet
719 3902 934 3982 etymologiam.
980 3901 1022 3963 Eo
1045 3901 1124 3982 quod
1146 3901 1272 3980 elonga
1295 3904 1326 3962 in
1349 3901 1420 3963 bre·

128 4019 192 4061 vern
213 4001 395 4064 descendens
417 4001 535 4064 rotatile
558 4021 677 4063 carmen
701 4003 816 4065 elliciat.
847 3993 962 4084 τροχός
983 4004 1191 4082 enim-graece
1213 3980 1278 4064 rota
1301 4003 1456 4073 dicionem

211 4101 318 4172 Quales
340 4105 432 4184 pedes
455 4103 617 4185 trisyllabi?
645 4106 700 4176 Qui
723 4115 897 4185 sequuntur.
942 4103 1123 4166 Tribrachus
1147 4124 1182 4165 ex
1205 4105 1313 4184 quibus
1333 4104 1419 4185 sylla·

127 4204 172 4264 bis
195 4206 327 4265 constat?
350 4224 386 4265 ex
409 4205 505 4266 tribus
527 4205 680 4278 brevibus,
704 4215 736 4267 ut
758 4206 902 4269 dominus,
948 4207 1026 4279 Quot
1047 4216 1180 4287 tempora
1203 4205 1311 4267 habet?
1338 4208 1419 4279 Tria,

125 4309 200 4367 arsis
224 4306 352 4366 vindieat
374 4307 448 4377 duo,
472 4307 564 4369 thesis
586 4327 687 4370 unum.
719 4310 808 4370 Cuius
822 4309 972 4371 divisionis
994 4311 1055 4370 est?
1078 4308 1197 4388 Duplae.
1230 4308 1419 4380 Quomodo?

194 4567 209 4616 4
228 4560 396 4627 tribracchus]
415 4562 568 4613 tribacchius
588 4564 609 4612 ll
697 4566 728 4616 15
746 4566 800 4615 sive
820 4561 890 4629 quia]
912 4565 948 4613 ud
965 4567 1065 4615 inuenta
1083 4565 1215 4628 (lineolae,
1233 4581 1299 4632 qaae
1316 4581 1418 4618 corme-

124 4638 229 4685 mornoit
252 4636 386 4684 Diomedes
405 4648 433 4696 p.
455 4634 517 4696 475,
534 4636 568 4684 ἲ.)
585 4631 648 4683 haec
668 4638 798 4697 pertinere
815 4635 931 4683 uidentur
1000 4636 1030 4684 21
1052 4631 1156 4700 quanta]
1178 4636 1348 4698 quomodoli

124 4706 157 4752 2⁶2
177 4706 261 4754 dietus
279 4719 327 4769 npo
348 4714 374 4753 tu
394 4705 493 4768 sponda
512 4704 534 4753 Il
605 4701 779 4770 assueverit
800 4704 936 4770 spondali
1005 4704 1041 4753 28
1058 4719 1107 4768 npo
1126 4713 1151 4752 tu
1171 4706 1350 4757 iambiaziuli

123 4773 158 4822 ‘ab
178 4772 340 4840 nvaledicum]
368 4775 528 4823 maledictum
550 4775 571 4824 li
642 4773 675 4825 30
700 4774 783 4824 lerunt
806 4774 1017 4825 odiamhatasseni
1039 4776 1170 4823 nvulierem
1194 4790 1269 4839 qivana
1289 4777 1313 4826 lt
1384 4776 1418 4825 ³5

123 4840 231 4909 τροχός]
250 4844 350 4894 trochos
371 4845 392 4894 ll
