3346 5498
240 380 304 443 644
797 383 979 445 uncuuuu

266 503 287 544 p.
301 493 389 531 latr—or
404 489 430 530 V.

165 622 168 628 .
240 571 384 648 legerem,
409 567 413 652 Ι
438 575 633 651 praeteritum
656 573 820 652 perfeetum
836 589 903 632 cum
927 571 1063 649 legerim,
1087 572 1283 650 praeteritum
1306 570 1552 650 plusquamper-

239 676 350 734 fectum
379 693 445 733 cunr
478 672 630 751 legissem,
659 675 792 735 futurum
821 692 888 734 eum
917 672 1026 750 legero.
1071 673 1149 732 undo
1178 673 1268 733 etiarn
1296 671 1398 732 isdem
1429 669 1552 748 regulis

240 774 461 843 t'orrnabnntur,
491 793 545 835 nec
572 774 629 835 alia
662 774 805 835 discretio
838 776 895 834 erit
923 776 1003 866 inter
1037 777 1204 852 pert'ectrnn
1235 792 1269 833 ac
1293 775 1456 841 futurum,
1487 774 1548 833 nisi

239 877 318 956 ‹prou
351 879 382 937 in
415 877 509 957 prima
539 894 666 955 persona
694 874 766 936 iilud
795 878 827 935 iu
855 878 928 946 rirn,
958 877 1085 937 alterum
1114 877 1143 937 in
1173 893 1206 935 ro
1235 874 1381 954 syllabam
1410 873 1545 943 desinet,

239 997 306 1038 cunr
334 977 459 1056 legerim
486 997 554 1039 cum
582 978 693 1055 legero.
737 979 852 1057 passiva
881 995 998 1057 quoque
1027 975 1260 1039 eiusdemmodi
1285 976 1342 1037 sub
1366 976 1472 1038 isdem
1495 992 1569 1037 rer-⁵

239 1081 317 1155 gulis
339 1080 525 1140 dedinantur
549 1089 637 1139 etex
660 1082 724 1139 suis
747 1082 869 1140 venimrt
891 1081 995 1142 activis
1017 1078 1053 1139 ad
1080 1077 1307 1143 similitudinem
1330 1079 1543 1158 superiorum,

240 1183 297 1241 uisi
328 1182 404 1261 qumi
434 1184 566 1241 futurum
595 1199 713 1261 quoquc
742 1200 795 1261 per
817 1182 1009 1261 participium
1032 1189 1062 1241 et
1083 1199 1136 1241 ero
1158 1181 1203 1241 rel
1225 1182 1310 1241 fuero
1334 1178 1466 1241 verbum
1488 1180 1542 1240 dc·

239 1282 377 1342 ciirmtur.
422 1284 520 1343 Latini
551 1301 604 1343 sua
633 1282 758 1363 ‹prradarn
786 1283 907 1343 licentia
940 1284 1143 1362 usurpationis
1170 1283 1255 1343 modo
1283 1281 1451 1342 indicativa
1483 1300 1543 1360 pro

239 1386 435 1445 corriunctiris
457 1394 586 1464 ponunt,
610 1384 697 1444 modo
720 1387 907 1445 coniunctim
929 1402 984 1462 pro
1007 1383 1190 1444 indicatiris:
1214 1384 1318 1445 Cicero
1343 1385 1430 1464 ‘qui
1454 1392 1541 1463 pot·

239 1489 316 1547 erit
338 1488 463 1563 socios
487 1489 601 1555 trieri,
624 1488 654 1546 si
677 1486 855 1547 dilectum
872 1505 994 1547 rerum
1011 1487 1160 1547 utilium
1183 1494 1218 1546 et
1240 1484 1441 1546 inutilium
1464 1502 1576 1546 noum

240 1586 412 1648 babebit’
437 1607 490 1667 pro
512 1588 666 1657 babuerit;
690 1586 763 1647 aiibi
781 1587 859 1647 idern
881 1589 1008 1657 inerint;
1031 1587 1215 1648 ‘libenter
1238 1585 1326 1655 tibi,
1350 1586 1476 1657 Laeli,
1501 1595 1541 1648 ut

240 1708 319 1749 eum
343 1689 538 1750 desideras
560 1688 734 1768 equidem
757 1691 1001 1749 correessero'
1025 1708 1079 1769 pro
1101 1689 1272 1750 concedam.
1297 1684 1300 1769 i

121 1795 223 1851 6¹2¹‚2'4
326 1790 367 1850 be
392 1793 508 1851 intinito
531 1791 627 1851 modo.
663 1792 809 1851 intiniturn
832 1791 951 1852 modurn
973 1791 1092 1871 quidam
1115 1793 1237 1853 minime
1260 1790 1436 1851 babendum
1459 1793 1541 1851 inter

242 1892 330 1952 cerba
355 1895 541 1969 existimant,
564 1895 633 1972 quia
656 1911 753 1972 neque
776 1912 933 1953 numerum
955 1903 985 1954 et
1007 1912 1178 1973 personam,
1202 1911 1277 1972 «puae
1301 1892 1389 1951 verbi
1412 1894 1541 1972 propria

238 2004 321 2063 sunt,
346 1995 495 2072 designat,
519 1997 571 2055 sed
595 1994 745 2054 adverbiis
766 1997 865 2073 potius
888 1998 1031 2075 temporis
1053 1993 1202 2075 adplicare
1225 2000 1380 2062 conantur,
1406 2013 1537 2073 quorum
1553 2011 1573 2048 o

238 2099 394 2175 proprium
416 2106 462 2156 est
484 2105 517 2157 ut
539 2115 672 2166 sensum,
697 2098 722 2156 si
746 2115 814 2156 enm
837 2097 928 2156 verbo
950 2099 1118 2166 socientur,
1143 2097 1272 2156 efficiant
1293 2097 1469 2174 praeposita
1494 2097 1540 2157 rel

239 2200 418 2276 postposita:
442 2198 675 2278 detinebuntur,
699 2198 802 2277 loquor
825 2198 929 2267 latine,
953 2200 1030 2259 iccio
1053 2200 1188 2269 sortiter,
1220 2199 1339 2258 fortiter
1361 2199 1452 2258 facio.
1500 2200 1540 2259 ita

240 2295 244 2378 i
269 2308 298 2358 et
321 2301 483 2367 inlinitum,
507 2299 640 2360 scribere
665 2299 742 2368 roto,
767 2299 831 2360 rodo
854 2301 1003 2370 scribere,
1028 2301 1176 2361 disserere
1200 2300 1300 2379 cupio,
1325 2300 1418 2378 cupio
1441 2300 1539 2360 disse·

239 2419 322 2469 rero;
348 2404 524 2479 pracsertim
548 2420 615 2461 orrnr
638 2401 729 2461 multa
752 2404 813 2461 sint
835 2402 975 2462 ativerbia
1004 2421 1079 2482 quac
1103 2422 1137 2462 ex
1161 2401 1262 2463 serbis
1285 2402 1441 2469 oriantur,
1465 2409 1539 2473 uta

238 2521 327 2561 curro
350 2504 475 2572 cursim,
505 2506 619 2581 stringo
641 2504 785 2573 strictim,
808 2502 899 2563 caedo
922 2505 1051 2574 caesim,
1075 2522 1174 2583 pungo
1197 2504 1329 2582 pumtim
1353 2509 1384 2562 et
1407 2502 1572 2573 stantiam

239 2606 365 2664 maxime
388 2623 455 2664 curn
478 2613 508 2664 et
530 2605 603 2665 aliae
627 2613 728 2684 partes
750 2624 766 2665 a
789 2604 880 2664 verbo
908 2614 1081 2675 irascantur,
1112 2614 1144 2665 ut
1165 2606 1323 2685 participia
1346 2613 1376 2665 et
1399 2606 1533 2673 nomina,

238 2707 316 2765 sieut
342 2715 387 2766 est
414 2706 550 2766 scribens
577 2715 607 2766 ot
634 2708 774 2786 scriptor,
803 2726 879 2786 quoe
907 2716 937 2768 ct
964 2706 1136 2769 finalitatem
1164 2707 1281 2768 solitam
1308 2704 1473 2766 verborum
1503 2716 1534 2767 et

237 2809 485 2885 significationem
512 2810 669 2868 amiserint
701 2828 910 2888 personarum,
944 2829 1016 2889 quas
1043 2829 1101 2870 non
1130 2808 1188 2869 nisi
1221 2827 1288 2868 cum
1322 2807 1531 2868 additamento

238 2912 422 2988 pronominis
444 2912 559 2989 possint
580 2911 776 2989 distinguere,
806 2920 837 2971 ut
859 2931 960 2972 narrans
981 2932 1029 2972 me
1052 2921 1080 2972 to
1103 2909 1186 2971 idum
1208 2929 1261 2970 nos
1283 2929 1335 2970 vos
1356 2908 1433 2970 iilos.
1473 2910 1528 2971 sed

238 3031 254 3071 a
276 3011 461 3072 doctioribus
482 3012 528 3072 bis
551 3015 732 3073 refutantur:
755 3015 902 3074 infinitum
925 3014 1043 3075 modum
1059 3032 1116 3074 non
1132 3013 1252 3092 qtridem
1273 3013 1444 3092 exprimere
1470 3033 1528 3075 nu·
1549 3030 1572 3067 ὅ

238 3131 352 3174 nrermn
383 3114 426 3174 rei
455 3133 627 3192 porsonam,
658 3135 760 3175 omnes
790 3125 885 3176 tomen
915 3118 1051 3196 recipere
1078 3134 1222 3197 personas
1243 3123 1273 3174 et
1294 3122 1457 3195 utrumque
1482 3134 1537 3176 nu-

237 3233 353 3275 merum
381 3215 549 3275 orturittere.
596 3235 661 3277 uam
691 3220 789 3296 ipsum
819 3218 968 3286 scribere,
998 3236 1066 3278 cum
1094 3237 1110 3277 a
1138 3236 1184 3276 me
1213 3218 1325 3293 agitur,
1359 3216 1393 3277 fit
1422 3216 1537 3286 scribo,

237 3335 304 3376 cnm
328 3338 343 3376 a
368 3325 411 3386 tc,
435 3318 613 3386 suscribis,
638 3337 704 3378 ctrnr
720 3319 757 3379 ab
781 3319 838 3389 iilo,
863 3319 1030 3389 suscribit,
1055 3322 1126 3379 item
1149 3338 1216 3379 cunr
1239 3339 1254 3379 a
1278 3316 1379 3386 nobis,
1404 3319 1437 3379 nt
1461 3321 1537 3380 sori·

240 3418 352 3488 irinrus,
377 3437 444 3479 cunr
467 3440 481 3479 a
507 3419 605 3488 robis,
629 3422 661 3480 fit
683 3421 831 3491 scribitis,
856 3440 923 3481 cunr
938 3421 975 3480 ab
990 3421 1066 3490 iilis,
1090 3424 1122 3481 tit
1137 3420 1287 3490 scribunt3
1311 3429 1341 3480 ct
1363 3422 1537 3500 scripsisse,

238 3538 305 3579 rrum
335 3523 365 3579 in
395 3540 441 3580 rue
464 3523 536 3590 t'uit,
570 3522 603 3580 iit
631 3523 752 3601 scripsi,
781 3542 849 3583 cum
877 3526 908 3584 in
938 3531 980 3593 te,
1010 3524 1042 3584 tit
1069 3524 1229 3602 scripsisti,
1259 3541 1327 3582 cum
1355 3523 1388 3582 in
1411 3522 1480 3593 ilio,
1506 3524 1573 3584 titas

239 3623 375 3700 scripsit,
399 3642 466 3683 curn
489 3625 520 3683 in
544 3620 645 3693 nobis,
669 3625 915 3704 inscripsimus,
939 3643 1005 3685 omn
1029 3627 1059 3685 in
1083 3625 1181 3693 robis,
1206 3626 1238 3685 iit
1260 3625 1441 3703 scripsistis,
1468 3643 1536 3685 oum

239 3725 270 3782 in
298 3723 372 3792 iuis,
402 3725 434 3784 m
464 3727 663 3803 seripserunt:
693 3734 723 3785 et
751 3729 896 3806 scriptum
925 3728 985 3796 ire,
1015 3708 1082 3786 cunr
1105 3730 1136 3787 in
1160 3746 1209 3815 me
1229 3728 1300 3795 erit,
1329 3728 1362 3786 tit
1391 3725 1537 3796 scribam,

238 3843 305 3883 cum
330 3827 360 3885 in
385 3833 429 3895 te,
453 3828 485 3886 srt
508 3825 638 3895 scribes,
662 3846 729 3887 cum
752 3829 784 3887 in
806 3828 870 3897 ido,
885 3814 926 3888 dt
947 3827 1073 3898 scribet,
1098 3848 1165 3889 cum
1188 3827 1337 3898 innubis,
1360 3830 1395 3889 fit
1418 3828 1537 3890 seribe-

240 3944 320 3994 rntrs,
350 3945 417 3986 cunr
448 3930 477 3987 in
503 3927 599 3997 robis,
631 3932 662 3988 tit
685 3928 838 3999 scribetis,
868 3949 935 3990 cunr
959 3930 1086 4000 inillis,
1117 3932 1148 3990 ut
1172 3930 1314 3991 scribent.
1359 3948 1430 3991 cum
1454 3933 1538 3992 erum

239 4027 305 4086 dico
333 4026 447 4097 scribo,
479 4029 551 4089 nibil
580 4030 659 4089 alind
688 4032 824 4107 significo
852 4051 951 4112 qnmu·
968 4032 1100 4093 seribere
1129 4052 1186 4093 me.
1232 4050 1298 4091 cum
1320 4031 1389 4091 dico
1413 4032 1575 4103 scribisss

237 4130 308 4208 qnid
332 4129 411 4189 aliud
434 4130 496 4190 dixi
519 4150 608 4209 quam
631 4130 763 4192 scribere
789 4137 836 4192 tei
858 4152 926 4193 cnm
942 4134 1008 4194 dico
1024 4134 1142 4203 scribit,
1167 4134 1238 4214 qnid
1255 4132 1334 4194 aliud
1357 4133 1421 4194 dixi
1445 4154 1538 4215 ‹puam

239 4230 372 4291 scribere
397 4231 497 4292 idum?
526 4241 555 4291 et
578 4241 687 4294 cetera.
728 4235 836 4295 deinde
860 4235 1032 4297 adverbium
1056 4238 1200 4315 temporis
1222 4235 1291 4295 hinc
1313 4236 1445 4297 maxime
1469 4257 1539 4300 csse

305 4455 321 4502 3
338 4451 512 4500 iormaimntnr
527 4487 567 4503 ...
581 4453 665 4513 aliqua
678 4452 702 4500 B
771 4456 787 4504 9
805 4454 847 4515 qui
864 4452 968 4520 poterit]
985 4456 1070 4505 Cicero
1083 4455 1115 4504 dc
1128 4455 1227 4519 legibus
1240 4455 1312 4503 tertio
1325 4470 1385 4506 eme.
1399 4456 1468 4507 Par.

240 4523 270 4569 10
283 4520 402 4569 dilectum
416 4534 504 4568 uerum
518 4520 543 4568 B
556 4520 680 4569 delectum
694 4537 777 4570 rerum
790 4524 831 4574 ed.
848 4524 924 4573 Virrd.
995 4527 1024 4572 11
1040 4525 1121 4572 ‘inter
1134 4523 1200 4572 idem
1213 4530 1239 4572 et
1251 4523 1345 4571 suerint
1358 4530 1508 4590 enempbtm
1525 4544 1539 4578 e

237 4588 359 4638 Cicerone
377 4589 480 4650 petitum
498 4590 626 4638 cecidisse
643 4593 728 4652 palona
745 4589 796 4640 est‘
811 4593 895 4641 editor
911 4591 1114 4642 Vindobonenst's
1171 4588 1287 4656 libenter]
1303 4590 1392 4641 Cicero
1411 4594 1438 4642 in
1454 4597 1539 4660 primo

237 4656 269 4703 de
282 4672 308 4703 re
321 4656 421 4721 publicu
434 4672 493 4706 eme.
507 4658 587 4707 Pan:
599 4657 651 4705 Cir.
664 4658 696 4706 de
709 4675 737 4707 re
748 4659 817 4721 putri.
832 4660 840 4706 1
856 4662 886 4709 13
956 4660 1014 4708 laeti
1027 4658 1052 4706 B
1123 4662 1152 4707 12
1166 4662 1191 4708 in
1210 4660 1380 4709 decimatione
1393 4665 1540 4715 coniuncti·

239 4740 323 4774 uorum
341 4740 405 4789 quae
423 4727 538 4789 sequitur
550 4740 607 4773 rum
622 4725 699 4774 iectus
713 4741 755 4775 ero
770 4753 801 4760 —
814 4726 871 4775 lecti
885 4729 949 4777 erint
961 4729 1053 4776 suerint
1065 4727 1141 4777 dubet
1153 4727 1177 4776 B
1237 4730 1267 4778 13
1281 4728 1386 4788 quidam
1400 4746 1463 4781 exc.
1475 4732 1543 4786 Por.

238 4793 339 4852 quidem
352 4792 377 4840 B
448 4796 479 4841 16
492 4789 633 4858 proprium]
648 4794 795 4859 prunmnB
864 4798 896 4846 20
909 4793 1012 4861 caesim]
1028 4797 1124 4845 casdim
1138 4813 1206 4846 corr.
1220 4794 1353 4844 eaesimB
1426 4800 1542 4864 22quae

238 4862 278 4907 ed.
296 4861 372 4913 Vinci.
386 4861 445 4924 (piria
458 4860 483 4909 B
552 4863 584 4912 23
596 4861 796 4911 additamentum
810 4879 878 4915 corr:
892 4875 929 4913 -to
943 4864 968 4914 B
1036 4866 1069 4914 25
1087 4865 1233 4913 doctoribus
1246 4863 1271 4911 B
