3346 5498
257 1619 404 1689 Cledonii
427 1631 531 1687 artem
553 1620 695 1709 primum
718 1617 824 1686 edidit
839 1620 1013 1695 Putscbius
1036 1629 1095 1686 ‘ex
1116 1619 1201 1687 libro
1221 1618 1268 1688 Ol.
1284 1621 1347 1687 viri
1362 1620 1463 1688 Fran·

168 1725 251 1790 cisci
272 1723 431 1806 Pithoei’,
454 1733 492 1789 ut
513 1722 630 1789 scribit
651 1723 685 1788 in
706 1720 815 1788 indice
838 1724 1032 1811 scriptorum
1053 1722 1251 1811 praefationi
1272 1724 1306 1787 in
1328 1746 1464 1810 gramm.

168 1827 228 1892 lat.
253 1837 340 1892 auct.
363 1835 430 1890 ant.
453 1825 610 1892 subiecto.
639 1824 769 1897 Pithoei
791 1834 897 1890 autem
921 1824 1027 1891 codex
1048 1835 1163 1912 postea
1183 1827 1217 1891 in
1231 1824 1465 1892 bibliothecam

168 1930 369 1994 Beruensem
385 1927 562 1992 translatus
577 1949 664 1992 nunc
678 1927 764 1992 inter
778 1926 880 1993 libros
895 1949 992 1991 manu
1008 1926 1147 2014 scriptos
1162 1928 1232 1992 eius
1248 1926 1465 1993 bibliothecae

168 2042 222 2095 est
243 2054 274 2093 n.
292 2030 365 2095 380.
389 2028 531 2117 scriptus
554 2040 606 2094 est
626 2029 744 2095 litteris
767 2027 970 2110 uncialibus,
993 2051 1074 2119 quas
1095 2028 1204 2094 dicere
1225 2030 1464 2105 consuevimus,

169 2130 321 2213 saeculo,
343 2140 381 2196 ut
401 2131 481 2194 mihi
496 2130 605 2196 visum
628 2140 693 2212 est,
717 2140 828 2212 sexto,
851 2132 941 2195 utin
965 2128 1094 2195 Sinneri
1116 2129 1267 2217 catalogo
1289 2130 1362 2196 cod.
1383 2130 1465 2197 bibl.

168 2235 269 2298 Bern.
292 2232 310 2296 I
332 2256 364 2319 p.
386 2233 449 2298 342
472 2231 651 2298 indicatum
674 2242 738 2305 est,
768 2232 925 2319 septimo,
953 2232 988 2295 in
1010 2231 1210 2298 membranis
1233 2231 1359 2298 formae
1387 2256 1464 2320 qua-

169 2337 285 2400 dratae
300 2334 435 2399 minoris
446 2357 582 2400 numero
594 2343 724 2399 centum
734 2343 768 2399 et
779 2335 932 2421 quinque.
957 2343 1087 2399 constat
1098 2335 1182 2399 enim
1194 2333 1464 2421 quaternionibus

169 2435 327 2502 tredecim
339 2436 476 2520 integris
489 2445 619 2522 praeter
631 2435 810 2501 secundum
822 2435 1081 2523 quaternionem,
1094 2435 1186 2501 cuius
1198 2436 1339 2523 primum
1348 2435 1465 2502 folium

170 2538 275 2620 deest,
291 2546 324 2602 et
338 2536 466 2603 duobus
482 2537 571 2603 loliis
587 2560 629 2603 ex
644 2538 736 2603 initio
751 2536 859 2625 quarti
881 2536 998 2603 decimi
1013 2536 1235 2624 quaternionis
1255 2538 1397 2622 relictis,
1418 2538 1465 2604 ita

168 2649 207 2704 ut
228 2661 288 2704 sex
310 2637 408 2721 folia,
431 2661 515 2728 quae
538 2651 690 2726 quartum
719 2638 882 2705 decimum
904 2640 1150 2727 quaternionem
1173 2639 1387 2728 conplebant,
1410 2637 1465 2704 vel

169 2740 281 2857 plures
304 2742 403 2806 etiam
424 2741 682 2823 membranas,
672 2741 847 2858 inquibus
870 2751 1019 2807 extrema
1039 2763 1116 2829 pars
1139 2739 1216 2806 libri
1238 2742 1362 2830 scripta
1384 2752 1463 2822 erat,

169 2843 204 2906 in
219 2843 285 2908 fine
300 2843 421 2909 codicis
436 2846 555 2931 periise
567 2842 734 2929 adpareat.
757 2843 791 2906 in
803 2836 944 2930 singulis
960 2842 1088 2931 paginis
1104 2835 1341 2932 plerumque
1308 2846 1416 2909 viceni
1432 2853 1466 2910 et

170 2945 257 3010 terni
283 2968 398 3011 versus
429 2947 543 3033 scripti
570 2953 659 3010 sunt
672 2943 809 3028 litteris,
838 2955 876 3011 ut
902 2945 936 3009 in
963 2944 1025 3011 hoe
1045 2967 1164 3038 genere
1187 2946 1370 3033 scripturae
1392 2944 1465 3011 fieri

170 3046 270 3129 solet,
293 3056 444 3113 accurate
467 3056 501 3113 et
522 3044 703 3134 aequaliter
724 3046 821 3134 pictis
844 3069 950 3135 neque
972 3044 1048 3112 ullis
1071 3045 1260 3134 conpendiis
1284 3047 1465 3134 scripturae

171 3149 328 3216 adhibitis
351 3159 481 3237 praeter
501 3148 560 3214 illa
580 3148 809 3235 antiquissima
831 3170 932 3235 eaque
955 3171 1029 3215 raro
1056 3150 1181 3238 posita,
1209 3161 1230 3212 a
1258 3171 1318 3235 pro
1340 3170 1407 3231 am,
1435 3171 1463 3229 q.

171 3275 230 3340 pro
247 3273 312 3331 que,
330 3256 356 3315 b.
372 3275 431 3339 pro
447 3257 509 3317 bus.
536 3249 683 3336 singulae
699 3248 828 3316 litterae
843 3250 875 3312 in
891 3253 1047 3316 continua
1062 3251 1225 3338 scriptura
1240 3251 1380 3316 omissae
1395 3272 1464 3316 sae·

170 3357 245 3442 pius
256 3377 277 3420 a
291 3365 402 3419 vetere
416 3352 552 3419 librario
567 3375 665 3439 super
679 3375 794 3417 versus
807 3350 994 3437 adscriptae
1010 3361 1102 3436 sunt3
1117 3351 1213 3438 plura
1228 3351 1350 3416 recenti
1365 3374 1464 3417 manu

172 3465 335 3537 correcta,
358 3454 522 3520 interdum
544 3454 643 3520 etiam
666 3462 776 3519 vetere
798 3453 960 3541 scriptura
980 3453 1015 3518 in
1036 3453 1239 3539 marginibus
1261 3476 1374 3520 umore
1395 3477 1464 3519 cor·

69 3556 73 3563 ’
172 3559 256 3622 rosis
286 3555 396 3622 deleta
424 3556 553 3624 litterae
580 3554 766 3640 restitutae,
796 3555 854 3619 sed
881 3564 949 3620 tam
976 3554 1060 3619 male
1082 3557 1189 3643 pictae
1212 3565 1303 3639 sunt,
1326 3566 1364 3622 ut
1385 3553 1464 3643 quid

172 3659 331 3746 scriptum
358 3659 459 3723 fuerit
486 3680 552 3722 non
579 3668 668 3724 certo
691 3657 861 3745 adpareat.
904 3657 956 3722 his
978 3666 1088 3723 autem
1110 3659 1273 3746 exceptis,
1295 3680 1378 3745 quae
1400 3680 1465 3723 non

171 3760 220 3824 ita
248 3758 351 3824 multa
378 3769 472 3843 sunt,
500 3757 634 3846 reliquis
662 3758 742 3824 locis
770 3769 865 3825 vetus
894 3760 1057 3847 scriptura
1085 3760 1166 3825 satis
1194 3770 1285 3825 certa
1312 3770 1347 3826 et
1367 3759 1466 3848 plana

172 3873 233 3926 est.
277 3861 313 3924 in
340 3858 405 3924 f.1
436 3861 561 3949 scripta
588 3872 640 3927 est
668 3860 808 3949 epistula
834 3861 1040 3947 grammatici
1062 3859 1105 3925 ad
1128 3860 1267 3927 amicum
1290 3862 1465 3948 quendam,

173 3964 223 4028 cui
254 3962 374 4027 librum
402 3961 624 4051 inscripserat.
669 3962 728 4028 sed
756 3959 876 4028 detrita
909 3965 1072 4051 scriptura
1103 3963 1138 4027 in
1171 3964 1339 4051 superiore
1370 3976 1466 4051 parte

172 4066 299 4152 primae
321 4065 461 4152 paginae
483 4065 656 4155 inscriptio
678 4063 839 4151 epistulae
861 4087 934 4129 curn
956 4066 1071 4153 primis
1094 4066 1246 4130 versibus
1268 4065 1396 4132 duobus
1419 4067 1468 4133 ita

173 4165 284 4232 deleta
311 4176 378 4248 est,
406 4175 443 4231 ιιῖ
470 4189 595 4253 paucae
621 4165 751 4231 litterae
779 4165 974 4254 adpareant,
1008 4190 1089 4255 quas
1116 4189 1181 4231 una
1208 4190 1282 4232 cnm
1308 4169 1348 4232 iis
1382 4190 1466 4255 quae

171 4267 353 4334 recentiore
380 4278 488 4334 aetate
515 4267 632 4335 addita
658 4278 736 4333 sunt
762 4269 796 4333 in
825 4269 988 4356 scriptura
1014 4268 1136 4335 codicis
1160 4263 1297 4335 editioni
1319 4268 1468 4337 subiecta

171 4369 318 4436 exhibui.
363 4369 430 4434 Η
463 4370 554 4457 prior
584 4369 706 4458 pagina
737 4368 842 4436 solum
876 4369 1007 4436 titulum
1033 4369 1111 4436 libri
1138 4393 1159 4435 a
1185 4379 1298 4435 vetere
1330 4368 1466 4436 librario

171 4472 333 4558 scripturn
353 4471 514 4553 continet,
538 4477 620 4537 Ans
637 4474 837 4537 CLEBONII
855 4476 1026 4537 ROMANI
1041 4475 1277 4537 SENATORIS
1296 4475 1466 4537 COSTAN·

172 4577 474 4640 TINOPOLITANI
496 4577 780 4647 Garunnam,-
807 4574 933 4640 recenti
961 4597 1061 4640 manu
1088 4574 1308 4663 subscriptum
1335 4582 1386 4638 est
1411 4577 1469 4638 AB

170 4681 320 4741 FIDUM.
344 4673 421 4739 inde
436 4674 478 4741 ab
492 4674 597 4741 altera
610 4679 733 4763 pagina
751 4677 822 4765 ipse
842 4676 927 4741 liber
942 4677 1083 4765 scriptus
1107 4685 1157 4742 est
1178 4699 1265 4742 nova
1287 4674 1399 4739 addita
1418 4674 1467 4738 in·

168 4778 361 4863 scriptione,
378 4781 641 4844 EXPLANATIO
658 4783 685 4843 T
685 4780 823 4864 OTIUSl
838 4782 964 4843 ARTIS
978 4783 1186 4843 COLLEOTA
1202 4783 1265 4842 EX
1273 4779 1471 4843 DIUEBSIS

171 4889 176 4968 Ι
199 4886 291 4947 CUM
308 4883 488 4944 GETERIS
509 4886 515 4958 1
540 4885 599 4945 BE
616 4884 826 4948 PARTIBIJS
848 4884 1074 4946 ORATIONIS
1090 4878 1179 4964 (ante
1201 4886 1381 4960 explanatio
1404 4877 1470 4944 alia

1223 4983 1266 5046 1*
