3346 5498
261 401 325 466 462
354 393 361 413 ³
488 488 497 504 ἱ
812 401 998 463 EVTYCHlS

287 525 309 566 p.
323 514 366 554 ns.
379 516 404 553 co
419 511 441 551 t„
1349 521 1371 563 p.
1385 508 1491 551 areo-es
1504 507 1531 550 r.

262 591 432 655 inveniebat
455 593 544 652 otiam
567 593 727 670 primitiva.
766 599 796 651 et
818 593 862 651 sio
884 591 958 651 alias
973 591 1111 652 similiter
1127 591 1330 652 traductiones
1354 586 1365 671 ll
1391 591 1557 652 verborum

263 695 457 758 antecedente
481 700 661 754 consonante
686 695 781 772 prima
804 693 862 754 sibi
885 700 998 767 tanturn
1021 695 1189 771 coniugatio
1204 693 1348 763 vindicat,
1370 712 1423 753 seu
1446 713 1463 753 a
1487 711 1557 752 ver·

263 798 309 858 bis
331 816 385 857 seu
407 816 423 856 a
446 795 617 856 nominibus
638 797 768 857 veniant.
813 796 912 875 qualia
935 797 1056 856 suntin
1079 794 1181 855 corel
1205 797 1235 854 in
1264 795 1360 856 torel
1388 798 1418 856 iu
1448 795 1478 856 lo
1508 795 1557 856 vel

262 902 293 960 in
316 902 401 960 cinor
423 897 468 956 vel
490 899 522 956 in
545 899 605 958 cito
628 898 674 957 rel
697 901 785 959 etiam
808 900 839 958 in
863 898 935 958 alias
958 898 1099 976 quasdam
1121 899 1348 957 terminationes
1373 897 1556 958 desinentia.

262 1004 293 1061 in
316 1000 425 1080 quibus
447 1001 536 1060 etiam
559 1000 633 1060 illud
656 1007 702 1059 est
722 998 954 1069 observandum,
978 1000 1055 1079 quod
1078 1018 1132 1078 per
1155 1001 1412 1079 earumipsarum
1435 999 1585 1060 clausu-a

263 1104 359 1163 larum
383 1104 566 1162 incrementa
591 1101 736 1162 derivatio
758 1101 842 1162 verbi
873 1101 949 1161 solet
969 1103 1143 1180 provenire,
1171 1108 1205 1161 ut
1231 1101 1307 1162 vello
1329 1100 1414 1162 vellis
1436 1101 1557 1170 rellico,
1649 1148 1655 1155 .

262 1204 342 1264 l'odio
370 1203 446 1263 lodis
474 1203 587 1271 lodice,
617 1206 716 1264 mittio
744 1206 877 1272 nutrice,
912 1202 997 1263 albus
1026 1202 1086 1263 albi
1116 1201 1226 1272 albico,
1255 1203 1379 1263 claudus
1407 1202 1557 1273 claudico,

262 1306 348 1366 taber
370 1304 499 1372 labrico,
522 1304 598 1365 alter
620 1305 762 1374 altcroor,
793 1307 978 1365 communico
1007 1305 1142 1365 lrondico
1169 1303 1292 1364 debilito
1313 1304 1438 1365 nobilito
1460 1307 1559 1365 oscito

263 1408 418 1486 periclitor
441 1405 551 1465 ventilo
574 1406 687 1485 pullulo
709 1407 841 1484 gratulor
857 1408 1019 1467 latrocinor
1035 1407 1190 1476 lehricito;
1213 1408 1337 1486 parique
1354 1406 1441 1467 modo
1463 1409 1559 1468 etiam

263 1512 437 1570 commissor
466 1509 583 1567 sarcino
614 1505 716 1587 [opem
737 1507 807 1588 tuli]
832 1509 978 1588 opitulor,
1007 1518 1126 1588 praesto
1148 1508 1323 1589 praestolor.
1367 1510 1399 1568 in
1420 1526 1458 1587 go
1481 1527 1558 1588 quo·
1573 1527 1600 1565 ιο

264 1631 321 1691 pue
345 1611 510 1670 desinentia
534 1612 542 1668 i
566 1609 649 1669 ltrevi
666 1610 874 1679 antecedente,
899 1597 931 1670 ut
953 1613 1059 1688 navigo
1074 1613 1190 1688 remigo
1205 1611 1291 1687 litigo
1306 1611 1411 1687 mitigo
1429 1611 1558 1689 lumigo,

265 1716 326 1773 sire
350 1734 366 1773 a
390 1709 559 1772 nominibus
582 1712 747 1789 figurantur
769 1715 800 1771 iu
823 1712 929 1781 rerlra,
958 1715 1019 1772 sive
1048 1716 1127 1773 inest
1156 1715 1199 1771 eis
1223 1711 1305 1771 verbi
1328 1711 1406 1790 quod
1433 1718 1478 1772 est
1502 1731 1560 1790 ago

264 1815 409 1894 quaedam
438 1815 628 1891 compositio,
657 1816 727 1892 quia
756 1833 823 1873 cum
851 1816 970 1874 nominc
999 1823 1231 1894 componuntur,
1266 1814 1303 1874 ad
1331 1816 1458 1894 primam
1489 1816 1558 1875 iure

265 1917 444 1996 perveniunt
472 1916 720 1992 coniugationcm.
765 1916 868 1976 eodem
897 1916 983 1976 modo
1006 1919 1094 1978 otiam
1117 1917 1154 1977 alr
1177 1916 1317 1978 adverbio
1339 1919 1420 1976 intus
1442 1916 1488 1976 vel
1511 1918 1559 1977 in·

267 2027 313 2079 tro
336 2016 459 2077 verbum
482 2016 515 2075 fit
536 2018 616 2076 intro
639 2019 747 2086 intras,
773 2027 801 2077 et
817 2037 836 2077 a
851 2020 970 2097 penitus
993 2021 1063 2078 item
1086 2019 1219 2098 penetro,
1243 2027 1272 2079 et
1294 2018 1330 2079 ab
1353 2037 1388 2078 eo
1410 2018 1490 2098 quod
1513 2026 1561 2080 est
1578 2036 1601 2075 ts

267 2128 377 2179 temere
399 2127 514 2178 temero
536 2127 674 2180 temeras.
693 2114 697 2200 Ι
1605 2132 1608 2137 ’

350 2221 387 2281 Et
409 2240 446 2280 no
470 2220 581 2280 diutins
604 2221 698 2281 isdem
721 2221 887 2282 rationibus
903 2225 1034 2282 inmorer
1058 2219 1185 2302 (tempus
1200 2225 1278 2283 enim
1301 2241 1347 2282 me
1363 2224 1453 2282 citius
1468 2242 1561 2302 quam

266 2323 400 2403 texernpla
430 2322 593 2400 tlesrciant),
624 2325 648 2384 si
679 2342 782 2384 onmes
810 2325 899 2384 liuius
927 2324 1007 2384 modi
1036 2324 1238 2385 traductiones
1260 2325 1418 2385 verborum
1441 2329 1561 2404 primae

266 2426 358 2485 solius
380 2425 597 2501 coniugationis
620 2427 763 2495 existant,
789 2429 832 2485 sio
855 2445 921 2485 esse
943 2432 1041 2505 potest
1063 2427 1171 2506 aliquis
1193 2429 1410 2495 contentiosus,
1443 2434 1475 2486 ut
1500 2446 1561 2487 non

266 2528 323 2589 alia
346 2545 462 2607 quoque
485 2525 592 2596 rerba,
624 2526 734 2605 quibus
756 2527 919 2588 adhaerent
940 2530 1073 2596 nomina,
1102 2530 1127 2588 si
1151 2530 1264 2607 primae
1286 2548 1346 2588 non
1369 2531 1429 2588 sint
1451 2532 1558 2589 coniu-
1574 2549 1601 2588 ao
1624 2533 1634 2543 '

178 2684 181 2699 ,
266 2631 408 2707 gationis,
438 2631 565 2689 lateatur
592 2630 629 2689 de
652 2629 824 2690 nominibus
852 2649 917 2689 csso
941 2629 1084 2690 traducta.
1131 2639 1162 2690 ut
1191 2639 1280 2691 totam
1310 2631 1401 2706 igitur
1423 2631 1561 2708 regulam

266 2732 443 2809 recolligere
471 2731 588 2800 videar,
619 2732 691 2793 illud
715 2734 805 2791 etiam
828 2731 933 2792 addam
961 2750 1051 2819 supra
1079 2732 1180 2801 dictis,
1210 2732 1305 2811 quod,
1333 2752 1349 2793 a
1373 2750 1562 2813 quacumque

269 2834 468 2895 declinatione
492 2836 645 2894 neminum
668 2833 836 2894 traductum
859 2836 898 2894 sit
912 2833 1053 2903 verbum,
1077 2834 1225 2914 siquidem
1247 2836 1277 2893 in
1294 2854 1329 2893 eo
1346 2834 1471 2904 desinat,
1497 2838 1564 2896 eius

270 2945 315 2996 est
338 2938 573 3013 coniugationis,
597 2938 681 2995 onius
705 2944 734 2995 et
757 2936 812 2996 alia
828 2943 897 2996 sunt
919 2939 948 2995 in
972 2956 1007 2995 eo
1022 2936 1203 3006 desinentia,
1227 2955 1301 3016 quae
1319 2938 1469 3015 primitiva
1493 2947 1565 2998 sarrit

270 3047 299 3098 et
323 3059 338 3098 a
362 3038 440 3099 nulla
471 3037 658 3097 deducuntur
685 3040 816 3114 origine,
846 3039 875 3097 id
904 3049 949 3100 est
976 3038 1122 3098 secundae
1151 3039 1242 3098 solius
1270 3039 1502 3114 coniugationis,
1529 3047 1603 3101 utas

270 3159 361 3201 acanus
383 3141 450 3200 cani
474 3158 581 3209 caneo,
611 3140 700 3199 calles
729 3140 812 3200 eallis
835 3140 942 3209 calleo,
973 3141 1026 3200 llos
1054 3140 1136 3200 lloris
1159 3140 1263 3207 floreo,
1295 3140 1343 3199 lun
1366 3140 1441 3200 luris
1464 3140 1562 3211 luceo,

270 3245 352 3303 lrons
379 3241 494 3302 frondis
522 3242 658 3311 lromleo,
688 3260 795 3302 census
826 3260 932 3301 consus
961 3261 1078 3301 censeo.
1124 3245 1153 3301 in
1182 3261 1220 3301 uo
1244 3238 1257 3322 ΙΙ
1286 3260 1354 3300 roro
1382 3242 1564 3322 principalia

268 3344 389 3423 quidem
417 3345 524 3402 tertiae
555 3344 646 3404 solius
674 3346 882 3413 inveniuntur,
912 3351 944 3404 nt
971 3343 1063 3404 inbuo
1090 3363 1163 3404 acuo
1193 3344 1282 3403 induo
1310 3361 1401 3419 arguo
1430 3343 1479 3403 luo
1503 3363 1565 3405 nuo

270 3465 344 3526 spuo
360 3464 415 3505 ruo
431 3464 499 3515 suo,
523 3447 606 3505 lutuo
630 3453 736 3506 statuo.
765 3465 856 3506 vacuo
880 3454 978 3506 autem
994 3446 1082 3506 viduo
1097 3448 1215 3507 insinuo
1229 3454 1319 3506 tenuo
1334 3445 1443 3505 ssuotno
1458 3453 1565 3506 aestuo

270 3557 389 3609 mutuor
411 3547 576 3608 tumultuor
599 3549 726 3617 inlatuo,
755 3549 824 3627 quia
847 3566 882 3606 cx
905 3548 1075 3609 nominibus
1098 3567 1207 3610 vacuus
1229 3548 1335 3607 viduus
1358 3549 1441 3607 sinus
1462 3551 1604 3612 tenuisse

272 3650 379 3710 fluctus
409 3657 509 3708 aestus
542 3657 661 3709 mutuus
690 3650 836 3709 tumultus
868 3650 966 3709 fatuus
1001 3650 1133 3710 derivata
1165 3659 1247 3718 strnt,
1283 3652 1347 3708 iuro
1380 3648 1437 3709 siut
1465 3652 1567 3729 prima

271 3750 403 3810 vindicat
430 3752 609 3827 coniugatio.
654 3769 720 3811 nam
749 3749 846 3810 tribus
875 3759 905 3809 et
932 3758 1029 3811 metus
1058 3760 1087 3810 et
1114 3753 1177 3812 lues
1205 3760 1235 3811 ot
1261 3760 1359 3812 strues
1381 3754 1475 3828 magis
1497 3753 1567 3830 ipsa

273 3851 460 3911 deducuntur
483 3871 498 3911 a
522 3851 622 3911 verbis
636 3852 737 3912 tribuo
752 3864 853 3912 metuo
876 3852 924 3911 luo
940 3859 1037 3922 struo,
1061 3872 1149 3933 quam
1165 3857 1277 3917 lacinnt
1292 3852 1392 3913 verba.
1422 3854 1447 3912 si
1463 3860 1567 3915 autem

287 4006 575 4014 ..—-—-——-.-*—.

342 4105 407 4154 :tin
426 4113 451 4153 to
471 4105 510 4153 rel
530 4107 555 4154 in
575 4102 609 4171 lo]
632 4106 656 4154 in
676 4106 711 4154 ito
730 4103 770 4153 uel
790 4106 815 4153 in
838 4104 861 4154 lo
881 4105 920 4153 uel
942 4108 968 4154 in
987 4107 1024 4156 lor
1043 4109 1068 4156 P
1135 4109 1283 4172 5ipsarum
1302 4106 1387 4157 om.B
1457 4106 1567 4157 7iodio

272 4175 312 4225 dis
335 4190 364 4224 co
388 4189 431 4224 eas
456 4174 495 4222 nel
519 4175 568 4223 fido
593 4176 633 4224 dis
656 4174 731 4223 ildico
751 4175 833 4223 nutrio
854 4190 882 4223 co
905 4176 978 4225 albus
1002 4177 1083 4226 albico
1107 4179 1212 4228 claudus
1235 4177 1350 4226 claudico
1376 4175 1445 4225 labet
1464 4175 1567 4228 fabrico

271 4244 335 4293 alter
353 4244 447 4293 altered
467 4247 607 4294 communis
625 4262 654 4292 co
672 4244 771 4294 frondis
790 4244 904 4293 frondico
923 4246 1013 4294 debilis
1036 4248 1139 4297 debilia·
1165 4247 1257 4297 nobilis
1277 4247 1382 4295 nobilito
1402 4247 1467 4294 oscis
1484 4249 1568 4296 oscito

272 4314 414 4379 periculum
434 4314 562 4378 periclitor
582 4324 672 4364 uentus
689 4314 784 4364 uentiio
804 4314 889 4378 pullus
906 4315 1004 4379 pullulo
1025 4328 1112 4383 gratus
1131 4318 1271 4384 gratulere
1340 4315 1469 4365 ualterco
1489 4317 1514 4364 P

273 4384 306 4437 10
324 4386 424 4434 sarcino
442 4399 516 4448 opem
538 4385 582 4433 tuli
602 4385 711 4450 opitulor
728 4395 829 4449 praesto
846 4387 987 4449 praestolor
1005 4387 1030 4435 B
1045 4391 1157 4438 sarcinor
1175 4402 1248 4452 opem
1267 4387 1312 4435 tuli
1331 4385 1441 4450 opitulor
1460 4398 1569 4450 praesto

273 4456 394 4518 praestito
418 4454 561 4519 praestolor
580 4469 670 4519 praeeo
693 4456 791 4520 praeite
811 4456 834 4503 P
858 4455 956 4521 ipreino
975 4457 1084 4520 opitulor
1102 4468 1203 4522 praesto
1224 4455 1389 4520 praestolort
1477 4457 1510 4506 12
1530 4460 1570 4507 eis

273 4525 358 4573 uerbis
376 4525 517 4590 (carperem.
537 4525 661 4586 quatedarn
681 4524 845 4589 compositio)
863 4526 893 4574 ab
907 4541 937 4574 eo
956 4526 1033 4575 uerbo
1053 4529 1119 4588 qnod
1139 4538 1176 4576 est
1194 4541 1243 4592 ogo
1264 4526 1415 4592 compositio
1431 4525 1456 4574 B
1529 4537 1571 4577 est

274 4595 305 4642 ab
325 4597 413 4660 agoP
463 4593 494 4644 13
512 4595 751 4645 cumanomineP
802 4596 857 4644 iure
877 4595 1017 4644 trerriuutB
1073 4597 1103 4646 14
1122 4597 1419 4658 coniugationemsoliuu
1438 4596 1529 4646 eodem
1548 4600 1573 4647 P

327 4664 512 4717 IouernBP
549 4665 580 4714 17
596 4665 770 4714 inhisdemB
813 4664 1012 4715 lacerarentur
1048 4667 1080 4717 19
1094 4666 1311 4721 soliustssolum
1326 4668 1382 4715 BP
1415 4666 1571 4718 aldionem

275 4731 299 4780 B
370 4736 403 4783 25
423 4735 551 4784 secundae
569 4744 628 4784 sunt
646 4735 724 4784 solius
741 4736 765 4784 P
846 4735 880 4785 29
899 4735 968 4784 fatuo
988 4744 1071 4784 statuo
1092 4739 1115 4786 P
1132 4738 1203 4786 lutno
1224 4751 1353 4799 superser.
1369 4743 1450 4783 statuo
1471 4735 1496 4784 B

273 4805 309 4926 {30
325 4821 466 4938 tppmultuor
483 4822 581 4872 inlatuo
602 4822 768 4872 ttumnltuor
785 4821 895 4871 inlatuor
913 4801 1046 4873 'Piniatuo
1065 4825 1202 4873 tumultuet
1220 4822 1245 4871 B
1320 4821 1453 4873 31muus
1473 4827 1571 4876 tumul-

286 4902 317 4938 us
