3346 5498
130 314 193 379 ose
520 292 524 300 '
687 316 863 380 aricoonn

158 439 177 477 p.
194 426 236 464 145·
248 425 274 464 to
288 422 314 462 V.

740 538 808 619 Ill

575 691 663 764 DE
716 690 971 762 VERBO

214 1085 394 1164 Saepissime
417 1081 472 1141 tibi
496 1084 677 1161 remanenti.
708 1081 903 1141 disertissime
926 1081 1124 1142 studiosorum
1148 1082 1275 1153 Severe,
1301 1083 1436 1146 verbum

129 1188 275 1247 sermonis
298 1204 354 1246 usn
376 1202 416 1244 an
439 1186 554 1245 ratione
577 1186 707 1251 clicerius
730 1185 848 1262 regulae
871 1184 1027 1261 dirigatur,
1052 1202 1085 1243 ac
1113 1185 1295 1262 postulanti,
1326 1187 1434 1267 siquid

129 1306 219 1367 snper
242 1306 277 1344 eo
300 1286 476 1347 declinando
498 1287 643 1365 scriptum
666 1285 711 1345 rol
740 1286 882 1346 traditum
904 1288 1053 1352 noverim.
1082 1294 1115 1345 ut
1137 1285 1296 1357 docerem,
1327 1287 1457 1349 lineo-³¹·

131 1390 242 1449 tissime
272 1390 367 1469 parui,
391 1406 449 1467 qno
479 1396 508 1447 et
530 1389 678 1449 amicitiae
701 1387 802 1448 debito
825 1388 922 1447 officio
938 1387 1079 1465 fungerer
1101 1395 1131 1447 et
1153 1407 1169 1446 a
1191 1405 1301 1466 graeca
1324 1390 1431 1469 lingua

131 1509 281 1551 romanam
317 1490 406 1550 nrdlis
439 1497 489 1550 arrt
521 1493 624 1568 paucis
657 1488 814 1550 admodum
849 1488 1038 1549 ostenderem
1068 1489 1301 1568 discrepantem.
1348 1511 1429 1572 quiae

129 1595 220 1670 igitur
243 1592 287 1651 rel
310 1593 470 1671 atttieprltas
492 1590 663 1669 vestigando
685 1590 730 1650 vel
753 1592 911 1670 posteritas
933 1591 1045 1671 reperit
1073 1592 1262 1671 exsequendo
1289 1594 1319 1654 in
1345 1595 1429 1656 hune.

129 1692 261 1753 libellum
291 1694 403 1753 contuli
432 1695 534 1753 stricto
562 1710 697 1752 sermone
726 1692 874 1772 decerpta.
918 1693 1103 1753 doctissimas
1130 1694 1210 1754 otiim
1237 1714 1329 1755 altres
1360 1705 1428 1759 tuas

129 1813 186 1855 nou
211 1803 269 1855 tam
291 1796 480 1855 instruendas
502 1795 727 1873 eredidi'epram
748 1794 985 1855 commonendas.
1441 1809 1464 1846 ¹⁰

216 1895 245 1955 ln
269 1897 376 1973 primis
398 1899 489 1973 igitur
512 1898 745 1973 coniugationes,
768 1916 841 1976 qeras
863 1896 899 1956 lV
922 1899 1041 1957 omnino
1070 1915 1123 1955 nee
1147 1898 1275 1976 amplius
1297 1903 1426 1980 recepit.

128 1998 164 2056 ad
187 1997 413 2058 similitmlinenn
435 1998 693 2058 eircnmllexilinnr
716 1997 792 2076 apird
809 1998 937 2058 Graecos
953 1997 1111 2058 rerlmrnm
1133 2016 1170 2058 ox
1196 2003 1330 2061 secnrnla
1355 2021 1425 2082 per·

128 2119 199 2160 sona
223 2105 335 2179 primae
359 2101 518 2178 pumilionis
541 2102 739 2176 agrioscimus,
773 2118 840 2159 eum
864 2101 988 2179 primam
1012 2119 1037 2168 a,
1060 2099 1220 2160 secundam
1243 2120 1275 2170 e,
1300 2106 1425 2164 tertiam

128 2205 136 2260 i
165 2203 252 2262 modo
281 2201 437 2281 producta,
468 2201 552 2260 trucido
580 2211 730 2280 eorrepta,
762 2201 805 2260 vet
839 2209 907 2260 ante
937 2202 1064 2262 litteram
1093 2201 1137 2261 vel
1170 2210 1238 2262 anto
1274 2204 1424 2282 syllabam

127 2322 260 2383 peraeque
290 2305 383 2383 posita
412 2303 561 2379 designet:
586 2311 653 2362 ante
682 2303 812 2362 litteram
835 2303 954 2389 rpridem
977 2305 1007 2362 in
1030 2303 1077 2362 nis
1106 2321 1181 2381 eptae
1204 2324 1232 2373 o,
1267 2314 1339 2365 anto
1364 2308 1462 2387 syl-ra

59 2449 64 2458 .
128 2404 222 2465 labam
245 2423 315 2464 tero
338 2407 368 2464 in
392 2404 438 2463 liis
460 2423 536 2483 (perae
558 2422 592 2462 or
612 2406 822 2472 terminantem,
847 2413 878 2464 ut
899 2424 965 2465 nnio
981 2424 1069 2473 antas,
1094 2404 1185 2464 doceo
1207 2405 1306 2473 doces,
1331 2409 1425 2470 audio

126 2506 219 2575 audis,
244 2506 308 2583 lego
331 2506 415 2582 legis
439 2524 520 2565 anmi·
543 2508 666 2572 amaris,
702 2506 810 2566 doceor
832 2507 961 2575 ‹loe-(nis
986 2506 1090 2566 aridior
1112 2506 1239 2576 amlirls,
1270 2507 1357 2587 logor
1380 2512 1425 2571 le·

126 2610 216 2683 geris.
262 2609 349 2666 tertia
378 2608 456 2667 enim
486 2615 622 2685 correpta
652 2607 707 2666 lanc
735 2628 751 2666 a
774 2610 883 2667 ceteris
910 2608 1014 2678 distat,
1044 2609 1122 2688 (prod
1153 2611 1184 2668 in
1207 2608 1253 2669 his
1284 2630 1364 2689 quae
1388 2631 1423 2672 or

126 2713 325 2769 terrninantne
349 2712 358 2769 i
381 2712 412 2769 in
436 2729 451 2768 e
475 2711 630 2768 convertit.
677 2709 744 2768 iden)
771 2716 868 2768 aretem
898 2709 1025 2769 ‹liximns
1052 2711 1083 2769 in
1107 2711 1249 2789 hisquae
1273 2730 1290 2769 o
1314 2713 1364 2773 rel
1387 2734 1423 2774 or

128 2813 333 2879 terminantur,
358 2813 497 2891 «perentam
521 2813 726 2871 rraiircrsorum
749 2830 823 2890 (perae
847 2810 924 2890 apud
947 2829 998 2869 eos
1026 2811 1205 2888 regulariter
1228 2812 1459 2876 (tentamenta

126 2913 181 2972 leae
205 2914 279 2973 dnm.
304 2921 415 2973 tantirm
439 2913 525 2972 modo
547 2921 614 2972 sinn
637 2911 767 2991 syllabae
791 2912 971 2972 terminales
1017 2932 1083 2974 nam
1106 2932 1139 2972 ea
1162 2932 1236 2993 qnae
1265 2933 1292 2975 m
1319 2913 1421 2998 [ets]

126 3024 157 3074 et
179 3023 190 3073 t
213 3012 216 3097 l
242 3015 287 3075 rel
308 3017 316 3074 i
341 3015 450 3074 litteris
472 3017 614 3074 liniuntur
636 3014 729 3073 solius
752 3017 928 3074 anctoritate
951 3014 1088 3074 lectionis
1103 3032 1158 3075 nec
1182 3014 1271 3075 ullius
1294 3035 1422 3081 normae

128 3117 191 3193 lege
225 3119 393 3184 firmantur,
428 3124 460 3175 ut
488 3135 552 3174 suan
581 3134 612 3174 es
640 3123 695 3183 cst,
717 3134 851 3194 quaeepre
874 3134 910 3175 ox
933 3135 967 3174 eo
1001 3124 1221 3194 cearrpommtnr,
1250 3125 1283 3177 ut
1313 3119 1422 3181 adsum

126 3238 246 3298 prmum
270 3219 372 3277 destun
395 3236 514 3296 possum
537 3225 621 3295 potes
644 3225 750 3295 potest,
776 3217 873 3278 taedet
895 3216 985 3296 pollet
1008 3220 1090 3296 pigot
1104 3218 1173 3277 licet
1200 3220 1325 3279 naiscret
1347 3240 1421 3300 prae·

126 3323 209 3388 nitet,
233 3320 281 3380 odi
305 3323 372 3379 riori
394 3321 525 3387 memini,
548 3338 623 3397 quae
646 3321 734 3379 etiam
757 3319 900 3378 defectiva
930 3319 1078 3387 dicontur,
1101 3319 1178 3399 quod
1202 3319 1341 3398 plurimis
1365 3323 1419 3384 de-
1435 3334 1459 3375 ἓν

126 3424 233 3490 ticiani,
253 3430 284 3481 ut
299 3420 559 3499 coniugationibus
573 3420 734 3497 generibus
750 3420 845 3480 modis
860 3419 1045 3499 temporibus
1059 3423 1235 3500 participiis,
1252 3420 1288 3480 ale
1304 3423 1424 3502 qetibus

125 3531 154 3583 et
178 3525 250 3603 ipsis
272 3523 456 3601 postmodnm
480 3524 669 3583 disseremus.
825 3527 828 3532 ’

210 3625 310 3684 llodos
332 3628 430 3691 etiarn,
454 3643 528 3703 epiros
551 3625 593 3685 illi
619 3621 783 3701 ἐγκλίσεις
806 3623 963 3702 appellant,
988 3625 1107 3686 eosdem
1124 3644 1157 3684 ac
1174 3644 1267 3703 paene
1291 3629 1422 3692 totidem

126 3724 234 3785 laalmre
264 3735 440 3793 noscuntur,
475 3726 667 3786 inellcatirmn
691 3728 900 3804 imperativum
932 3728 1093 3805 optativum
1127 3725 1349 3790 suliiuuetivum
1374 3734 1423 3793 in·

126 3829 248 3891 linitum.
273 3847 361 3907 «petrem
383 3829 418 3888 ad
435 3828 553 3887 niodum
570 3829 674 3888 Gracci
692 3819 866 3906 ὁριστικὴν
881 3820 1129 3905 προστακτικήν
1152 3820 1312 3907 εὐκτικὴν
1331 3824 1424 3895 ὑπο-
1436 3850 1463 3887 so

125 3922 286 4007 τακτικὴν
314 3923 568 4009 ἀπαρέμφατον.
613 3948 680 3988 nam
704 3929 901 4007 inpersonalis
923 3948 981 3988 non
1004 3929 1107 3988 modus
1130 3931 1222 4005 inagis
1244 3939 1304 4000 est,
1329 3953 1426 4014 qttam

126 4030 216 4091 altera
240 4032 398 4092 ‹leelinatlo
422 4033 509 4090 retains
531 4033 674 4109 eninsqne
699 4028 781 4089 verbi
805 4032 868 4089 sine
891 4033 1028 4108 personis
1051 4050 1083 4091 are
1106 4033 1239 4090 nutrireris
1254 4052 1311 4112 per
1326 4055 1424 4118 supra

126 4131 220 4190 dictos
243 4133 344 4191 modos
367 4131 528 4211 eadennpte
552 4139 683 4211 tempora
707 4132 878 4196 ‹leetrrrons
902 4134 978 4212 <prod
995 4141 1025 4192 et
1048 4135 1143 4211 ipsum
1159 4143 1257 4193 tamen
1278 4141 1425 4214 reperies

212 4306 236 4359 B
259 4308 352 4361 eorlecr
378 4306 525 4360 Rodiensis
547 4323 624 4361 reterre
649 4307 869 4361 Vindobonensis
895 4306 929 4362 tt

190 4524 207 4571 4
224 4523 348 4571 sermonis
463 4523 558 4569 ratione
634 4522 707 4569 ceritis
725 4520 763 4569 Ii:
780 4523 905 4584 supplevit
917 4522 957 4569 ed.
968 4520 1044 4571 Vtmt.
1127 4524 1141 4571 7
1160 4536 1291 4571 ronrnnnm
1313 4526 1341 4575 B

126 4594 156 4640 12
174 4602 294 4640 exsecuta
312 4605 516 4655 personaeeorr.
529 4605 561 4638 ex
574 4592 685 4638 secnmln
699 4589 846 4654 personali
897 4590 1244 4652 loamelitternqnidemB
1300 4596 1334 4645 18
1349 4601 1424 4658 qnod

123 4660 179 4706 ollis
196 4675 265 4709 corr.
279 4660 345 4722 qrrod
365 4661 389 4706 in
404 4657 443 4706 lais
457 4657 480 4705 lt
548 4661 577 4705 ’21
594 4657 655 4704 liaeo
667 4658 732 4704 «lirae
746 4657 770 4705 B
847 4659 879 4705 ‘22
897 4657 976 4719 solius
993 4659 1142 4706 nrattoritnte
1162 4658 1201 4706 trel
1220 4659 1383 4714 lectionibus
1400 4669 1426 4716 l›¹

123 4727 178 4773 sola
190 4730 339 4775 atrctorimte
352 4727 390 4775 nel
405 4726 553 4774 lectionibus
569 4725 646 4774 laetam
722 4726 956 4774 ‘didescremnslt
1033 4729 1066 4774 28
1084 4728 1131 4789 ipsi
1144 4742 1211 4778 eorm.
1225 4727 1300 4776 illiB
1376 4739 1427 4786 1015

123 4795 187 4841 idem
204 4795 227 4842 B
296 4798 328 4844 29
345 4794 532 4842 coniunctimtm
547 4810 615 4844 enrr.
628 4793 817 4841 sulrinnetinnm
830 4793 854 4841 B
