3346 5498
657 413 892 475 COMMENTVM
1383 412 1444 476 291

1260 535 1280 575 p.
1294 523 1385 563 tut-tt
1400 522 1421 562 L.

153 600 202 658 nis
224 597 364 658 dividitur
386 600 417 658 in
441 597 512 658 duas
533 605 648 677 partes:
677 606 727 660 aut
754 601 833 659 enim
856 603 1008 680 proprium
1032 609 1148 661 estant
1170 599 1392 680 appellativum>
1422 602 1448 660 si

156 709 255 761 autem
278 698 407 760 volueris
429 708 480 760 aut
503 702 655 779 proprium
679 720 734 779 pro
757 699 932 781 appellativo
954 720 1066 781 ponere
1089 712 1140 762 ant
1162 701 1370 781 appellativum
1393 721 1448 782 pro

152 805 285 883 proprio,
310 802 505 863 soloecismus
528 812 581 871 est,
605 811 675 881 puta
698 805 723 862 si
746 802 825 862 dicas

305 905 454 966 hauriat
477 905 572 965 bunc
595 903 716 964 oeulis
739 906 860 983 ignem
883 905 1050 967 crudelis
1072 907 1115 967 ab
1138 905 1216 967 alto
1316 888 1324 897 ’

124 1020 140 1058 ⁵
307 1006 501 1068 Uardanus

150 1128 209 1190 pro
232 1129 267 1170 eo
289 1109 367 1189 quod
397 1117 442 1169 est
463 1108 638 1170 llardanlus.
684 1128 753 1169 ecce
776 1111 897 1189 proprio
920 1129 992 1171 usus
1014 1119 1059 1170 est
1080 1130 1136 1190 pro
1164 1109 1355 1190 appellativo,
1378 1129 1448 1170 ecce

153 1211 247 1273 habes
269 1213 371 1271 vitium
394 1229 449 1291 per
471 1209 650 1290 qualitatem.
696 1231 751 1291 per
772 1230 893 1289 genera,
916 1214 941 1271 si
964 1212 1045 1272 dicas
1067 1211 1153 1271 validi
1177 1211 1283 1281 silices,
1308 1231 1376 1273 cum
1398 1231 1447 1272 ra·

152 1313 228 1374 lidas
256 1312 414 1391 legerimus
443 1312 520 1392 apud
548 1312 722 1391 Vergilium.
772 1312 846 1372 nihil
875 1314 996 1393 quidem
1025 1312 1096 1373 dicit
1122 1317 1180 1374 iam
1214 1314 1293 1393 quod
1323 1314 1448 1392 legimus

151 1415 229 1495 apud
253 1433 356 1475 omnes
377 1432 488 1492 genere
517 1414 692 1502 masculino,
721 1415 771 1474 sed
796 1414 875 1492 quod
897 1415 1071 1496 plerumque
1093 1418 1124 1477 in
1147 1436 1202 1477 usu
1225 1425 1281 1484 est,
1309 1415 1366 1475 lroc
1388 1414 1449 1475 vult

111 1528 140 1567 ¹⁰
155 1517 266 1578 dicere.
293 1516 297 1598 l
321 1536 389 1576 nam
411 1514 509 1577 silices
532 1515 675 1577 habemus
698 1519 728 1576 in
751 1536 806 1577 usu
829 1536 940 1594 genere
955 1519 1109 1587 leminino,
1131 1520 1259 1579 cortices
1274 1520 1304 1578 in
1327 1536 1380 1577 usn
1396 1535 1446 1595 ge·

151 1637 226 1680 nere
247 1617 427 1687 masculino;
451 1627 550 1679 tamen
573 1616 698 1696 legimus
720 1620 750 1679 in
767 1619 896 1698 Vergilio
918 1639 1028 1697 genere
1052 1621 1193 1681 feminino
1208 1621 1346 1680 cortices.
1376 1636 1448 1696 ergo

152 1740 208 1801 per
230 1719 420 1803 qualitatem·
434 1730 466 1781 ut

304 1822 453 1883 hauriat
475 1823 570 1883 hunc
593 1821 716 1882 oculis
737 1825 859 1901 ignem
883 1823 1053 1885 crudelis
1076 1823 1117 1884 ab
1140 1824 1216 1884 alto

305 1924 515 1994 Dardanus;

111 2038 138 2077 ¹5
151 2046 207 2107 per
234 2044 358 2106 genera,
388 2036 421 2088 ut
443 2027 547 2087 ‘validi
576 2029 693 2088 siliccs’
725 2036 776 2088 aut
804 2032 967 2088 ‘amarae
1002 2029 1192 2088 cortices’.
1242 2046 1297 2106 per
1325 2047 1445 2108 compa·

150 2130 310 2199 rationem,

304 2231 507 2310 respondit
530 2230 619 2292 luno
642 2232 822 2293 Saturnia
845 2239 974 2292 sancta
1002 2233 1168 2293 dearum:

151 2335 286 2394 norimus
308 2334 386 2411 qnod
409 2336 546 2412 genetivo
569 2332 677 2413 plurali
708 2352 768 2395 non
799 2335 931 2412 iungitur
954 2336 1010 2394 nisi
1033 2333 1248 2413 superlativus;
1280 2335 1304 2393 si
1328 2341 1360 2394 tn
1382 2335 1449 2394 iun-

149 2438 232 2497 xeris
254 2437 422 2515 positivum,
447 2438 548 2496 vitium
571 2436 682 2505 iecisti,
706 2436 843 2497 Saturnia
872 2445 971 2498 sancta
1002 2455 1056 2516 pro
1086 2456 1121 2496 eo
1150 2435 1228 2516 quod
1258 2444 1303 2495 est
1324 2439 1448 2498 sanctis-

109 2540 234 2617 wslma.
279 2557 334 2617 per
356 2556 505 2606 numeros,
529 2540 634 2615 ‘pars
660 2539 695 2598 in
723 2540 841 2599 irusta
870 2541 1019 2599 secant’
1048 2558 1104 2618 pro
1135 2558 1170 2599 eo
1194 2537 1272 2615 quod
1295 2548 1341 2599 est
1363 2542 1450 2619 ‘pars

149 2643 252 2700 secat’.
288 2658 343 2718 per
365 2657 459 2708 casus,
485 2639 630 2700 ‘urbem
653 2656 755 2716 qnam
779 2647 902 2700 statuo
925 2640 1048 2702 vestra
1073 2646 1145 2700 est’
1173 2659 1229 2720 pro
1251 2660 1285 2700 co
1301 2641 1380 2721 qnod
1405 2650 1447 2701 est

150 2741 237 2802 ‘urbs
252 2760 340 2821 quarn
355 2751 451 2802 statuo
466 2749 562 2802 restra
578 2746 648 2802 est'.
678 2741 814 2802 similiter
828 2761 883 2822 per
897 2761 1007 2820 genera
1023 2742 1192 2812 verborum,
1216 2761 1271 2821 per
1294 2742 1450 2819 qualitates

151 2843 320 2913 verborum,
344 2862 398 2923 per
421 2863 570 2914 nrrmeros,
594 2863 649 2923 per
671 2844 784 2905 modos.
816 2851 883 2924 puta
907 2864 961 2925 per
983 2863 1091 2922 genera
1115 2845 1284 2911 verborum,
1309 2846 1333 2903 si
1357 2845 1449 2904 utaris

151 2948 263 3026 passiva
286 2944 484 3006 declinatione
507 2965 563 3025 pro
586 2948 689 3017 activa,
715 2955 747 3007 nt

110 3062 138 3100 ἕ)
307 3046 521 3127 spoliantur
544 3067 605 3109 cos
629 3056 663 3109 et
685 3065 845 3127 corpora
869 3046 962 3108 nuda
992 3045 1214 3127 relinquunt

151 3169 207 3231 pro
230 3169 266 3210 eo
289 3149 368 3229 quod
393 3159 437 3210 est
460 3149 605 3229 spoliant;
629 3169 684 3230 per
706 3150 819 3218 modos,
843 3151 868 3209 si
892 3148 964 3209 velis
986 3150 1086 3211 dicere

304 3253 384 3320 itis,
408 3253 552 3331 paratis
575 3271 672 3312 arma
696 3240 993 3330 quamprimum,
1016 3253 1088 3312 riri
1118 3255 1120 3328 j

153 3373 209 3434 pro
232 3374 267 3413 eo
290 3354 368 3434 quod
393 3361 438 3413 est
459 3333 520 3413 ‘ile
543 3357 678 3433 parate’;
702 3373 756 3434 per
778 3371 922 3432 personas

304 3456 431 3524 Danai,
456 3456 844 3534 quiparentdtrldls,
869 3457 1150 3535 quamprimum
1175 3474 1272 3516 arma
1296 3457 1447 3523 sumite,

107 3575 136 3614 so
151 3559 256 3619 ‘Danai
278 3559 329 3636 qni
352 3565 458 3636 parent
479 3560 598 3618 sumite'
622 3578 677 3637 pro
700 3577 735 3619 eo
758 3557 835 3638 quod
859 3565 903 3617 est
923 3557 1027 3618 ‘Danai
1044 3561 1094 3636 qni
1116 3560 1227 3638 paretis
1250 3559 1380 3618 sumite'.
1410 3560 1448 3618 si·

151 3661 259 3722 militer
281 3680 335 3740 per
358 3658 504 3727 adverbio,
522 3662 546 3719 si
562 3658 641 3720 aliud
659 3659 832 3720 adverbium
851 3679 905 3739 pro
923 3659 979 3719 alio
996 3679 1099 3739 ponas,
1116 3661 1227 3722 sinclis
1243 3659 1449 3720 dicere‘intus

151 3766 198 3824 eu’
214 3781 269 3842 pro
285 3762 410 3841 eoquod
427 3771 470 3822 est
486 3763 577 3822 ‘intro
593 3767 652 3834 eo’,
672 3762 781 3823 sinclis
795 3762 897 3823 dicere
913 3764 1003 3823 ‘intro
1025 3766 1113 3832 sum',
1137 3771 1186 3823 ant
1200 3765 1224 3823 si
1237 3765 1340 3840 iungas
1362 3780 1448 3843 prae-

150 3867 312 3946 positiones
328 3863 499 3925 nominibus
515 3866 663 3925 civitatum
680 3863 724 3924 vel
740 3863 878 3925 detrahas
892 3866 1062 3944 provinciis,
1086 3867 1110 3924 si
1127 3863 1197 3924 velis
1213 3864 1312 3926 dicere
1327 3863 1375 3923 ‘ad
1388 3864 1448 3925 llo·

150 3986 229 4028 mam
252 3965 345 4035 vado',
369 3966 498 4026 ‘Siciliae
513 3974 600 4026 sum’,
630 3985 698 4026 nam
713 3985 810 4047 neque
824 3966 936 4028 Romae
959 3967 1076 4027 additur
1098 3969 1285 4046 praepositio,
1309 3968 1449 4046 quoniam

106 4089 137 4128 so
150 4087 261 4130 nomen
284 4077 327 4128 est
349 4071 502 4148 proprium
525 4070 658 4137 civitatis,
684 4076 713 4128 et
726 4073 839 4129 'nomen
853 4071 1006 4148 proprium
1017 4071 1142 4129 civitatis
1158 4088 1217 4130 non
1234 4070 1340 4148 accipit
1362 4087 1449 4148 prae·

150 4173 329 4249 positionem
353 4169 517 4231 secundum
541 4179 649 4239 artem;
673 4188 771 4248 neque
793 4171 1043 4232 iterumSiciliac
1068 4167 1156 4251 [sum]
1173 4169 1339 4231 detrahitur
1361 4189 1446 4251 prae·

221 4415 238 4461 4
262 4411 369 4474 hainiatl
393 4413 471 4475 Vei-p,
492 4410 557 4459 Aen.
580 4409 620 4459 llll
639 4410 689 4461 uel
779 4412 794 4459 7
814 4409 877 4459 silex
896 4410 1015 4468 feminino
1034 4425 1129 4472 periere
1146 4411 1251 4473 saepius
1272 4411 1364 4476 lepitnr
1380 4411 1450 4470 apuu

157 4484 300 4547 l''erpilimu‚
317 4483 423 4533 sednon
444 4481 528 4528 valida
547 4481 611 4528 silex
681 4480 757 4529 ilsed
777 4479 844 4540 quod
858 4479 1005 4543 plerumque
1024 4482 1050 4528 P
1062 4481 1106 4528 sed
1124 4480 1184 4541 (prid
1205 4478 1355 4545 plerumque
1372 4478 1449 4528 Bos

223 4554 254 4602 15
272 4554 349 4599 amari
367 4553 475 4599 cortices
497 4552 534 4599 ll:
557 4552 636 4613 Verp.
657 4549 738 4602 bucol.
758 4551 784 4609 o,
802 4550 835 4598 62
850 4564 950 4597 amarae
969 4551 1072 4597 corticis
1127 4551 1158 4599 17
1174 4549 1303 4613 respondit
1322 4564 1392 4599 corr.
1412 4559 1447 4595 ·et

151 4624 185 4672 G:
204 4624 270 4672 Earn.
294 4623 362 4669 renai.
382 4622 441 4670 165
460 4621 501 4669 ed.
526 4621 602 4669 Valet.
693 4621 726 4670 20
745 4618 815 4685 pars]
838 4620 917 4683 Ver-9.
938 4619 1003 4668 Aen.
1023 4619 1102 4670 1212
1191 4620 1223 4668 ⁴21
1245 4615 1343 4683 urbem]
1367 4619 1445 4681 Vera.

151 4693 218 4743 Aen.
239 4690 317 4741 1573
405 4693 438 4740 24
459 4706 505 4755 pro
530 4691 612 4738 nrtiua
633 4698 660 4737 nt
688 4690 830 4754 spoliantur
850 4688 873 4735 Ρ
893 4691 925 4737 de
944 4690 1027 4736 aetina
1045 4699 1072 4737 ut
1091 4688 1233 4754 spoliantur
1252 4688 1291 4736 Cb
1315 4686 1346 4735 de
1366 4687 1448 4734 aetina

151 4761 293 4826 spoliantur
313 4760 381 4810 BS:
400 4761 468 4813 lom,
489 4765 574 4810 (runai.
594 4777 617 4811 v.
636 4758 688 4810 600
702 4761 742 4808 ed.
764 4757 837 4806 Valet.
909 4759 944 4806 25
963 4758 1124 4820 reliquuntC
1192 4760 1225 4807 27
1243 4772 1318 4821 qnam
1338 4758 1446 4820 primum

152 4831 235 4880 BCP
256 4831 323 4894 qriod
343 4831 452 4895 prinnini
473 4830 493 4877 S
577 4828 610 4878 29
633 4829 705 4877 atridi
729 4844 803 4891 qinom
824 4830 933 4893 primum
955 4843 1025 4876 arma
1041 4829 1091 4878 ΟΡ
1109 4828 1184 4876 atr-idi
1204 4829 1271 4890 quod
1292 4828 1402 4892 primum
1422 4827 1447 4876 in

151 4916 220 4950 arma
241 4900 262 4948 S
284 4901 374 4948 atridis
393 4916 468 4963 urrann
488 4916 556 4948 arma
578 4899 601 4947 B

1182 4980 1244 5042 19*
