3346 5498
249 392 310 457 rso
504 363 506 365 ’
809 387 963 451 vournu

271 514 293 556 p.
307 503 395 544 rar-ea
409 501 430 541 r„

247 582 345 662 pium?
373 600 431 661 quo
454 580 541 641 modo
565 579 779 640 discernimus?
807 576 937 639 casibus:
961 579 987 639 si
1009 577 1190 638 accusativus
1212 578 1317 647 luerit,
1334 579 1399 638 verit
1420 577 1540 656 partici-

249 685 343 763 pium;
373 685 398 743 si
426 683 593 760 genetivus
624 683 680 742 erit
708 697 827 741 nomen.
873 699 942 740 ecce
975 678 1067 740 babes
1100 679 1308 740 discretionem
1342 678 1541 758 ambiguitatis

246 787 349 865 ipsius.
379 787 404 845 si
419 784 529 845 dixeris
551 786 672 844 ‘amans
694 780 777 843 illum
800 781 857 842 boc
879 783 964 851 leci',
988 782 1174 861 participium
1198 790 1243 842 est
1264 781 1367 850 modo;
1391 783 1417 841 si
1432 780 1541 842 dixeris

248 893 368 949 ‘amans
390 885 468 948 illius
489 885 546 947 hoc
569 886 654 953 leci’,
679 902 787 944 nomon
811 891 864 944 est.
908 883 987 946 unde
1009 884 1066 944 hoc
1088 884 1228 963 appareti
1252 883 1288 943 da
1311 881 1421 951 simile,
1445 891 1474 942 et
1495 884 1540 943 in·

248 992 347 1050 venies
374 991 430 1058 sic;
460 1006 547 1068 quem
577 987 612 1047 ad
641 984 761 1046 modum
784 987 809 1046 si
832 984 913 1046 dicas
936 984 1091 1045 ‘scribens
1119 983 1201 1045 illum
1229 985 1286 1044 lroc
1308 985 1392 1053 leci’,
1415 986 1440 1045 si
1462 984 1568 1046 dicass

248 1095 368 1151 ‘amans
390 1089 474 1150 illum
496 1090 553 1149 boc
576 1089 660 1156 leci’‚
685 1087 827 1168 numquid
849 1105 970 1168 possum
993 1086 1093 1147 dicere
1117 1091 1237 1146 ‘amans
1265 1085 1343 1146 illius
1371 1085 1427 1146 boc
1449 1086 1544 1146 ieci’l

249 1212 319 1254 ecce
342 1191 420 1252 unde
443 1199 567 1271 apparet
588 1191 655 1268 quia
677 1191 865 1269 participium
890 1196 943 1249 est.
989 1191 1056 1268 quia
1080 1197 1110 1249 et
1132 1189 1321 1268 participium
1344 1190 1542 1249 accusativum

248 1293 339 1354 babet
363 1312 474 1363 casum,
499 1291 600 1369 legens
621 1290 720 1351 illum:
745 1308 815 1352 ecce
831 1290 919 1351 modo
934 1292 1123 1370 participium
1146 1298 1199 1350 εει.
1232 1309 1248 1351 ε
1271 1290 1420 1351 contrario
1442 1287 1544 1366 legens

248 1396 327 1457 illius
354 1413 463 1455 nornen
493 1402 545 1454 εει.
591 1393 699 1472 quare?
732 1394 801 1472 quia
829 1394 981 1470 genetivus
1011 1400 1055 1453 εει
1082 1410 1176 1453 casus.
1222 1394 1266 1452 sic
1294 1399 1339 1452 est
1360 1409 1394 1452 ac
1416 1393 1441 1452 si
1463 1391 1544 1452 dicas

249 1495 358 1558 ‘cultor
387 1495 465 1556 illius
493 1497 576 1564 leci’,
606 1494 724 1555 ‘doctor
751 1492 829 1566 illius
859 1494 944 1554 ieci'.
991 1502 1020 1553 ct
1047 1493 1144 1554 cultor
1173 1492 1252 1555 illius
1281 1502 1310 1555 et
1337 1491 1441 1583 doctor
1462 1493 1583 1554 illiusro

249 1599 403 1677 genetivus
431 1606 475 1657 est
502 1615 595 1658 casus,
642 1614 713 1675 ergo
742 1595 859 1674 quando
887 1597 1034 1674 iungitur
1050 1598 1187 1673 genetivo
1215 1597 1308 1665 casui,
1339 1597 1395 1656 erit
1418 1613 1544 1664 nomem

203 1735 204 1738 =
251 1698 369 1780 quaudo
392 1700 525 1777 iungitur
547 1700 728 1767 accusativo,
754 1700 810 1758 erit
831 1699 1028 1777 participium.

132 1778 237 1839 taum
335 1801 478 1887 Superest
500 1818 608 1860 nomen
632 1800 709 1879 quod
733 1798 823 1859 verbo
846 1799 942 1860 simile
965 1809 1024 1870 est,
1053 1809 1085 1861 ut
1108 1798 1112 1882 l
1137 1806 1183 1859 est
1204 1797 1389 1880 contemplor
1411 1805 1545 1860 contem·

186 1927 188 1929 ·
250 1901 342 1982 plaris
370 1901 603 1981 contemplatur:
634 1903 721 1962 modo
747 1904 921 1977 imperativo
942 1911 1078 1982 tempore
1101 1902 1198 1962 iuturo
1221 1900 1446 1979 contemplator.
1491 1901 1545 1961 sed

250 2013 349 2065 tamen
374 2011 403 2062 ει
431 2021 540 2063 nomen
567 2011 764 2082 potestesse,
788 2002 836 2062 hic
858 2003 1074 2082 contemplator
1103 2001 1190 2064 buius
1213 2000 1454 2081 contemplatoris
1476 2003 1545 2063 buic
1559 2022 1584 2061 ιε

251 2103 487 2183 contemplatori.
519 2104 694 2182 aliquotiens
711 2122 781 2182 ergo
797 2107 861 2164 sine
885 2103 975 2165 dubio
998 2124 1106 2165 nomen
1130 2112 1189 2173 est,
1213 2104 1388 2183 aliquotiens
1410 2103 1544 2165 verbum.

251 2204 320 2286 quid
345 2223 415 2282 ergo
438 2207 577 2274 interest,
601 2205 718 2283 quando
742 2208 779 2265 sit
802 2206 939 2275 verbnm,
963 2206 1082 2286 quando
1106 2207 1232 2266 nonren‘?
1255 2191 1377 2267 verbum
1399 2209 1424 2267 si
1446 2206 1545 2275 luerit,

251 2318 369 2386 tempus
397 2305 499 2373 lrabet3
529 2325 637 2367 nomen
664 2308 688 2366 si
717 2307 823 2377 luerit,
853 2327 953 2368 casum
987 2307 1084 2368 babet.
1130 2310 1154 2367 si
1187 2307 1282 2367 dicam
1312 2307 1547 2387 ‘contemplator

252 2408 364 2478 illum'‚
390 2409 444 2468 lroc
468 2415 513 2467 est
535 2407 680 2468 ‘adtende
702 2408 814 2479 illum’,
840 2418 956 2489 tempus
972 2418 1018 2470 est
1039 2411 1102 2470 sine
1125 2408 1228 2470 dubio:
1252 2409 1374 2470 verbum
1399 2418 1443 2471 est
1466 2429 1547 2488 crgo.

252 2512 278 2572 si
300 2511 394 2571 dicam
418 2509 651 2588 ‘contemplator
673 2509 811 2589 quidam’
836 2530 870 2571 ac
900 2513 924 2570 si
953 2511 1048 2571 dicam
1072 2512 1218 2588 ‘scriptor
1241 2510 1387 2590 quidam’,
1413 2513 1470 2573 erit
1492 2530 1545 2572 no·
1561 2533 1586 2573 ao

253 2613 424 2673 minativus:
449 2629 550 2670 casum
573 2630 644 2689 ergo
668 2612 770 2681 babet,
796 2615 852 2673 erit
875 2631 945 2691 ergo
969 2631 1086 2673 nomen.
1487 2608 1491 2620 '

339 2712 451 2791 Collige
481 2731 550 2791 ergo
581 2716 650 2774 istas
677 2716 793 2793 species
816 2717 916 2792 viginti
941 2724 969 2774 et
998 2721 1120 2794 septem.
1167 2724 1236 2776 sunt
1258 2717 1374 2776 nomina
1398 2734 1474 2796 quae
1497 2735 1549 2796 ap·

254 2814 402 2896 pellantur
425 2814 607 2893 corporalia,
630 2823 699 2876 sunt
721 2834 797 2896 quae
819 2815 1030 2896 incorporalia,
1060 2823 1129 2877 sunt
1150 2819 1264 2896 primae
1287 2819 1456 2896 positionis,
1480 2827 1551 2880 sunt

255 2917 428 2986 derivativa,
452 2925 521 2977 sunt
544 2916 729 2986 diminutiva,
759 2925 828 2978 sunt
851 2937 924 2978 sono
948 2918 1133 2986 diminutiva,
1159 2927 1227 2979 sunt
1248 2927 1308 2979 tota
1331 2937 1451 2998 graeca,
1480 2929 1550 2981 sunt

254 3027 315 3080 tota
337 3018 443 3087 latina,
472 3025 542 3078 sunt
568 3018 671 3091 notha,
702 3027 770 3080 sunt
798 3038 975 3103 synonyma,
1004 3028 1073 3082 sunt
1100 3019 1293 3099 homonyma,
1317 3030 1387 3082 suut
1408 3029 1589 3103 patrony·2s

255 3123 346 3188 mica,
372 3129 441 3180 sunt
462 3121 582 3194 ctetica,
606 3120 635 3180 id
660 3130 703 3181 est
725 3124 905 3201 possessiva,
935 3130 1003 3183 sunt
1025 3122 1180 3193 adiectiva,
1204 3129 1273 3183 sunt
1295 3121 1457 3202 qualitatis,
1481 3132 1551 3186 sunt

256 3224 443 3304 quantitatis,
468 3230 538 3282 sunt
559 3222 669 3301 gentis,
693 3231 761 3282 sunt
783 3226 911 3303 patriae,
935 3233 1003 3285 sunt
1025 3225 1156 3294 numeri,
1180 3232 1248 3286 sunt
1270 3224 1398 3294 ordinis,
1422 3226 1549 3287 suntad

256 3324 365 3405 aliquid
389 3322 523 3405 qualilter
545 3342 577 3383 se
600 3323 751 3392 habentia,
776 3334 844 3386 sunt
865 3325 1024 3404 generalia,
1048 3334 1117 3387 sunt
1136 3326 1285 3406 specialia,
1310 3332 1380 3388 sunt
1400 3326 1549 3398 verbialia,

256 3434 326 3487 sunt
347 3425 511 3505 participiis
534 3426 653 3496 similia,
677 3435 745 3487 sunt
768 3437 797 3487 et
820 3427 917 3488 verbis
940 3427 1054 3490 similia.
1086 3430 1160 3489 istae
1174 3435 1243 3488 sunt
1256 3430 1360 3507 viginti
1383 3438 1412 3490 et
1435 3437 1549 3509 septem

257 3529 380 3606 speeies.
427 3527 479 3588 sed
507 3528 644 3608 quicquid
673 3529 761 3589 luerit
789 3530 825 3589 de
848 3530 912 3590 istis
935 3530 1036 3608 viginti
1059 3536 1088 3590 et
1110 3538 1238 3610 septem,
1268 3532 1344 3591 seire
1367 3530 1458 3592 debes
1481 3533 1549 3611 quia
1563 3553 1590 3593 so

259 3627 465 3707 appellativum
490 3638 542 3688 εει.
588 3631 669 3690 linita
692 3629 831 3711 qualitate
855 3633 958 3692 transit
982 3632 1017 3692 ad
1041 3633 1292 3712 conparationem.

732 3814 779 3861 DE
802 3812 1072 3864 CONPARATIONE

158 3923 247 3985 tant
346 3917 524 3995 Conparatio
546 3918 697 3977 nominum
721 3920 761 3979 ita
783 3917 901 3981 definita
925 3929 983 3990 est,
1008 3922 1179 4000 conparatio
1202 3930 1247 3982 est
1267 3921 1395 3983 elocutio
1417 3940 1492 4002 qnae
1515 3940 1551 3982 ex

260 4017 382 4078 alterius
404 4016 560 4078 collatione
584 4017 709 4081 alterum
732 4023 872 4101 praefert.
916 4024 956 4083 ita
978 4022 1157 4084 definierunt
1178 4025 1299 4103 antiqui.
1343 4042 1410 4085 nam
1433 4024 1552 4104 quando

260 4119 327 4179 dico
349 4119 478 4188 doctior,
507 4138 566 4180 non
589 4128 687 4201 potest
708 4124 795 4183 unius
818 4142 897 4192 esse;
927 4123 1132 4196 doctissimus,
1156 4127 1368 4205 conparatione
1389 4125 1592 4189 multorumve

260 4220 311 4282 ille
334 4220 529 4281 doctissimus.
574 4240 647 4300 ergo
670 4224 708 4283 ita
731 4224 882 4285 delinitum
906 4234 959 4287 εει.
999 4229 1170 4306 conparatio
1193 4234 1293 4288 autem
1316 4235 1366 4288 aut
1389 4234 1478 4305 auget
1499 4224 1552 4286 ali·

332 4446 348 4493 4
365 4443 480 4504 sortasse
497 4444 611 4492 invenies
630 4445 667 4493 sic
686 4445 818 4493 ‘scribens
831 4446 899 4496 illum
914 4446 960 4496 lroc
976 4447 1051 4509 leci’‚
1070 4449 1190 4512 quemad
1207 4449 1310 4498 modum
1323 4449 1345 4498 si
1363 4446 1434 4498 dicas
1452 4454 1553 4500 ‘amcos

262 4514 333 4566 illum
352 4513 400 4565 boe
416 4513 491 4564 leci'.
517 4514 639 4575 numquid
658 4527 761 4579 possum
780 4514 863 4565 dicere
881 4517 1009 4567 ‘scribens
1028 4518 1097 4567 illins
1110 4518 1159 4568 boc
1177 4518 1252 4579 leci',
1271 4518 1511 4583 quemadmodum
1530 4521 1553 4569 si

262 4586 333 4637 dicas
348 4589 453 4634 ‘aureus
470 4583 539 4632 illins
559 4581 607 4632 boc
623 4583 704 4632 leri?’
724 4601 787 4633 -e
803 4588 928 4635 contrario
947 4591 1052 4638 ‘amans
1072 4590 1140 4638 illins
1157 4604 1247 4639 nomen
1267 4597 1306 4640 est
1359 4589 1392 4639 14
1411 4590 1487 4639 modo
1507 4591 1553 4639 im·

263 4659 437 4721 perativoom.
457 4653 540 4703 ABG
609 4653 642 4704 19
655 4653 770 4716 sorresco
788 4669 888 4719 tempus
904 4666 956 4719 ost,
982 4658 1037 4707 sine
1055 4660 1132 4708 dubio
1151 4673 1213 4723 ergo
1233 4660 1400 4709 verbnmest.
1429 4661 1451 4709 si
1471 4661 1552 4709 diram

332 4726 366 4774 22
386 4740 448 4781 ergo
465 4721 559 4788 uiginti
581 4732 677 4789 septem
702 4737 760 4773 sunt
779 4727 880 4775 nomina
899 4741 964 4790 quae
980 4729 1138 4793 appellantur
1160 4729 1314 4794 appennine
1332 4739 1392 4779 sunt
1409 4730 1554 4795 corporalia

264 4794 287 4845 0
337 4794 371 4844 ad
386 4793 478 4844 thetica
495 4792 582 4844 ABG
632 4795 665 4843 ‘27
683 4804 741 4845 sunt
754 4795 850 4845 ordinis
869 4806 927 4846 sunt
941 4797 972 4846 ad
990 4799 1084 4860 aliquid
1101 4799 1145 4848 Ca
1157 4807 1216 4848 aunt
1229 4800 1326 4849 ordinis
1339 4807 1397 4848 sunt
1410 4800 1442 4848 ad
1454 4799 1553 4863 aliquid

263 4863 330 4913 dictu
347 4863 408 4914 Ba*
425 4873 483 4915 sunt
502 4863 597 4916 ordinis
614 4873 672 4914 sunt
693 4865 790 4928 aliquid
808 4868 832 4915 A
