3346 5498
301 402 363 467 628
852 404 1033 468 lllACllOllll

326 525 346 564 p.
361 515 418 553 atta.
431 514 457 554 68
471 512 493 552 l'.

299 588 413 671 ψάμην
434 593 512 671 quod
534 587 719 673 ήλείφθηνε
748 594 804 653 hoc
830 601 876 653 est
903 585 1039 672 ἡσάμην
1066 592 1145 672 quod
1174 586 1297 673 ἥσθην.
1343 597 1421 654 item
1449 589 1616 673 ἐγραψά-

299 713 365 773 μην
388 689 522 774 ἐφάμην
545 690 670 774 ἐδάμην
691 691 775 776 μέσα
798 693 962 774 appollaut,
986 710 1054 754 curn
1068 694 1145 756 nihil
1160 696 1329 773 siguilioaut
1343 703 1479 774 praeter
1494 704 1613 759 aetum.

298 796 354 855 Ιιοο
383 804 428 856 est
455 799 534 856 euim
559 792 756 877 ἐγραψάμην
778 797 855 876 qoud
879 793 1026 874 ἔγραψα,
1056 815 1111 856 uec
1139 806 1278 875 umquam
1302 795 1419 857 dicitarr
1444 789 1521 859 ὑπδ
1546 798 1614 861 σοῦ

299 893 512 978 ἐγραψάμην,
543 908 572 958 et
600 899 656 958 hoe
684 893 818 979 ἐφάμην
844 898 923 979 quod
953 896 1057 978 ἔφην,
1085 898 1142 958 hoo
1170 905 1216 959 est
1239 893 1366 977 ἐδάμην
1388 899 1477 979 quod
1502 896 1610 962 ἔδων.

192 1056 195 1063 .
298 1017 370 1078 ergo
392 1008 422 1059 et
444 997 493 1060 illa
515 1018 591 1079 quam
614 1003 753 1079 superius
774 1001 917 1069 diximus,
940 994 1103 1080 φείδομαί
1120 1012 1196 1078 σον,
1219 995 1368 1080 κήδομαί
1387 1015 1471 1081 σου,
1498 998 1645 1065 luxti-⁵·

297 1101 391 1181 ζομαι
412 1097 557 1182 μάχομαι
580 1098 775 1181 διαλέγομαι
796 1098 1038 1182 περιβλέπομαι
1060 1095 1232 1182 δωροῦμαι
1254 1100 1432 1183 χαρίζομαι
1456 1096 1609 1185 εὔχομαι

296 1197 433 1283 άγαμαι,
456 1222 524 1264 cum
547 1210 643 1265 aetum
666 1204 761 1265 solum
784 1205 969 1282 significent,
993 1199 1077 1284 μέσα
1102 1211 1200 1264 tamen
1223 1204 1429 1284 appellantur:
1454 1206 1536 1268 licet
1558 1207 1608 1270 his

297 1305 405 1366 similia
437 1305 533 1365 Latini
567 1324 624 1366 non
658 1309 840 1375 communia,
875 1306 928 1366 sed
961 1306 1138 1384 deponentia
1171 1306 1333 1366 nominent.
1379 1315 1430 1367 est
1457 1316 1493 1369 et
1529 1310 1606 1372 haec

297 1409 478 1468 Graecorum
507 1427 522 1468 a
550 1407 696 1468 latinitate
724 1409 886 1478 dissensio,
916 1408 1014 1487 quod,
1044 1425 1111 1467 eum
1139 1407 1235 1468 Latini
1269 1425 1434 1488 numquam
1470 1410 1606 1474 verbum

296 1529 451 1571 cotrmmne
474 1510 590 1578 dicant,
620 1512 676 1570 uisi
700 1511 779 1592 quod
802 1512 841 1570 sit
863 1509 958 1570 simile
981 1510 1113 1589 passivo,
1139 1508 1244 1570 Graeci
1267 1517 1366 1571 tamen
1388 1512 1549 1590 quaedam
1571 1524 1637 1575 otu

296 1613 398 1672 activis
426 1612 535 1672 sinulia
562 1606 646 1691 μέσα
674 1611 827 1679 dixerunt,
857 1618 889 1672 ut
915 1605 1064 1691 πέπηγα,
1091 1611 1170 1691 quod
1199 1606 1303 1691 μέσον
1333 1612 1447 1673 dieitur
1480 1623 1515 1676 et
1544 1616 1603 1678 sul)

296 1717 391 1773 activo
420 1732 491 1773 sono
519 1713 611 1774 solam
638 1715 785 1791 siguificat
807 1715 989 1793 passionem:
1020 1711 1076 1772 linc
1099 1721 1145 1773 est
1168 1716 1247 1773 euim
1270 1709 1403 1793 πέπηγα
1427 1717 1515 1795 quod
1539 1715 1603 1779 πί-

295 1833 431 1894 πηγμαι.
477 1810 629 1893 πέπληγα
651 1835 737 1893 vero,
761 1808 821 1895 ἀφ’
845 1801 887 1875 οὗ
909 1808 946 1875 τὸ
970 1809 1163 1894 ’πεπληγώς
1185 1808 1386 1895 ἀγορῆθεν,
1412 1815 1472 1877 καὶ
1498 1820 1601 1882 κε’κο·

295 1935 358 1995 πα,
387 1911 447 1996 άφ’
471 1905 514 1977 οὔ
536 1911 572 1977 τὸ
596 1910 790 1997 *ἀμφοτέρω
820 1911 1001 1994 κεκοποάς’,
1031 1925 1090 1977 tam
1119 1916 1155 1976 de
1184 1925 1250 1977 actu
1279 1937 1365 1997 quam
1389 1919 1428 1978 de
1453 1925 1602 1999 passione

295 2020 443 2079 dictentur.
488 2020 597 2079 lectum
626 2028 671 2078 est
698 2022 778 2079 euim
807 2028 836 2078 et
864 2012 1040 2098 πεπληγώς
1073 2032 1111 2078 σε
1144 2028 1174 2079 et
1207 2015 1385 2098 πεπληγώς
1414 2013 1488 2082 ὑπδ
1523 2024 1636 2105 σοῦ,ιὸ

295 2117 487 2200 ’πεπληγώς
508 2117 696 2201 α’γορῆθεν’
720 2117 775 2180 καὶ
798 2116 930 2200 ’ῥάβδῳ
952 2120 1171 2199 πεπληγυῐα’.
1203 2121 1341 2182 similiter
1363 2122 1443 2201 apud
1470 2124 1604 2187 Latinos

294 2223 439 2301 «praedam
468 2223 553 2283 modo
582 2231 702 2292 arctura,
732 2222 818 2282 modo
847 2224 921 2282 dcent
949 2221 1141 2302 deponentia,
1173 2232 1204 2282 ut.
1231 2222 1297 2283 labo
1326 2221 1426 2293 lalmr,
1459 2226 1603 2289 lubricos

295 2323 425 2392 laluico,
457 2334 541 2385 emto
569 2333 599 2384 ot
627 2334 741 2384 ructor:
771 2324 849 2402 ιμιοδ
877 2326 967 2384 ctiam
991 2324 1098 2383 Graeci
1121 2342 1178 2383 non
1203 2327 1356 2402 ignorant,
1379 2318 1601 2411 βουλεύομαι

294 2420 461 2502 βουλεύω,
483 2422 701 2506 πολιτεύομαι
724 2421 900 2486 πολιτεύω,

775 2607 809 2648 ltE
826 2607 983 2649 ltElECllVlS
1003 2608 1103 2650 veneis
1613 2616 1636 2656 ἰν

144 2724 292 2774 luuttov.
379 2716 451 2776 Tam
480 2715 556 2794 apud
584 2715 713 2773 Graecos
740 2733 828 2793 quam
857 2715 934 2795 apud
962 2715 1082 2776 Latinos
1110 2717 1251 2778 ‹leticiunt
1280 2713 1369 2776 verlta
1400 2719 1432 2778 iu
1458 2719 1601 2786 declina·

294 2818 383 2877 tione.
408 2816 413 2900 l
436 2817 534 2876 trilms
556 2818 635 2876 euim
658 2817 752 2877 modis
775 2817 878 2877 dieunt
900 2817 1057 2878 verborum
1086 2821 1208 2879 evenire
1231 2819 1394 2881 delectum.
1424 2831 1481 2882 aut
1506 2826 1600 2887 intel·

294 2917 372 2979 lectu
394 2921 530 2996 exigente
554 2926 603 2978 aaut
626 2918 736 2978 litteris
759 2938 817 2978 mm
839 2920 1085 2980 convenientibus
1108 2930 1158 2980 aut
1181 2939 1236 2981 usu
1259 2920 1433 2981 desistente.
1472 2927 1507 2987 iu
1534 2931 1599 3007 pri·

294 3022 350 3081 mis
378 3020 494 3082 duolms
522 3021 706 3089 necessitati,
737 3023 767 3080 iu
792 3024 879 3081 tertio
903 3040 972 3081 vero
995 3025 1180 3083 reverentiae
1203 3022 1396 3101 obsequimur
1420 3033 1598 3091 vetustatis.

294 3122 445 3182 intellectu
469 3123 609 3183 ‹loficiuut
631 3123 679 3182 illa
702 3142 777 3201 quae
801 3124 939 3183 (licuntur
961 3119 1178 3205 πεποιημένα,
1202 3125 1231 3183 id
1255 3133 1299 3184 est
1321 3143 1396 3203 quae
1420 3127 1458 3186 ad
1484 3132 1632 3193 simili-2⁵

293 3223 425 3284 tudinem
455 3227 518 3283 soni
547 3225 672 3284 alieuius
699 3243 838 3303 expertum
866 3235 949 3294 sont,
980 3235 1011 3286 ut
1040 3221 1131 3304 λίγξε
1152 3221 1242 3304 βιός,
1265 3224 1331 3301 efge
1354 3221 1546 3309 ὀφθαλμός
1569 3244 1599 3294 et

293 3327 411 3385 similia.
456 3329 486 3386 in
515 3326 562 3385 luis
591 3329 670 3387 euim
699 3325 798 3385 verbis
832 3344 886 3385 uec
916 3327 973 3387 ulla
1001 3347 1129 3406 persona
1158 3347 1213 3388 nce
1242 3328 1345 3389 naudus
1373 3329 1599 3397 declinationis

292 3429 456 3506 «praecitur.
501 3429 668 3489 litterarum
701 3431 942 3488 inconvenientia
976 3429 1133 3498 (loticiam,
1167 3434 1306 3509 quotiens
1336 3430 1463 3492 veritum
1499 3435 1598 3499 hahet

293 3536 360 3588 aute
385 3548 410 3587 ω
437 3549 460 3609 μ
489 3530 532 3589 vel
561 3549 625 3610 pv:
655 3531 728 3589 lrucc
751 3532 830 3589 euim
854 3532 1016 3591 sceumlum
1045 3531 1178 3609 regulam
1206 3552 1288 3592 suam
1315 3533 1448 3611 prolerri
1481 3539 1533 3599 vel
1565 3542 1597 3600 in

292 3626 525 3711 παρακειμένῳ
559 3651 611 3691 seu
639 3625 915 3715 ὑπερσυντελικςό
942 3631 986 3691 vel
1017 3635 1046 3693 in
1081 3627 1224 3714 άορίστῳ
1258 3654 1310 3695 seu
1338 3630 1501 3712 μέλλοντι
1534 3656 1632 3702 nonu

291 3742 428 3811 possunt,
458 3740 490 3792 ut
518 3727 607 3812 νέμω
636 3754 703 3794 enlm
732 3732 910 3811 regulariter
938 3737 1003 3795 deri
1032 3733 1184 3795 delmisset
1211 3730 1356 3815 νένεμκα
1377 3731 1598 3823 ε’νενέμκειν,

291 3837 360 3912 quia
384 3853 441 3895 nott
464 3844 626 3914 potueruut
649 3836 703 3895 liae
727 3835 843 3896 litterae
867 3838 1042 3904 convenire,
1068 3839 1237 3898 intercessit
1259 3856 1295 3916 η,
1319 3834 1490 3917 νενέμηκα
1517 3840 1599 3907 ε’νε-

292 3931 464 4015 νεμὴκεινε
503 3939 573 4039 itqm
609 3932 757 4016 ε’νὲμδην
789 3938 834 3998 vel
867 3934 1078 4017 νεμθησομαι
1111 3939 1233 3999 eandem
1265 3957 1419 4018 sumpsere
1455 3942 1597 4009 litteram

291 4047 414 4116 proptor
436 4040 627 4118 euphoniam.
654 4034 824 4119 ἐνεμήθην
846 4035 1089 4120 νεμηδήσομαι.
1126 4044 1198 4101 item
1222 4045 1309 4101 tertia
1331 4060 1459 4119 persona
1484 4049 1596 4127 siugu-

291 4139 371 4208 laris,
395 4159 469 4219 (puae
493 4161 511 4201 τ
533 4140 623 4200 λιιιΙιοῑ
646 4144 674 4201 lu
699 4141 800 4201 ultima
823 4140 948 4221 syllaba,
978 4150 1141 4221 acceptae
1164 4146 1236 4204 lacit
1263 4143 1421 4222 pluralem,
1453 4142 1635 4224 λέγεταιει

292 4237 457 4320 λέγονται,
479 4239 618 4322 μάχεται
641 4240 818 4323 μάχονται
844 4262 944 4303 verum
969 4240 1127 4324 κε’καρται
1150 4247 1179 4305 iu
1209 4243 1315 4324 plurali
1338 4244 1551 4313 declinatimae
1575 4273 1597 4313 ν

292 4363 348 4403 nori
371 4347 467 4423 potuit
490 4345 661 4414 admittere,
687 4347 811 4425 ideoque
828 4346 953 4406 elefanti:
977 4349 1019 4405 sle
1043 4344 1209 4425 ἔσταλται,
1233 4349 1273 4406 sic
1291 4343 1451 4407 κέκοπται
1475 4361 1510 4410 et
1535 4355 1596 4417 alia

358 4606 441 4666 3ὑπδ
455 4613 505 4666 τοῦ
518 4608 689 4681 ἐγραψάμην
703 4618 811 4667 Zeunius
828 4632 1054 4683 προεγραφαμην
1066 4618 1091 4665 Ρ
1158 4617 1325 4682 5φείδομαι
1339 4619 1449 4668 Zeuuius
1463 4627 1598 4692 φιλομαι

294 4686 315 4733 Ρ
381 4675 534 4748 θεῦχομαι
553 4684 634 4733 Ionan
651 4688 806 4750 ερχομαιΡ
875 4689 905 4735 13
923 4677 1085 4751 πεπληγώς]
1104 4686 1179 4735 Hom
1193 4687 1325 4736 11.Βῖ64
1393 4693 1561 4761 αγορηθην
1576 4699 1601 4747 Ρ

360 4755 391 4801 14
407 4743 568 4817 ἀμφοτέρω]
585 4752 616 4801 n.
632 4752 704 4802 Νοο
774 4758 805 4804 ιο
823 4754 974 4819 αγιρηοηι
988 4754 1011 4801 1²
1079 4745 1186 4818 ῥάβδῳ]
1205 4755 1279 4803 llam.
1292 4754 1339 4803 ea.
1352 4755 1378 4804 n
1390 4756 1449 4806 aas.
1466 4763 1523 4812 κιο

290 4821 323 4866 ‘26
343 4818 430 4884 λίγξε]
448 4821 672 4873 Ηοια.ίί,Δ125
741 4821 809 4884 eigel
828 4823 902 4871 Hom.
922 4822 1059 4871 Oetaea
1128 4822 1403 4872 30se11mell0uteP
1475 4832 1513 4880 33
1533 4835 1598 4885 item

291 4888 443 4951 ενεμφδην
456 4888 495 4937 uel
509 4888 716 4954 νεμφθησομαι
731 4890 754 4938 Ρ
821 4893 853 4939 34
867 4890 927 4940 item
939 4892 963 4939 iu
978 4891 1049 4938 tertia
1062 4905 1172 4955 persona
1183 4891 1307 4954 singulari
1320 4891 1344 4938 Ι)
