3346 5498
226 402 288 467 6⁶26
781 404 961 467 lldCllOBll

251 526 273 565 p.
288 515 345 554 2764.
361 514 386 554 65
400 511 422 553 P.

224 611 343 671 semper
365 594 396 652 in
420 611 469 653 sco
486 595 614 672 quiescit
637 591 703 669 (uec
724 601 821 653 tamen
845 594 942 653 omnia
964 594 995 652 in
1017 611 1068 653 seo
1091 593 1260 653 inchoativa
1282 592 1372 671 sunt)
1397 600 1432 653 et
1459 608 1542 653 sem·

226 714 294 775 per,
323 694 393 755 dum
416 697 456 756 sit
477 695 655 763 derivativa,
686 696 791 755 tertiae
813 695 1032 771 coniugationis
1059 696 1125 755 fieri
1152 697 1282 772 cogitur.
1331 693 1414 754 haee
1438 695 1543 755 lorum

225 799 418 877 praeteritum
441 799 537 857 nescit
559 795 669 857 habere
691 805 809 875 tempus
837 797 1016 875 perlectum.
1059 795 1130 876 quid
1153 798 1234 857 enim
1257 794 1354 857 simul
1378 805 1411 857 et
1436 795 1539 857 adhuc

226 902 358 978 incipere
381 909 411 959 et
431 902 491 959 iam
512 901 692 978 praeterisse
714 898 850 991 utoatprt
872 899 947 959 lianc
961 915 1080 978 quoque
1100 899 1224 959 sormam
1240 906 1316 959 sunt
1330 900 1388 977 qui
1406 898 1539 959 Graecis

226 1002 403 1062 familiarem
430 1001 545 1070 dicant,
578 1000 752 1061 adserentes
783 999 839 1060 lroc
873 1019 938 1061 esse
965 996 1165 1080 μελαίνομαι
1191 994 1249 1059 καὶ
1276 998 1561 1080 θερμαίνομαῳ

227 1104 303 1183 quod
327 1112 372 1163 est
394 1105 530 1180 nigreseo
552 1110 582 1163 et
604 1102 728 1162 calesco.
773 1102 825 1162 sed
854 1101 931 1181 apud
959 1099 1025 1162 illos
1053 1118 1169 1178 quoque
1190 1101 1290 1181 aliqua
1315 1101 1416 1163 huius
1439 1104 1537 1181 signi·

226 1207 372 1266 licationis
399 1207 430 1264 in
453 1218 522 1264 σκω
545 1206 628 1263 exire
651 1203 847 1274 contendunt,
878 1202 1018 1263 τελίσκω
1040 1201 1191 1282 papicum
1213 1197 1401 1282 τιτρώσκω
1425 1199 1537 1283 γηρά-

227 1322 307 1367 σκω.
347 1301 495 1366 διδάσκω
518 1313 630 1375 autem,
655 1305 725 1365 licet
746 1305 881 1366 eiusdem
904 1306 972 1366 finis
993 1305 1041 1374 sit,
1066 1323 1153 1365 neruo
1174 1312 1275 1365 tamen
1299 1305 1485 1385 perlectum
1506 1312 1539 1365 et

226 1429 285 1471 non
308 1409 508 1470 inchoativum
531 1426 595 1467 esse
618 1406 773 1469 dubitarit.
798 1404 802 1487 Ι

122 1555 213 1604 trev.
310 1544 352 1605 lle
374 1545 599 1623 frequentativa.
637 1544 853 1622 frequentativa
877 1543 971 1604 lorma
994 1542 1170 1622 eontpendio
1192 1541 1360 1603 latinitatis
1384 1541 1573 1624 obsequi-m

228 1657 289 1716 tur,
313 1665 380 1706 cum
403 1665 462 1705 nno
485 1644 575 1706 verbo
597 1646 865 1724 frequentationem
881 1645 1146 1706 administrationis
1160 1643 1304 1705 ostendit.
1337 1644 1423 1705 haee
1439 1645 1538 1707 lorrua

228 1768 285 1809 uun
308 1766 466 1827 nuunptam
491 1766 549 1807 uno
571 1746 679 1824 gradu,
703 1766 761 1807 non
778 1765 938 1826 rnrmquam
953 1746 1068 1807 duobus
1084 1747 1251 1815 derivatur,
1277 1754 1312 1805 ut
1335 1764 1422 1807 carro
1446 1756 1538 1807 eante

227 1853 353 1919 cantitn;
377 1868 430 1909 nee
454 1856 551 1909 tamen
575 1857 620 1909 est
640 1851 672 1908 iu
688 1848 905 1927 posterioribus
921 1851 1014 1909 rrtaior
1036 1867 1123 1927 quarn
1146 1851 1176 1908 in
1199 1847 1362 1926 prioribus
1388 1850 1539 1929 frequen·

228 1954 348 2012 tationis
371 1953 541 2028 expressio,
564 1953 641 2011 sieut
664 1969 718 2010 nec
740 1952 771 2010 in
788 1946 974 2011 dindlmtirm
990 1950 1137 2012 secundus
1159 1949 1271 2028 gradus
1294 1952 1407 2011 minus
1432 1953 1540 2031 priore

227 2055 388 2131 significat,
417 2071 489 2111 anus
518 2053 604 2112 artula
633 2052 759 2113 anicula.
805 2060 939 2113 sternuto
965 2054 1216 2131 frequentativum
1245 2059 1294 2111 est
1322 2070 1341 2111 a
1368 2054 1574 2134 principalis

228 2164 363 2215 stermro:
387 2154 561 2231 Propertius

380 2271 562 2332 candidus
585 2281 763 2349 angustae
786 2275 953 2333 sternuit
975 2292 1078 2333 omen
1101 2275 1215 2333 Amor.

228 2391 310 2472 pulte
338 2400 407 2451 sunt
434 2392 485 2469 qui
509 2393 655 2469 accipiant
676 2411 731 2471 pro
754 2412 789 2451 eo
811 2391 889 2470 quod
912 2399 959 2462 est
981 2389 1065 2470 pulso
1093 2399 1124 2451 et
1151 2383 1359 2470 ἆττικισμόν
1385 2397 1544 2474 (piendam

227 2494 381 2554 latinitatis
402 2493 586 2558 existiment,
612 2500 643 2552 nt
664 2492 741 2571 apud
765 2492 830 2552 illos
852 2488 1009 2553 θάλασσα
1023 2488 1186 2569 θάλαττα,
1209 2488 1360 2553 uterum
1378 2492 1545 2559 utrium:

227 2597 278 2654 sed
308 2596 422 2674 pultare
451 2604 495 2653 est
522 2613 609 2673 saepe
637 2593 769 2674 pulsare,
799 2597 876 2654 sirnt
899 2603 1025 2655 tractare
1050 2603 1094 2655 est
1116 2612 1204 2674 saepe
1227 2595 1372 2656 trahere.
1422 2607 1577 2662 eructate

227 2700 474 2778 frequentativum
498 2703 579 2756 esta
603 2696 761 2778 prineippli
784 2699 882 2773 erugit
904 2717 922 2751 r·
951 2698 1082 2775 ‘aquae
1106 2698 1189 2755 vis’.
1235 2700 1277 2755 et·
1290 2708 1467 2773 grassatur
1491 2704 1546 2762 ite·

227 2802 303 2859 nitio
319 2806 365 2858 est
380 2819 396 2858 a
411 2799 560 2875 graditur:
584 2796 739 2858 Sallustius
763 2799 857 2858 ‘cum
880 2799 1047 2858 interior
1060 2800 1157 2858 ouini
1174 2800 1229 2858 ria
1246 2807 1545 2875 grassaretnr'.

227 2910 296 2961 sunt
319 2900 462 2980 rpraedam
491 2899 579 2959 lurius
608 2902 719 2977 [orrrme
743 2903 807 2960 sine
830 2899 994 2959 substantia
1022 2897 1210 2979 principalis,
1234 2900 1444 2978 cyathissare
1468 2913 1546 2986 tym-

227 3005 380 3083 panissare
409 3002 614 3062 crotalissare:
643 3011 712 3062 sunt
740 3021 815 3081 <pune
844 3003 938 3079 tnagis
966 3021 1078 3062 moram
1100 3020 1186 3081 quam
1210 3002 1422 3067 iterationem
1449 3009 1547 3089 expli·

227 3115 308 3174 cant,
339 3106 573 3183 ‘hastamque
602 3112 774 3182 receptat
805 3104 953 3165 ossibus
976 3104 1218 3165 haerentem'.
1265 3104 1320 3164 nio
1347 3111 1442 3170 enirn
1467 3112 1576 3170 reci-2⁵

227 3207 329 3286 piendi
353 3206 511 3266 dillieultas
533 3205 589 3264 sul»
612 3209 712 3285 specie
735 3208 982 3286 frumentationis
1004 3207 1192 3287 exprimitur.
1238 3205 1321 3267 lrarrc
1348 3210 1494 3274 formam
1516 3215 1545 3273 in

227 3311 345 3386 graecis
369 3308 468 3368 vrerlris
492 3309 626 3367 invenire
650 3327 707 3366 non
732 3311 823 3386 prolui.

123 3468 169 3515 107
183 3469 213 3518 v·
313 3443 354 3504 De
378 3446 557 3523 usurpativa.
593 3444 667 3504 trane
690 3444 809 3523 qnidam
831 3445 958 3522 gertrudi
981 3444 1097 3505 medum
1114 3442 1158 3502 vel
1181 3443 1407 3522 participalenr
1427 3459 1546 3517 vorant,

227 3547 295 3625 quia
319 3546 410 3606 rerlm
431 3548 496 3605 eius
518 3565 612 3625 paene
633 3548 731 3607 onmia
754 3545 862 3607 similia
887 3547 1053 3625 participiis
1076 3552 1143 3605 sunt
1166 3553 1196 3603 et
1217 3544 1281 3604 sola
1306 3548 1546 3626 significatione

228 3647 377 3707 distantia.
422 3668 489 3708 nam
518 3649 608 3708 ‘vado
635 3646 810 3708 salutatum'
841 3649 895 3708 hoe
917 3656 962 3707 cst.
985 3648 1086 3707 dicere
1109 3646 1200 3706 ‘vado
1223 3645 1387 3710 salutare'
1415 3662 1474 3714 aut
1497 3655 1576 3715 ‘ute

227 3750 380 3809 salntem‘.
426 3753 495 3809 item
525 3751 576 3810 ‘ad
604 3750 790 3810 salutandum
818 3755 870 3809 eo’
902 3751 1089 3829 partieipitnn
1119 3768 1183 3809 esse
1211 3749 1273 3808 iam
1307 3750 1455 3826 desinit,
1487 3759 1546 3818 nisi

228 3850 373 3910 adieceris
402 3851 446 3909 rel
475 3851 623 3911 hominem
653 3852 697 3911 vel
726 3854 867 3911 arniennt:
901 3851 956 3911 hac
983 3853 1062 3910 enim
1092 3850 1258 3910 adlectione
1283 3855 1462 3936 participii
1488 3861 1547 3920 rim

229 3950 357 4021 tenebit3
382 3953 432 4010 sed
456 3961 539 4030 tunc,
564 3972 630 4012 eum
655 3973 689 4012 ex
714 3954 803 4013 verlm
832 3962 876 4013 est
898 3952 1025 4012 lralreute
1047 3954 1192 4031 passivam
1216 3951 1492 4033 declinationem,
1516 3970 1548 4023 ut

228 4053 281 4113 ‘ud
307 4053 481 4113 ridendum'
506 4055 559 4114 ‘ad
582 4053 795 4116 salutamlum'.
834 4055 886 4115 ‘ad
911 4054 1151 4114 deelamamlum'
1174 4071 1244 4111 vero
1268 4072 1344 4117 ttttm
1373 4059 1463 4133 dico,
1489 4082 1547 4124 non

227 4173 346 4233 possum
374 4155 492 4214 allicere
516 4155 611 4224 illum,
641 4160 709 4236 qnia
738 4156 887 4216 deelanror
909 4157 1033 4216 latinum
1056 4175 1114 4215 non
1137 4162 1190 4214 est.
1235 4154 1316 4217 haee
1341 4160 1454 4225 lorrna
1480 4166 1579 4228 tati-s

295 4413 310 4460 ti
327 4426 427 4473 qnoque
444 4426 490 4459 one
506 4411 535 4469 l’,
554 4411 614 4460 redd.
634 4427 690 4460 erc.
706 4411 769 4462 Boe.
841 4412 1041 4474 iyepuonml’
1108 4408 1271 4459 9dubitabit
1289 4411 1442 4468 Pontum
1518 4422 1548 4471 15

229 4475 315 4542 anrrla]
336 4479 450 4527 anillal'
518 4479 548 4527 16
569 4476 727 4543 Propertius]
752 4480 786 4538 lt,
805 4484 832 4535 3,
850 4482 883 4528 'll
952 4482 982 4528 21
1005 4482 1095 4527 lucrina
1113 4493 1185 4543 quum
1203 4478 1318 4528 indicaui
1339 4487 1454 4537 excidit
1472 4491 1549 4553 prior

225 4563 291 4610 pers
309 4564 395 4595 orrens
413 4546 535 4606 Enniani,
554 4551 597 4610 qni
613 4555 651 4595 est
669 4551 693 4595 ia
712 4564 769 4601 err,
790 4547 852 4597 Iron.
873 4566 900 4611 p.
920 4550 998 4598 17311
1021 4549 1097 4595 verbo
1118 4545 1208 4608 erugit,
1231 4545 1337 4597 Ennius
1365 4551 1548 4622 ‘contempsit

228 4616 311 4663 loures
324 4617 415 4678 quilius
429 4616 545 4679 excrugit
558 4630 638 4676 aqrmc
651 4617 710 4666 rls'.
735 4617 802 4664 rende
820 4618 900 4679 erugit
915 4616 1010 4664 Ennius
1028 4616 1124 4679 ‘erugit
1136 4629 1201 4676 nque
1214 4613 1267 4662 vle'
1282 4620 1407 4671 coniecit
1422 4624 1548 4685 lerenius,

228 4684 309 4744 eregit
323 4684 418 4731 lt'nnins
432 4683 563 4748 ‘exerugit
575 4699 655 4744 atquae
669 4685 721 4733 vis*
736 4685 816 4732 lanes
868 4687 900 4733 22
917 4679 985 4749 cum]
1000 4683 1059 4730 dnm
1072 4700 1107 4732 er
1119 4683 1206 4732 codice
1221 4681 1331 4734 Piraeea·
1343 4690 1439 4742 edidit
1451 4694 1549 4745 carrio

228 4748 333 4799 Sallust.
352 4753 446 4814 scupus.
464 4768 490 4814 p.
510 4753 561 4800 204
578 4752 618 4801 ed.
640 4752 715 4802 ,inlu
736 4770 759 4799 u.
786 4754 863 4812 1579,
887 4769 957 4816 prtem
979 4753 1071 4816 reliqui
1093 4752 1205 4800 editores
1227 4748 1356 4805 Sallustii
1380 4764 1474 4811 secuti
1490 4769 1548 4813 md

278 4821 346 4867 omni
359 4820 382 4866 ri
396 4821 501 4867 coniecit
517 4820 602 4868 Durrza
614 4821 639 4867 in
653 4821 715 4869 Son.
727 4821 762 4881 fr.
777 4837 802 4879 p.
818 4822 862 4868 tlt
878 4823 918 4872 ed.
933 4821 1044 4870 Ilneerr.
1096 4821 1129 4867 23
1142 4818 1284 4882 cyntissare
1297 4819 1327 4869 P
1377 4828 1416 4879 25
1429 4827 1549 4881 haum.

228 4883 287 4947 qtrrl
307 4887 332 4932 V
331 4903 385 4950 erp.
400 4888 466 4937 Aen.
480 4887 503 4935 Χ
515 4890 564 4937 383
634 4888 666 4936 :38
680 4889 747 4936 modi
761 4889 784 4936 P
