3346 5498
502 434 699 496 excutitur
723 435 896 497 l‘dlllSlNA
920 435 1110 497 xix-xxi
1386 431 1449 495 625

1253 545 1344 595 ortua.
1360 541 1422 584 aar.

161 638 215 698 pro
244 620 278 679 ad
313 621 560 699 resperulendum.
605 631 718 702 ponunt
745 631 774 683 et
803 641 857 703 pro
885 627 1042 703 participio
1071 629 1251 703 praesentis:
1297 624 1390 682 Varro
1417 626 1447 683 in

161 722 299 781 Scaevola
321 721 377 781 ‘et
399 731 437 783 ut
458 732 611 784 matrem
633 726 760 786 audivi
784 726 941 794 dicere'‚
972 709 1077 786 Cicero
1105 728 1135 786 in
1158 727 1280 786 Verrem
1304 725 1447 785 ‘Chari-

161 824 302 885 demum
347 825 477 886 Chium
519 829 780 888 testimonium
815 828 941 889 dicere
971 829 1151 890 audistis'
1192 847 1246 906 nro
1289 828 1447 887 dicentem.

160 937 229 986 eant
252 945 329 985 nune
351 929 401 1007 qui
425 930 540 988 inllnito
562 929 779 991 ealuntinantur
801 940 828 991 et
852 932 975 1013 verbum
999 950 1056 993 non
1080 950 1143 992 esse
1167 930 1357 1011 uomendum,
1382 948 1447 988 erran

136 1033 215 1107 apro
238 1028 374 1090 omnibus
396 1032 459 1090 lere
482 1030 566 1092 verbi
588 1032 683 1094 modis
705 1032 849 1113 probetur
871 1034 1017 1096 adhiberi.

619 1234 665 1280 DE
688 1233 988 1283 turnusouantssvs

245 1355 321 1415 Sunt
349 1357 546 1433 inpersonalia
575 1357 697 1418 Graecis
725 1359 896 1438 Latinisque
925 1361 1106 1426 eommunia,
1136 1365 1204 1417 sunt
1232 1361 1343 1418 tantum
1378 1372 1553 1421 ουν-16111.

161 1475 244 1516 cessa
267 1458 416 1518 latinitati.
461 1459 547 1519 decet
569 1478 615 1519 me
640 1469 667 1519 te
691 1461 771 1520 illum
795 1479 849 1521 nos
872 1480 922 1520 ros
944 1461 1011 1521 illos
1033 1460 1218 1539 iupeusonale
1246 1468 1307 1527 est;
1344 1459 1395 1521 sed
1419 1468 1448 1518 et

162 1560 265 1618 Graeci
290 1560 346 1619 laoe
369 1560 459 1620 verbo
482 1561 620 1621 similiter
644 1571 775 1632 utuntur,
799 1558 917 1642 πρέπει
946 1558 1019 1642 ἐμοὶ
1048 1559 1101 1623 ool
1124 1559 1242 1642 ἐκείνῳ
1263 1554 1345 1641 ἡμῖν
1368 1553 1448 1640 ὑμῖν

123 1686 147 1726 10
162 1657 312 1732 ἐκείνοις.
359 1662 413 1721 lroe
443 1671 541 1723 autem
570 1665 757 1742 inpersouale
794 1668 925 1725 nascitur
954 1684 969 1723 a
1005 1663 1095 1723 verbo
1124 1664 1214 1724 deeeo
1248 1663 1336 1722 deees
1363 1663 1449 1722 decet

160 1765 295 1822 decernas
316 1765 423 1823 deceris
445 1766 558 1835 decent,
581 1761 697 1842 πρέπω
720 1762 856 1846 πρέπεις
878 1763 996 1845 πρέπει
1018 1761 1189 1846 πρέπομεν
1211 1760 1352 1844 πρέπετε
1368 1759 1447 1842 πρέ-

160 1877 299 1933 πουσιν;
335 1865 456 1925 tdecent
489 1867 607 1928 domum
636 1867 821 1937 columnae’,
851 1865 1039 1948 πρέπουσιν
1072 1869 1111 1947 ιη
1145 1863 1235 1947 οἰκίᾳ
1263 1863 1298 1924 οἱ
1328 1865 1446 1937 κίονες.

157 1967 273 2045 ‘placet
300 1967 374 2027 rrrlhi
402 1968 507 2027 leetio'
537 1969 659 2028 verbnm
689 1980 742 2039 est,
774 1951 888 2048 ‘placet
916 1970 990 2029 milri
1018 1970 1135 2047 legere’
1166 1968 1353 2048 inpersonale
1388 1976 1447 2027 est:

159 2070 199 2128 ita
222 2077 252 2127 et
274 2070 350 2148 apud
375 2070 503 2130 Graecos
525 2066 658 2147 ἀρέσκει
681 2090 737 2152 μοι
759 2065 779 2150 ἡ
800 2065 991 2150 ἀνάγνωσις
1006 2072 1040 2130 ad
1064 2089 1221 2149 personam
1244 2072 1370 2141 relatum
1394 2079 1447 2139 est,

122 2194 145 2231 15
159 2163 293 2249 ἀρέσκει
320 2191 375 2248 μοι
409 2165 675 2251 ἀναγιγνώσκειν
711 2174 898 2253 itrpersonale
932 2181 977 2234 est
1005 2195 1023 2228 a
1058 2175 1203 2250 contingit.
1237 2192 1284 2232 me
1320 2175 1446 2232 venisse.

161 2271 299 2332 siruiliter
322 2273 401 2350 apud
425 2275 552 2334 Graecos
574 2270 699 2353 συνέβη
722 2294 778 2354 μοι
799 2268 819 2353 ἡ
844 2272 938 2348 ἐλπίς
959 2276 1167 2336 declinationis
1182 2284 1236 2343 est,
1261 2270 1386 2354 συνέβη
1408 2293 1448 2354 με

160 2369 364 2453 ἐληλυθέναι
392 2377 579 2454 iupersonale
603 2386 657 2436 est.
691 2380 823 2455 poenitet
846 2398 891 2438 me
915 2379 969 2438 lroe
992 2378 1135 2457 estquod
1160 2377 1237 2456 apud
1262 2377 1327 2437 illos
1348 2396 1448 2455 μετα-

158 2471 249 2555 μέλει
277 2495 342 2556 μοι.
388 2478 585 2556 inpersoualia
613 2479 690 2558 apud
714 2479 841 2540 Graecos
864 2499 916 2559 per
939 2488 1071 2559 tempora
1094 2498 1152 2539 non
1175 2480 1349 2539 llectuntur:
1382 2497 1447 2538 narn

160 2578 388 2656 inpersoualiter
410 2573 558 2657 τρέχεται
580 2589 808 2660 περιπαπεῐται
830 2601 917 2642 nemo
940 2582 1019 2641 dicit.
1065 2581 1175 2641 nullum
1207 2579 1395 2659 inpersouale
1417 2581 1446 2638 in

121 2704 146 2742 ao
160 2679 283 2758 pluralis
306 2683 423 2740 rturueri
452 2682 546 2742 loruta
574 2685 739 2743 iuvenitur:
771 2703 838 2746 nam
860 2682 953 2743 ‘liene
976 2682 1085 2760 legitur
1110 2680 1237 2761 [liher]'
1260 2681 1447 2761 inpersonale

159 2791 212 2850 est,
237 2781 341 2842 ‘libri'
365 2792 463 2844 autent
485 2781 609 2864 ‘[ltene]
634 2785 791 2863 leguntur'
815 2777 947 2845 elocutio'
966 2792 1010 2844 est
1025 2802 1149 2861 graecae
1166 2783 1271 2843 similis
1286 2778 1324 2842 at
1335 2779 1448 2861 βίβλοι

158 2875 456 2962 α’ναγινώσκοντνι.

448 3067 495 3114 DE
517 3066 644 3115 ronuta
668 3068 736 3116 VEL
759 3067 944 3115 SPECIEBVS
968 3067 1156 3114 vnnttnuvm

244 3190 297 3250 llis
320 3189 538 3268 subiunguntur
561 3211 636 3270 (luae
660 3191 817 3252 verborum
840 3195 953 3253 l'ormae
976 3193 1020 3252 vel
1037 3193 1150 3270 species
1166 3193 1367 3259 nominantur,
1385 3211 1446 3252 me·
1462 3210 1509 3258 ltu
1523 3207 1553 3256 v.

121 3292 280 3353 reditatira
308 3292 472 3352 iuelroatira
503 3295 717 3372 frequentativa
746 3300 775 3352 et
803 3296 982 3374 usurpativa.
1026 3313 1100 3373 tanae
1129 3302 1197 3353 sunt
1226 3295 1288 3352 lere
1310 3294 1448 3372 propriae

160 3393 322 3460 latinitatis,
348 3394 415 3453 lieet
437 3394 636 3456 nuditatiram
659 3398 748 3455 etiam
771 3396 876 3455 Graeci
899 3395 1008 3455 haltere
1031 3403 1181 3474 putantur.

244 3494 285 3553 lle
309 3495 486 3555 meditativa.
519 3504 563 3554 est
586 3504 684 3556 autent
708 3497 877 3558 meditativa
900 3516 974 3576 {auae
996 3499 1144 3574 signifieat
1166 3496 1387 3556 ineditatiunern
1404 3499 1447 3556 rei
1463 3516 1508 3563 ιιι
1522 3513 1553 3565 t',

159 3596 243 3654 reulus
267 3597 401 3655 iturninet
423 3605 452 3656 et
475 3607 611 3676 speratur
634 3599 769 3668 effectam,
794 3608 826 3658 ut
847 3602 995 3678 parturio,
1020 3598 1098 3679 quod
1120 3607 1165 3659 est
1181 3616 1286 3676 parere
1311 3598 1446 3663 meditor,

159 3699 274 3766 «ostilio,
299 3717 363 3756 esse
387 3699 530 3768 meditor;
555 3707 584 3758 et
607 3709 673 3760 sunt
689 3720 808 3781 semper
825 3703 929 3760 tertiae
946 3703 1164 3778 coniugationis
1181 3700 1352 3778 productae.
1378 3700 1446 3759 lmie

121 3787 269 3859 aosirnilis'
294 3801 325 3858 in
351 3803 467 3876 graecis
494 3819 611 3880 quoque
640 3801 738 3862 rerlois
765 3805 916 3863 invenitur
944 3805 1075 3882 speeies,
1105 3801 1256 3861 θανατιῶ
1285 3799 1447 3882 δαιμονιώ

159 3897 297 3978 βινητιώ
320 3892 465 3981 odenati
489 3898 627 3981 ἐρωπιώ.
672 3903 719 3963 his
741 3907 821 3965 enim
843 3903 944 3964 verltis
967 3911 1209 3982 temptamentum
1232 3904 1378 3982 quoddam
1402 3905 1447 3963 rei

159 4010 188 4059 et
211 4002 378 4071 meditatio,
404 4023 461 4063 non
485 4007 548 4083 ipse
572 4006 707 4075 effeetus,
738 4009 926 4086 exprimitur.
971 4006 1018 4066 liis
1040 4007 1149 4066 similia
1163 4005 1310 4066 uidentur
1333 4001 1447 4085 ριγείω

159 4096 280 4164 ὀκνείω
303 4103 472 4185 γαμησείω
495 4105 704 4186 πολεμησείω
726 4105 892 4187 βρωσείω.
1041 4093 1043 4097 ’

243 4205 285 4266 lle
319 4205 495 4267 inchoativa.
542 4208 706 4269 inchoativa
739 4211 832 4269 lenna
865 4217 910 4270 est
942 4227 1016 4288 tritae
1054 4212 1112 4269 iarn
1145 4208 1257 4288 aliquid
1293 4208 1507 4276 inclinassem
1523 4227 1552 4273 r,

120 4324 146 4365 ιε
160 4316 299 4375 testatur,
324 4317 356 4367 ut
378 4309 529 4387 pallescit,
553 4313 601 4370 eui
624 4311 750 4370 necdum
774 4313 898 4371 ditlnsus
921 4321 965 4372 est
988 4320 1066 4371 totus
1089 4311 1190 4389 [lallor.
1222 4318 1251 4370 et
1266 4310 1337 4370 lraee
1354 4311 1448 4369 lornra

229 4517 240 4562 1
255 4524 384 4578 ponrtntur
399 4513 421 4561 P
488 4515 513 4560 iu
531 4513 652 4563 Scaevola
666 4514 745 4563 lenus
759 4515 782 4562 in
797 4514 941 4563 scaeuolam
961 4515 985 4563 P
1051 4516 1066 4562 ‘2
1085 4514 1109 4562 in
1122 4508 1239 4578 Verrem]
1254 4511 1449 4572 oet.eee.119‚

158 4585 192 4631 50
260 4578 512 4645 3Chiumleuml'
577 4582 800 4632 leorrtrndantP
867 4584 897 4630 11
916 4582 1035 4631 decemus
1053 4583 1149 4631 decetis
1166 4583 1255 4629 decent
1273 4596 1318 4629 om.
1334 4581 1368 4639 P,
1388 4580 1448 4628 add.

159 4652 239 4699 Ioniae
308 4653 340 4698 15
357 4650 464 4712 contigit
481 4664 581 4712 quoque
599 4660 681 4716 potest
699 4660 722 4699 et
740 4667 772 4699 ex
788 4652 884 4713 integra
902 4650 1070 4699 declinatione
1086 4649 1197 4705 venisse,
1215 4649 1311 4697 seilicet
1323 4661 1351 4696 nt
1363 4647 1447 4696 Turno

160 4719 289 4781 contingat
302 4719 372 4782 regia
385 4719 504 4777 coniunx,
519 4729 603 4783 potest
615 4733 639 4767 et
656 4720 817 4784 iupersouale
830 4734 886 4768 esse
898 4733 956 4770 cate.
970 4717 1034 4768 Bod.
1048 4719 1171 4781 contingit
1184 4716 1244 4765 milri
1257 4716 1381 4763 adventus
1394 4714 1448 4775 (aad

160 4799 271 4849 raptatum
293 4802 337 4836 seu
354 4787 442 4851 spes),
470 4787 591 4849 contingit
609 4787 669 4836 mihi
697 4789 800 4837 venisse
822 4788 929 4838 coniecit
951 4786 1058 4837 Zeuna'ru
1128 4787 1159 4835 19
1180 4779 1307 4850 τρέχετυι
1327 4798 1448 4847 περιπα-

160 4855 250 4902 τείται
272 4854 352 4902 laam
374 4857 431 4902 coll.
455 4870 511 4902 exe.
530 4853 594 4903 Bod.
616 4858 706 4918 p.16‘1
728 4870 839 4920 tergere
858 4869 1027 4919 neomataw
1048 4856 1072 4904 Ρ
1138 4855 1170 4903 16
1192 4853 1338 4903 meditatum
1359 4851 1384 4902 P

160 4925 189 4971 31
209 4920 327 4986 βινητιῶ
345 4938 401 4975 επε.
416 4921 480 4975 Bet.
494 4938 610 4986 κινητιω
623 4924 647 4972 Ρ
715 4914 829 4990 lentate]
843 4937 942 4986 εροτιω
954 4923 979 4973 Ρ
