3346 5498
622 346 627 352 ·
642 399 877 463 COMMENTVM
1336 399 1408 465 -161

1230 510 1385 564 pito-tut.

114 587 214 669 nativo
241 585 383 664 singulari
412 588 509 647 omnia
538 587 673 648 similiter
703 597 826 657 exeunt,
855 587 902 649 hic
931 597 960 649 et
987 590 1061 651 lraec
1085 598 1114 650 ει
1136 589 1192 651 hoc
1214 590 1294 651 ielir.
1339 610 1409 671 ergo

113 697 187 748 tunc
211 696 253 748 est
277 708 366 749 omne
388 707 496 767 genus,
522 690 640 767 quando
655 693 854 752 nominativus
870 691 1026 769 singularis
1041 694 1130 753 trium
1154 710 1299 771 generum
1321 713 1409 756 unam

112 789 206 851 habet
227 792 362 852 formam.
1428 873 1432 882 ί

200 894 251 954 Εει
274 895 362 953 ειὶιιιιι
387 895 560 973 epicoenon.
590 896 669 956 inter
685 897 848 975 epicoenon
866 906 894 957 et
916 916 1073 958 commune
1095 896 1152 957 hoc
1174 899 1306 959 interest.
1341 917 1408 960 nam
1421 909 1510 968 tout

72 1017 86 1056 a
117 991 121 1075 l
146 1014 241 1074 paene
264 995 342 1056 idern
368 1005 413 1056 est
435 999 609 1077 epicoenon,
634 997 711 1075 quod
736 1008 780 1059 est
803 1018 969 1060 commune.
1016 1018 1082 1060 nam
1106 999 1222 1081 quando
1246 1000 1312 1061 rlico
1335 976 1527 1062 haec4⁹³v³⁷

114 1097 228 1177 aquila,
258 1100 423 1161 communis
452 1108 495 1159 est
521 1102 655 1178 generis;
685 1103 756 1161 item
785 1100 904 1180 quando
933 1100 999 1161 (lico
1027 1101 1075 1161 hic
1103 1103 1200 1170 canis,
1223 1104 1343 1180 generis
1366 1110 1410 1163 est

115 1203 296 1270 communis;
327 1211 356 1261 et
385 1211 483 1261 tamen
511 1203 630 1281 generis
653 1212 697 1264 est
719 1221 838 1281 semper
861 1205 1027 1264 eommunis
1049 1206 1143 1275 canis,
1173 1203 1268 1282 aquila
1291 1206 1411 1282 generis

116 1311 161 1362 est
189 1305 332 1383 epicoeni.
380 1312 410 1364 et
439 1321 515 1382 quae
544 1306 655 1384 poterit
676 1323 740 1366 esse
763 1304 951 1365 differentia?
973 1304 1051 1385 quod
1074 1307 1104 1365 iu
1127 1310 1276 1366 communi
1298 1322 1409 1384 genere

112 1423 170 1483 pro
193 1424 281 1467 sexus
309 1404 449 1484 qualitate
477 1406 551 1467 duos
574 1407 677 1468 damus
700 1406 852 1477 articulos,
882 1408 1026 1487 epicoeno
1047 1427 1138 1468 unum
1162 1396 1279 1488 quidem
1301 1409 1409 1469 articu-

74 1497 179 1568 mlum
200 1507 316 1578 damus,
340 1507 391 1568 sed
416 1518 573 1589 utrumque
602 1509 799 1588 intellegimus
821 1527 933 1571 sexum.
980 1509 1098 1586 quando
1120 1511 1239 1588 generis
1263 1518 1307 1571 est
1329 1529 1408 1571 com·

116 1611 228 1679 munis,
253 1610 327 1671 eluos
355 1609 495 1671 articulos
523 1610 640 1681 damus,
671 1611 719 1672 hic
741 1613 822 1673 canis
845 1620 874 1671 et
901 1611 975 1671 haec
1005 1613 1101 1679 canis;
1130 1613 1160 1671 in
1185 1614 1327 1692 epicoeno
1350 1631 1410 1673 non

115 1714 272 1792 possumus
300 1711 399 1772 dicere
428 1713 474 1772 lric
504 1713 600 1792 aquila
630 1721 659 1773 et
688 1717 761 1775 haec
789 1712 900 1793 aquila,
930 1713 1116 1774 sectantum
1140 1712 1410 1775 unumarticulum

115 1814 236 1883 damus,
269 1815 341 1876 llaec
369 1814 480 1894 aquila;
510 1824 540 1875 et
567 1816 615 1876 hic
642 1835 757 1896 passer,
788 1835 848 1876 rron
883 1833 1039 1895 possumus
1067 1816 1166 1878 dicere
1195 1815 1269 1877 haec
1296 1834 1408 1897 passer,

114 1916 167 1977 seri
189 1919 249 1976 sive
272 1916 420 1987 masculus
443 1919 535 1978 luerit
556 1919 618 1978 sire
639 1920 758 1988 femina,
782 1917 830 1980 hic
851 1937 954 1997 passer
976 1918 1111 1979 dicimus.
1143 1936 1215 1997 crgo
1238 1917 1294 1979 hoc
1315 1920 1408 1978 inter·

76 2039 103 2077 ιε
116 2026 161 2080 εει
182 2019 259 2080 inter
288 2021 450 2106 epicoenon
479 2027 508 2080 et
537 2039 710 2089 commune,
742 2020 818 2100 quod
843 2023 873 2080 in
895 2022 1046 2082 communi
1068 2038 1178 2099 genere
1201 2019 1274 2081 duos
1296 2020 1409 2080 inveni·

116 2140 183 2182 mus
206 2121 345 2182 articulos
375 2141 430 2200 pro
457 2142 545 2210 sexus
574 2121 728 2202 qualitate,
759 2124 789 2182 in
813 2125 956 2203 epicoeno
978 2142 1069 2183 unum
1092 2123 1273 2191 invenimus,
1297 2121 1349 2182 sed
1372 2120 1409 2182 ael

114 2231 275 2301 utrumque
303 2244 421 2294 sexum,
451 2225 480 2284 id
511 2237 555 2288 est
577 2234 736 2305 utrumque
763 2244 866 2302 sexum
894 2209 953 2286 uno
976 2225 1100 2286 articulo
1129 2223 1335 2305 conplectitur.
1381 2231 1411 2283 et

115 2344 174 2405 quo
197 2326 321 2387 articulo
350 2327 491 2388 utendum
521 2335 564 2389 est
585 2330 617 2388 in
641 2330 801 2408 epicoeno?
830 2347 918 2407 quern
942 2327 978 2389 ab
1001 2327 1171 2389 auctoribus
1194 2306 1408 2406 acceperimus,

113 2428 143 2489 id
168 2436 225 2497 est,
257 2438 344 2508 prout
371 2428 545 2508 legerimus
574 2432 613 2491 ita
636 2429 770 2491 dicimus.
820 2438 851 2490 ut
879 2429 974 2491 dicam
1004 2429 1076 2490 haec
1105 2430 1208 2512 cornix
1236 2429 1314 2490 uncle
1336 2430 1408 2497 scio,

74 2554 102 2593 m
116 2531 173 2590 nisi
197 2532 263 2607 quia
286 2533 324 2591 ita
349 2530 425 2609 legii
449 2550 520 2610 crgo
543 2552 617 2612 quae
639 2552 710 2612 pars
733 2534 867 2612 epicoeni
889 2533 1008 2611 generis
1024 2544 1069 2592 est
1084 2530 1215 2599 validior,
1239 2532 1409 2611 peripsam

114 2631 258 2693 debemus
280 2633 388 2694 dicere.
423 2642 451 2693 et
473 2653 532 2713 quo
557 2632 559 2713 j
584 2652 694 2712 genere
717 2618 924 2715 appellandum
949 2643 995 2695 est
1014 2634 1085 2695 illud
1104 2633 1286 2715 epicoenon?
1309 2630 1409 2712 appel·

114 2733 235 2796 landum
260 2743 310 2802 εει,
335 2752 422 2813 quem
447 2737 481 2795 ael
505 2735 625 2797 modum
647 2738 677 2796 in
701 2738 876 2798 auctoritate
899 2719 1176 2815 legerimusfscire
1199 2742 1295 2796 autem
1319 2733 1410 2795 debes

113 2836 192 2914 quod
222 2837 277 2897 lroe
307 2841 470 2917 epicoenon
499 2838 535 2898 ab
564 2838 738 2899 auctoribus
760 2840 792 2899 fit
814 2857 981 2899 commune.
1027 2859 1095 2901 nam
1118 2838 1221 2900 turtius
1244 2839 1409 2923 epicoenon

113 2946 160 2999 est
182 2957 197 2999 a
222 2935 399 3009 masculino,
431 2938 547 3001 l‘ersins
577 2960 734 3002 commune
762 2941 844 3008 iecit,
874 2939 922 3000 hic
946 2939 1069 3001 ethaeo
1093 2939 1210 3008 turdus,
1234 2942 1411 3000 utest‘et

71 3048 247 3106 23tennes
275 3042 469 3109 turdarum
500 3062 607 3103 nosse
635 3041 798 3102 saliras’.
845 3041 900 3102 lroc
927 3043 1024 3121 ipsum
1058 3041 1137 3122 quod
1167 3048 1211 3101 est
1244 3041 1409 3119 epicoenon

113 3162 271 3203 commune
296 3146 384 3204 traxit
405 3162 499 3221 genus
522 3144 558 3205 ab
581 3144 760 3206 auctoribus.
797 3146 867 3221 quin
891 3146 978 3204 etiam
1003 3142 1073 3202 illud
1098 3141 1269 3212 sciendum,
1293 3142 1407 3221 specia-

115 3245 181 3305 liter
211 3247 280 3324 qnid
308 3249 344 3306 sit
368 3249 540 3325 epicoenon.
588 3250 751 3328 epicoenon
775 3255 819 3306 est
841 3248 925 3306 cuius
948 3264 1034 3306 sexus
1056 3264 1114 3306 non
1139 3247 1308 3322 agnoscitur
1331 3245 1407 3311 visu3

113 3348 153 3407 ita
177 3347 329 3409 definitum
354 3357 413 3418 est,
438 3369 497 3409 non
521 3352 652 3409 seientia.
684 3356 781 3428 potest
803 3349 882 3409 enim
906 3347 1013 3425 aliquis
1036 3365 1197 3424 agnoscere
1219 3365 1332 3415 sexum,
1355 3345 1407 3405 sed

115 3469 149 3509 ex
173 3452 309 3518 scientia,
339 3453 425 3512 cuius
454 3454 491 3511 sit
520 3454 647 3530 generis.
694 3469 764 3529 ergo
792 3450 959 3529 specialiter
987 3451 1164 3529 epicoenon,
1189 3447 1240 3508 ubi
1264 3450 1325 3508 risu
1348 3466 1407 3508 non

75 3576 102 3616 ao
116 3554 304 3628 agnoscimus
326 3572 442 3623 sexum,
468 3554 495 3614 id
521 3563 565 3614 ost
588 3555 737 3614 communi
760 3555 837 3622 risu,
867 3550 939 3613 illud
962 3551 1088 3612 dicimus
1110 3553 1283 3630 epicoenon.
1328 3559 1407 3610 cete·

114 3672 182 3715 rum
204 3657 326 3715 scientia
349 3655 426 3716 aliud
450 3665 502 3717 est.
737 3647 739 3650 ’

199 3756 355 3818 Praeterea
379 3760 455 3818 scire
479 3757 622 3819 dehemus
645 3759 785 3836 quasdam
809 3756 925 3836 regulas
952 3758 1036 3835 quasi
1059 3754 1207 3816 solemnes
1230 3773 1296 3816 esse
1317 3773 1406 3834 genc-

115 3876 190 3917 rum.
236 3877 305 3920 ecco
328 3880 343 3919 a
368 3863 451 3937 qnasi
475 3860 616 3922 solemnis
639 3869 683 3920 est
706 3862 824 3940 generis
846 3860 999 3927 feminini,
1029 3866 1099 3938 puta
1122 3858 1203 3919 llusa
1226 3875 1307 3925 casa;
1338 3875 1408 3917 ecce

115 3961 177 4039 ipsa
203 3961 301 4038 regula
326 3965 408 4039 quasi
430 3963 563 4023 dedicata
587 3971 631 4023 est
652 3964 795 4023 lerninino
818 3963 930 4040 generi.
962 3963 1032 4021 item
1056 3980 1090 4020 ns
1112 3959 1221 4038 syllaba
1246 3958 1408 4020 masculino

76 4065 216 4140 ngeneri
244 4065 326 4143 quasi
355 4065 488 4125 tlerlicata
519 4074 576 4135 ost,
607 4064 710 4125 doctus
738 4063 835 4125 clarus
857 4082 989 4142 magnus.
1035 4063 1181 4122 invenitur
1203 4069 1301 4122 tamen
1326 4071 1357 4122 ut
1379 4069 1409 4121 ot

115 4164 147 4223 in
182 4185 216 4225 us
252 4175 336 4227 exeat
364 4176 392 4226 et
420 4169 538 4245 generis
566 4169 603 4226 sit
632 4168 780 4236 feminini,
812 4175 843 4227 ιιι
871 4174 915 4226 εει
943 4165 1015 4225 Ιιιιεε
1043 4163 1152 4224 laurus.
1199 4182 1267 4224 ecce
1295 4161 1405 4242 syllaba

115 4269 197 4344 quasi
225 4286 299 4346 quae
334 4277 396 4327 erat
425 4268 587 4330 masculino
616 4268 747 4329 dedicata
782 4269 916 4329 feminini
950 4274 1002 4327 est.
1048 4266 1100 4327 sed
1130 4284 1190 4325 non
1217 4263 1345 4346 peinitus
1371 4282 1406 4323 us

115 4367 225 4446 syllaba
248 4368 309 4428 dixi
331 4369 409 4447 quoti
434 4369 569 4430 ‹lerllcata
592 4372 630 4431 sit
652 4369 829 4440 masculino,
853 4369 906 4430 secl
931 4367 1007 4446 quoti
1031 4368 1225 4446 frequentius
1262 4368 1332 4427 item
1355 4384 1405 4425 urn

198 4626 299 4675 iidem
322 4635 360 4675 est
378 4644 408 4675 a:
428 4638 465 4675 εει
483 4643 528 4678 om.
549 4627 634 4675 Altev
716 4628 747 4678 to
770 4626 815 4674 sed
834 4625 866 4674 ad
885 4623 931 4688 (ad
949 4640 995 4673 om.
1013 4623 1040 4686 c)
1060 4635 1192 4686 utrumque
1210 4636 1298 4672 sexum
1319 4620 1345 4670 id
1368 4629 1406 4669 eet

117 4703 250 4759 utrumque
273 4712 362 4746 senuna
384 4713 434 4745 urio
454 4696 558 4744 articulo
578 4697 639 4744 Bae
663 4697 708 4746 scel
732 4707 865 4757 utrumque
885 4711 974 4744 sexum
994 4709 1043 4742 uno
1066 4698 1155 4756 (uuum
1174 4692 1212 4756 A)
1235 4691 1340 4741 articulo
1357 4689 1407 4739 Ac

185 4766 219 4816 20
232 4780 293 4830 ergo
307 4781 366 4831 pars
380 4768 493 4831 epicoeni
507 4767 625 4829 (epgeeni
643 4767 666 4813 A
681 4767 827 4831 epicoenoui
842 4766 874 4827 C)
889 4765 990 4831 generis
1003 4780 1068 4828 quae
1081 4776 1119 4813 est
1133 4765 1186 4827 (est
1198 4762 1289 4820 om.A,
1303 4761 1364 4813 add.
1376 4757 1406 4823 a)

115 4835 223 4884 ualidior
239 4835 295 4884 AB
303 4840 323 4884 C
374 4837 404 4885 21
424 4847 448 4885 et
461 4852 506 4885 om.
521 4836 554 4897 A,
574 4837 635 4884 add.
649 4852 667 4884 n
717 4838 751 4884 23
765 4837 832 4898 qnod
847 4836 879 4884 acl
896 4836 944 4883 hoc
963 4834 987 4882 A
1040 4836 1073 4884 24
1087 4829 1199 4898 Persius]
1214 4841 1264 4884 ent.
1278 4831 1303 4893 o,
1320 4831 1354 4880 24

113 4906 148 4957 25
162 4905 292 4955 turdarum
305 4905 352 4955 BC
369 4907 497 4955 turdorum
511 4907 535 4954 A
553 4921 606 4956 eune
619 4907 697 4956 Ιὶιιινα
714 4921 791 4970 reaper
803 4921 828 4969 o,
847 4913 873 4954 ut
888 4907 945 4955 olim
959 4910 1156 4968 nepereernuum
1170 4903 1252 4964 fnisse
1263 4901 1405 4952 uideatura

165 4995 342 5039 ιιιιιιιιιιιιι
357 4997 447 5038 cartu
463 4998 489 5038 r.
1165 4987 1201 5047 ll
