3346 5498
270 357 335 431 460
821 365 1007 430 strictus

295 489 317 529 p.
332 477 377 518 roe.
390 475 416 518 cr
428 474 450 515 1ἡ
571 480 577 487 ·
1010 513 1018 529 ,
1361 485 1383 526 p.
1411 471 1457 514 ase
1472 469 1500 512 aa
1514 467 1540 512 u.

269 558 383 624 cacius,
407 557 480 616 artis
501 554 697 616 subtilitatem
720 554 895 624 mirabitur,
919 573 996 634 quae
1013 554 1255 631 coniugationum
1279 552 1468 631 distinguens
1490 570 1566 613 eou-

268 658 416 717 fusionem
439 676 456 718 a
478 659 623 736 positione
646 653 806 718 verborum
826 656 962 718 traducta
983 654 1270 727 verbalianomina,
1293 657 1473 735 paucissima
1496 656 1566 735 qui·

268 758 335 818 dem
359 765 390 818 et
412 777 446 819 ea
473 761 539 839 ipsa
567 761 616 819 vix
642 761 674 820 in
697 757 812 819 duabus
840 765 891 818 aut
918 757 1016 818 tribus
1037 755 1300 837 terminationibus
1322 775 1357 817 cx
1383 759 1496 836 prima,
1528 773 1566 816 ex

269 861 393 921 aliarum
416 878 485 921 vero
508 863 749 939 coniugatienum
764 859 865 921 verbis
887 861 978 922 multa
1002 868 1033 920 et
1054 879 1070 920 a
1092 857 1230 940 pluribus
1245 859 1386 919 clausulis
1399 860 1567 938 progenuit

267 964 398 1023 nomina.
443 970 473 1022 et
494 971 662 1025 ceterarum
684 963 805 1044 quidem
827 964 1069 1040 coniugationum
1091 979 1234 1041 praesens
1257 961 1463 1031 indicativum,
1489 961 1593 1040 quiae

267 1066 420 1125 nominum
448 1065 652 1126 traductiones
678 1067 710 1125 in
732 1065 816 1125 verbi
840 1065 1014 1126 dualitatem
1036 1082 1095 1123 non
1118 1065 1258 1143 suscipit,
1286 1071 1316 1123 et
1344 1064 1471 1123 maxime
1500 1069 1565 1122 ter·

266 1166 341 1235 tiae,
365 1165 571 1228 indifferenter
594 1167 684 1227 multa
708 1165 744 1226 de
765 1184 797 1227 se
812 1169 933 1227 nemina
948 1167 1047 1227 iacere
1069 1183 1130 1226 non
1152 1164 1317 1243 probiluiit.
1351 1166 1466 1245 primae
1490 1182 1565 1224 vero

266 1269 485 1344 coniugationis
517 1270 642 1349 positio,
674 1270 744 1347 quia
777 1269 884 1330 multas
916 1272 1069 1329 nominum
1103 1268 1231 1347 suscipit
1263 1266 1302 1326 ab
1329 1266 1467 1327 omnibus
1500 1274 1564 1329 tanr

266 1368 516 1430 declinationibus
538 1388 627 1449 quam
648 1369 790 1430 clausulis
805 1370 1009 1431 traductiones
1030 1371 1061 1429 in
1076 1367 1183 1437 verbo,
1206 1371 1316 1429 merito
1331 1369 1368 1429 de
1383 1386 1415 1428 se
1438 1369 1563 1429 nomina

264 1486 325 1531 uon
347 1470 421 1531 adeo
450 1474 598 1533 concessit
626 1472 773 1551 prolerre.
817 1471 946 1532 secunda
973 1473 1055 1531 enim
1082 1477 1112 1531 ct
1139 1477 1244 1550 quarta
1269 1469 1340 1530 licet
1369 1469 1521 1530 intentum
1545 1487 1605 1535 ara

268 1572 442 1633 nominibus
463 1573 596 1634 derivata
619 1572 709 1634 verba
731 1575 913 1653 suscipiunt,
935 1581 1036 1633 tamen
1059 1573 1096 1633 de
1117 1573 1248 1649 genitivo
1263 1575 1416 1633 nominum
1437 1590 1493 1652 per
1515 1574 1563 1632 in·

267 1683 419 1736 crementa
442 1675 639 1755 syllabarum,
668 1673 779 1754 quibus
801 1681 926 1754 utraque
948 1675 1118 1751 coniugatio
1140 1675 1344 1751 cognoscitur,
1374 1675 1404 1734 id
1432 1681 1478 1733 est
1506 1690 1563 1753 per

266 1794 302 1837 eo
324 1777 469 1846 secunda,
489 1795 548 1856 ,per
569 1778 599 1837 io
620 1784 741 1855 quarta,
767 1777 899 1838 derivata
921 1782 1024 1836 carent
1046 1775 1135 1835 liuius
1157 1776 1238 1836 modi
1261 1777 1443 1837 contusione.
1480 1775 1564 1836 unde

266 1884 363 1957 potest
384 1881 474 1939 etiarn
497 1879 549 1940 illa
570 1881 704 1958 quaestio
727 1879 801 1939 solvi
827 1875 968 1958 ll,'qua111
989 1876 1109 1956 quidam
1132 1895 1168 1937 ex
1187 1895 1369 1956 supervacuo
1391 1885 1564 1957 proponunt

266 1979 455 2051 dubitanteS,
479 1999 513 2041 ea
537 1980 641 2051 verba,
669 1998 746 2060 quae
769 1981 909 2060 superius
932 1999 948 2040 a
970 1979 1096 2057 singulis
1118 1986 1177 2039 tam
1199 1966 1450 2040 declinationibus
1472 1998 1563 2058 quarn
1579 2004 1605 2044 rs

267 2080 460 2142 dualitatibus
487 2085 640 2143 nominum
670 2082 801 2143 derivata
828 2083 942 2162 primae
971 2083 1189 2159 coniugationis
1221 2099 1285 2142 esse
1319 2084 1562 2152 monstravimus

269 2192 368 2244 utrum
390 2184 482 2244 verba
510 2185 546 2244 dc
574 2183 760 2254 nominibus,
790 2202 828 2245 au
857 2187 977 2245 nomina
1005 2182 1171 2252 de‘verhis
1193 2192 1398 2263 procreantur.
1443 2185 1512 2245 nain
1536 2185 1563 2244 si

267 2284 303 2345 de
333 2284 434 2372 verbis
458 2278 562 2346 =essent
590 2288 725 2357 nomina,
755 2304 814 2346 nou
842 2286 975 2346 diversas
1003 2294 1032 2346 et
1059 2286 1145 2365 quasi
1169 2285 1335 2363 singulares
1360 2304 1397 2346 ex
1421 2304 1479 2346 uno
1502 2287 1563 2346 fine

267 2386 424 2447 verborum
446 2386 593 2448 haberent
621 2387 781 2458 clauserius,
816 2389 882 2457 sed,
909 2368 990 2448 'sicut
1016 2388 1174 2467 participia
1202 2387 1249 2448 vel
1276 2390 1395 2448 nemina
1417 2386 1562 2457 verbalia,

266 2488 411 2549 deberent
432 2488 536 2549 eodem
558 2490 646 2550 modo
668 2490 754 2569 plura
777 2489 833 2550 sub
857 2507 914 2549 uua
937 2488 1101 2568 eademque
1123 2492 1332 2551 terminatione
1354 2491 1450 2557 liniri,
1477 2488 1560 2568 ‘qued
1577 2516 1605 2555 ao

266 2610 283 2651 c
310 2592 461 2651 contrario
489 2593 635 2652 cernitur.
680 2594 833 2653 nominum
866 2593 948 2651 enim
980 2590 1017 2650 de
1057 2589 1141 2650 verbi
1174 2593 1323 2670 positione
1357 2591 1562 2651 traductonrm

267 2691 378 2772 absque
401 2694 503 2770 paucis
524 2693 731 2771 generalibus,
764 2711 839 2774 quas
861 2693 1000 2773 superius
1022 2693 1221 2768 ostendimus,
1252 2690 1391 2774 relilquas
1414 2693 1564 2771 speciales

267 2802 297 2855 ct
317 2801 379 2855 tam
401 2793 542 2855 clausulis
570 2815 659 2874 quam
687 2793 935 2857 declinationibus
960 2793 1094 2854 diversas
1117 2802 1146 2854 et
1168 2796 1200 2854 in
1228 2793 1394 2855 rarioribus
1416 2795 1564 2874 exemplis

265 2899 402 2957 iuventas
430 2899 669 2967 terminationes
699 2896 858 2957 verberum
887 2914 956 2955 vero
984 2895 1021 2956 de
1050 2895 1221 2957 nominibus
1250 2896 1395 2956 laetorum
1418 2905 1447 2956 et
1470 2914 1563 2974 gene·

266 2998 343 3060 rales
365 2998 525 3059 linalitotes
548 3006 579 3058 et
601 2999 636 3059 ad
659 3017 749 3059 unam
763 3006 878 3059 tantum
892 2999 1080 3078 pertinentes
1095 3001 1333 3075 coniugationem
1354 3007 1384 3058 et
1407 3000 1438 3059 in
1459 3016 1561 3060 exem·
1577 3025 1604 3065 25

266 3099 323 3178 plis
345 3098 617 3161 innumerabilibus
640 3108 819 3180 apparentes
834 3100 977 3160 ridemus.
1001 3118 1037 3160 ex
1060 3118 1095 3160 eo
1117 3118 1244 3181 quoque,
1268 3100 1346 3181 quod
1368 3101 1563 3162 uniformiter

265 3209 295 3261 et
317 3201 376 3262 sibi
399 3219 530 3281 congrue
553 3201 590 3263 ab
618 3204 698 3262 omni
726 3205 939 3263 terminatione
962 3205 1115 3263 nominum
1137 3202 1224 3281 plura
1253 3201 1347 3264 verba.
1368 3205 1562 3264 consonanti·

265 3301 319 3363 bus
341 3302 590 3382 praecedentibus
620 3304 754 3366 traducta
776 3307 891 3384 primae
920 3312 989 3365 sunt
1017 3303 1110 3364 solius
1137 3305 1355 3382 coniugationis
1378 3303 1561 3383 syllabarum

265 3406 354 3465 etiam
376 3407 501 3483 genitivi
529 3408 676 3467 rationem
704 3415 734 3467 et
763 3408 794 3466 in
818 3405 909 3467 verbe
932 3408 1096 3475 servantia,
1127 3406 1369 3466 manifestissime
1391 3406 1562 3485 probantur

265 3505 355 3567 verba
377 3507 414 3567 de
437 3507 609 3569 nominibus
633 3527 698 3569 esse
721 3508 868 3569 traducta.
913 3516 945 3568 ut
969 3510 1049 3568 enim
1071 3508 1215 3569 feminina
1242 3509 1361 3568 nomina
1384 3509 1561 3570 masculinis
1575 3534 1603 3574 ae

266 3606 458 3669 adhaerentia
481 3616 512 3669 et
533 3608 571 3669 ab
599 3610 660 3670 illis
687 3612 770 3688 gigni
799 3609 938 3669 dicuntur
964 3617 995 3669 et
1017 3627 1104 3689 pares
1126 3611 1171 3670 eis
1193 3627 1311 3687 semper
1332 3608 1444 3670 habere
1468 3611 1561 3690 sylla·

265 3707 318 3770 bas
340 3719 501 3787 coguntur,
525 3718 559 3771 ut
581 3718 645 3772 ater
668 3714 725 3772 atri
747 3719 826 3779 atra,
849 3719 937 3770 tener
960 3712 1058 3771 teneri
1080 3719 1197 3780 tenera,
1226 3710 1331 3788 longus
1356 3711 1436 3790 longi
1459 3712 1559 3790 longa,

264 3811 375 3872 arduus
402 3813 488 3873 ardui
518 3812 624 3881 ardua,
654 3814 698 3872 sic
725 3812 799 3872 haec
826 3810 918 3872 verba
946 3811 982 3872 de
1011 3810 1182 3872 nominibus
1209 3813 1274 3872 lieri
1302 3812 1444 3882 dicimus,
1479 3815 1559 3892 quod

264 3915 464 3990 genitivorum
487 3912 610 3994 syllabis
633 3915 742 3992 positio
764 3911 848 3972 verbi
870 3914 1045 3992 respondet,
1075 3921 1108 3975 ut
1130 3930 1215 3974 sacer
1237 3917 1314 3974 sacri
1338 3933 1423 3976 sacre
1445 3933 1558 3988 sacras,

263 4014 342 4076 liber
364 4015 454 4076 liberi
477 4015 574 4076 libere
589 4012 714 4085 liberas,
738 4014 809 4091 vigil
825 4014 923 4092 vigilis
938 4016 1028 4093 vigilo
1043 4016 1162 4093 vigilas
1186 4033 1288 4076 muron
1304 4017 1428 4076 seminis
1441 4019 1558 4078 semino
1573 4044 1601 4084 a,

263 4120 407 4185 seminas,
432 4133 546 4176 mernor
567 4117 710 4177 memoris
731 4134 865 4177 memoro
886 4135 1049 4188 memoras,
1078 4117 1164 4178 miles
1185 4118 1292 4178 militis
1314 4118 1410 4179 nrilito
1434 4119 1557 4191 militas

335 4348 439 4419 lquae]
458 4353 560 4416 quioP
626 4353 784 4403 iuerblalia
804 4354 860 4403 BP
926 4354 1042 4421 θείω
1059 4353 1231 4420 aridulo.)
1249 4351 1398 4405 aliarumP
1447 4356 1556 4420 {iprae-

269 4439 329 4474 sem
346 4436 468 4487 praeesse
485 4422 651 4474 iudicatiuum
671 4426 697 4475 P
765 4424 926 4476 ssnomiuum
944 4425 1037 4475 militas
1051 4424 1222 4475 traductiones
1243 4433 1275 4481 ις
1328 4426 1558 4476 maximectertia

262 4492 323 4543 BP
340 4492 451 4542 maxime
469 4509 484 4543 a
506 4493 578 4542 tertia
598 4501 630 4551 ες
716 4495 730 4543 'l
749 4495 921 4546 indesinenter
944 4495 1088 4560 (superero.
1107 4499 1140 4544 al.
1160 4511 1191 4548 m.
1212 4493 1252 4543 nel
1273 4491 1459 4556 indifferenter)
1476 4496 1558 4546 multa

263 4563 297 4613 de
315 4579 344 4613 ee
363 4563 466 4613 uomina
483 4563 567 4613 iacere
583 4578 633 4612 non
654 4563 784 4629 prohibuit
802 4574 812 4615 t
829 4566 999 4616 indesinenter
1016 4578 1066 4613 uon
1084 4563 1213 4628 prohibuit
1232 4565 1257 4612 P
1271 4565 1444 4614 indesinenter
1462 4579 1513 4614 uon
1532 4567 1559 4615 B

264 4632 439 4683 indifferenter
467 4648 517 4684 uon
543 4633 672 4698 prohibuit
696 4635 775 4684 multa
792 4634 824 4684 de
850 4651 878 4685 se
902 4637 1004 4685 nemina
1023 4634 1141 4690 iaceres
1212 4633 1243 4685 13
1261 4634 1450 4689 deriuotoeBs
1524 4637 1556 4687 ld

263 4704 379 4766 quaestio
397 4703 464 4752 solui
483 4701 538 4753 sola
556 4704 580 4752 P
630 4715 788 4769 praeponunt
807 4706 832 4754 B
886 4701 1106 4756 testamenii
1158 4704 1280 4753 uerbioliu
1300 4703 1355 4751 BP
1407 4703 1440 4753 ‘2³
1457 4703 1558 4754 diuisas

264 4773 290 4822 B
343 4772 377 4824 26
395 4789 428 4822 ex
446 4789 476 4823 eo
495 4787 596 4837 queque
612 4774 679 4835 qued
692 4776 729 4836 fe·
748 4791 779 4824 ex
794 4790 824 4824 ee
842 4790 942 4838 queque
961 4775 1019 4837 quia
1039 4781 1049 4821 t
1068 4789 1100 4822 ex
1115 4770 1256 4837 (repensor.
1275 4771 1317 4833 ee)
1333 4789 1381 4836 que
1398 4773 1466 4837 qood
1482 4775 1506 4823 B
1525 4791 1557 4825 ex

264 4856 295 4893 eo
313 4844 381 4907 quod
398 4843 422 4893 P
491 4842 525 4893 34
542 4843 727 4908 respondetis
746 4844 910 4909 responderet
926 4843 984 4893 BP
1052 4842 1086 4895 36
1104 4844 1215 4894 seminas
1232 4843 1270 4892 sie
1288 4851 1313 4891 et
1330 4857 1426 4893 memor
1443 4844 1470 4893 P
