3346 5498
750 396 821 461 ans
1367 393 1432 462 345

1240 518 1261 559 p.
1274 507 1332 547 2079.
1344 507 1371 548 26
1384 505 1407 546 Ρ.

229 587 302 647 lllud
331 586 566 648 animadvertere
594 586 750 656 debemus
780 586 872 666 quod,
902 604 968 645 curn
998 586 1138 664 pleraque
1167 588 1285 646 nomina
1309 587 1433 646 alterius

144 691 265 767 generis
286 691 345 749 rim
368 688 510 757 habeant,
535 707 607 747 sano
629 695 727 747 tamen
751 688 807 748 alia
829 705 938 765 genera
963 688 1110 769 rideujtur
1132 690 1253 747 imitari.
1291 697 1336 748 est
1351 690 1550 792 enimetaggt

145 811 216 851 sono
238 790 449 859 mascnlinum,
479 789 630 850 intellectu
660 791 851 859 lemiuinum,
882 797 914 849 ut
940 789 1101 851 Eunuchus
1123 790 1289 857 comoedia,
1314 788 1435 850 Orestes

144 894 307 970 tragoedia.
335 901 380 952 est
402 895 472 953 item
496 911 569 953 suno
591 893 782 959 femininum,
807 891 961 951 intellectu
983 892 1187 960 masculinum,
1211 898 1245 950 ut
1266 891 1434 952 Fenestella

119 999 290 1075 ascriptam
315 995 418 1074 Aquila
441 1003 554 1063 orator,
578 994 718 1061 Catilina,
741 993 893 1070 Iugurtha.
938 1001 983 1053 est
1005 995 1093 1053 etiarn
1116 1013 1188 1053 sona
1210 1002 1364 1062 neutrum,
1388 996 1433 1053 in·

144 1098 264 1158 tellectu
280 1099 467 1164 femininum,
485 1104 517 1156 ut
531 1096 700 1174 Glycerium
716 1094 912 1155 Phronesium
927 1094 1142 1174 Soplrronium;
1155 1095 1205 1155 sed
1222 1094 1294 1155 haec
1310 1113 1433 1173 graecae

145 1199 371 1260 consuetudinis
393 1206 471 1258 sunt.
516 1206 561 1257 est
583 1199 712 1256 vicissim
737 1216 809 1256 sona
831 1199 1025 1265 femininum,
1050 1196 1201 1256 intellectu
1224 1205 1378 1267 neutrum,
1401 1204 1434 1256 ut

146 1310 294 1372 toreuma;
318 1320 390 1360 sono
412 1300 622 1368 masculinum,
652 1299 805 1360 intellectu
828 1307 982 1368 neutrum,
1005 1305 1038 1358 nt
1060 1298 1181 1377 pelagus
1209 1299 1322 1376 uulgus.
1367 1318 1434 1359 nam

145 1406 312 1463 conversim
336 1421 408 1462 sono
430 1409 567 1461 neutrum
592 1409 622 1460 et
644 1400 797 1461 intellectu
820 1401 1015 1460 masculinum
1038 1400 1150 1460 nullum
1172 1402 1334 1460 invenitur.

110 1518 133 1554 ¹⁰
230 1506 326 1567 Etiam
351 1504 421 1564 illud
445 1503 737 1564 animadvertendum
761 1509 806 1562 est
828 1501 930 1571 nobis,
954 1502 1032 1580 quod
1056 1502 1196 1580 pleraque
1219 1505 1338 1563 nomina
1361 1502 1479 1562 alte-29

63 1675 66 1682 ¹
146 1610 209 1667 rius
231 1608 350 1684 generis
372 1613 441 1665 sunt
464 1607 494 1664 in
518 1606 659 1681 singulari
684 1623 808 1664 numero
830 1612 860 1663 et
882 1604 1004 1663 alterius
1027 1606 1056 1663 in
1080 1604 1197 1682 plurali.
1241 1624 1309 1664 nam
1332 1606 1433 1683 siugu-

145 1709 250 1768 lariter
272 1708 327 1768 boc
351 1707 502 1775 balneum,
528 1707 681 1785 pluraliter
703 1706 758 1766 bae
783 1705 905 1765 balneae
927 1707 1015 1776 lacit;
1046 1706 1238 1782 singulariter
1260 1706 1308 1765 bic
1332 1705 1435 1766 Tarta-

145 1830 211 1880 ruS,
240 1811 395 1889 pluraliter
423 1809 496 1869 baec
525 1809 648 1869 Tartara
678 1809 763 1876 lacit;
798 1809 869 1867 item
892 1807 1030 1867 similiter
1052 1807 1165 1867 caelmn
1194 1809 1283 1877 caeli,
1312 1827 1436 1887 caepum

144 1931 270 1991 caepae,
299 1930 421 1990 porrum
451 1913 548 1990 parri,
578 1913 661 1970 iocus
688 1913 769 1978 ioca,
804 1911 887 1970 locus
921 1910 1001 1977 loca,
1035 1910 1132 1970 lorum
1165 1911 1232 1969 lori.
1277 1918 1375 1989 potest
1406 1918 1437 1970 et

108 2015 219 2074 ¹⁵lraec
248 2015 375 2073 varietas
403 2013 535 2080 admitti,
566 2020 597 2072 ut
631 2013 805 2092 plerumque
834 2014 864 2072 in
893 2031 952 2071 una
980 2019 1067 2090 atque
1096 2011 1199 2071 eodem
1229 2031 1355 2073 numero
1381 2031 1436 2092 per

145 2116 286 2194 qrrosdam
311 2133 398 2175 casus
419 2114 578 2174 diversitas
592 2132 735 2190 generum
757 2116 883 2174 inveniri
907 2132 993 2192 posse
1016 2115 1150 2182 dicatur,
1174 2121 1206 2173 ut
1229 2133 1297 2174 ecce
1321 2114 1434 2193 vulgus.

146 2220 187 2276 ait
209 2219 289 2276 enim
305 2216 447 2294 Virgilius
468 2219 526 2285 sic,
550 2215 738 2292 ‘ignobile
761 2216 920 2293 vulgus’,
944 2215 1022 2294 quad
1039 2223 1084 2274 est
1100 2218 1196 2276 neutri
1219 2218 1435 2286 nominativus;

145 2326 175 2378 et
203 2319 281 2379 idem
311 2337 415 2378 rursus
442 2318 517 2378 dixit
545 2324 575 2376 et
603 2318 803 2396 ‘spargere
832 2337 940 2377 roces
969 2319 1004 2377 in
1033 2317 1177 2394 vulgum
1205 2318 1434 2396 ambiguas’‚

145 2421 223 2499 quod
252 2428 297 2480 est
326 2422 510 2480 aecusativus
537 2416 625 2479 'casus
655 2422 776 2497 generis
798 2420 962 2480 masculini.
1007 2421 1104 2480 simile
1127 2429 1173 2479 est
1194 2421 1318 2480 fundus:
1349 2419 1435 2480 Luci·

105 2522 204 2582 elius
227 2522 299 2581 dicit

297 2627 463 2684 vertitur
485 2626 680 2684 oenaloris
703 2625 853 2694 landus,
878 2627 1069 2686 sententia
1090 2624 1212 2694 nobis;

146 2734 176 2785 et
198 2734 301 2786 contra
324 2727 462 2786 Lucanus
485 2729 683 2786 accusativum
707 2727 872 2787 masculino
894 2727 988 2798 dixit,

298 2828 453 2887 decidat
475 2830 511 2887 in
536 2828 692 2888 lunduin
715 2831 871 2907 penitus
893 2831 1108 2907 stagnantis
1130 2829 1277 2888 drerni.

232 2930 304 2989 lllud
321 2949 437 3008 «poaque
454 2929 747 2990 animadvertendum
763 2937 823 3000 est,
839 2931 917 3010 quod
933 2931 1073 3009 pleraque
1089 2922 1207 2990 nomina
1224 2932 1330 2990 incerti
1346 2948 1435 3007 gene·
1448 2943 1480 2992 ut

107 3046 133 3083 eo
148 3034 190 3089 ris
213 3033 416 3092 inveniuntur.
460 3050 527 3092 nam
551 3033 630 3091 inter
652 3031 847 3092 masculinum
870 3041 900 3092 et
921 3034 1097 3093 femininum
1120 3039 1189 3093 sunt
1210 3032 1283 3093 baec
1306 3034 1434 3101 norniua,

146 3142 248 3193 cortex
276 3133 349 3193 silex
379 3135 446 3193 linis
467 3135 559 3211 stirps
581 3135 669 3212 pinus
691 3134 770 3195 dies:
800 3142 925 3213 utroque
948 3136 1027 3194 enim
1050 3153 1159 3212 genere
1181 3134 1256 3194 lecta
1280 3136 1435 3194 inveniun-

148 3244 212 3304 tur,
246 3237 381 3314 quamris
412 3236 443 3294 in
475 3235 653 3313 quibusdam
686 3244 765 3295 certo
800 3236 967 3296 observatio
1002 3238 1056 3305 sit,
1090 3244 1123 3296 ut
1155 3237 1298 3296 alterutra
1325 3254 1435 3313 genere

148 3338 350 3396 ermntientur.
388 3356 456 3396 rrain
479 3339 602 3416 stirpem
626 3357 691 3398 eum
715 3338 751 3397 de
774 3357 884 3415 genere
906 3338 1046 3407 dicimus,
1070 3339 1215 3398 feminino
1237 3339 1434 3404 enuntiamus,

147 3447 179 3497 ut
201 3439 290 3497 ‘beu
314 3441 473 3517 stirpem
497 3441 689 3509 inrisam';
713 3442 836 3518 stirpem
859 3439 976 3499 arboris
997 3440 1174 3509 masculino,
1198 3447 1230 3498 ut

108 3558 134 3596 aa
299 3541 362 3600 sed
386 3543 545 3619 stirpem
569 3541 705 3601 Teucri
730 3541 832 3600 riirllo
854 3542 1080 3601 discrimine
1104 3560 1256 3601 sacrum.

147 3645 218 3702 item
241 3644 348 3702 incerti
372 3645 492 3720 generis
515 3651 584 3702 sum
606 3645 685 3703 inter
707 3643 902 3703 masculinum
925 3651 954 3703 et
977 3650 1126 3712 neutrum,
1151 3651 1182 3702 ut
1205 3642 1309 3720 vulgus
1330 3660 1437 3721 specus

233 3847 250 3897 e
270 3847 401 3913 glicerium
426 3847 564 3897 irenesiurn
586 3846 727 3897 sotraniom
744 3848 769 3896 B
791 3847 928 3912 gligerium
951 3846 1061 3896 ireninrn
1080 3847 1231 3896 arrllraniorn
1253 3847 1275 3896 L
1300 3845 1436 3912 gligeriurn

149 3918 287 3966 lranesium
307 3917 339 3965 M
408 3921 422 3967 7
442 3928 480 3967 est
499 3919 565 3966 enirn
583 3919 696 3967 uicissim
715 3916 770 3965 BL
789 3927 828 3966 est
843 3918 917 3965 etiam
938 3918 1050 3967 uicissim
1069 3916 1218 3967 Putacbiua:
1237 3924 1276 3967 est
1294 3931 1358 3966 sona
1373 3916 1437 3967 lemi

147 3987 274 4036 intellecto
295 3996 411 4035 nentrum
431 3996 457 4035 ut
474 3989 568 4052 dogma
588 3996 626 4036 est
648 3986 761 4036 uicissim
786 4000 849 4035 sana
869 3989 938 4036 masc
957 3988 990 4037 M
1057 3987 1075 4038 8
1092 3986 1222 4036 choreuma
1241 3986 1266 4035 B
1279 3993 1393 4053 taregnra
1413 3988 1437 4037 L

217 4056 248 4106 ll
267 4057 361 4121 singul.
382 4056 523 4122 (singulare
538 4056 583 4119 M)
599 4065 626 4105 ut
641 4056 688 4105 bae
703 4056 820 4105 balneum
833 4056 896 4106 BM
901 4057 924 4104 L
996 4056 1027 4108 13
1045 4057 1141 4105 caelmn
1155 4069 1248 4122 caepae
1263 4070 1364 4120 parrum
1382 4058 1438 4106 ioca

149 4126 204 4174 laea
224 4126 271 4175 lari
292 4125 324 4173 M
410 4141 515 4193 caepnm
534 4141 628 4191 caepae
646 4126 701 4175 BL
789 4126 821 4175 17
843 4128 878 4175 ait
900 4125 967 4175 eninr
986 4128 1105 4194 uirgilius
1128 4127 1165 4176 sic
1183 4136 1209 4175 ut
1226 4126 1339 4191 ignobile
1358 4128 1383 4177 B
1402 4127 1438 4176 ait

148 4197 216 4244 anim
237 4196 349 4261 ignobile
369 4196 399 4245 M
417 4208 461 4245 aut
476 4196 588 4263 ignobile
608 4196 647 4245 L:
671 4196 749 4259 Verg.
770 4196 836 4248 Aen.
856 4197 865 4244 l
886 4196 937 4246 lto
989 4197 1056 4259 quad
1071 4197 1150 4248 neutri
1170 4205 1208 4245 est
1227 4196 1349 4244 nominat.
1369 4197 1436 4246 idern

149 4280 236 4315 rursus
256 4266 321 4314 dixit
341 4274 364 4314 et
382 4282 504 4333 spargere
522 4267 547 4316 B
565 4264 632 4327 quad
647 4273 685 4313 eat
703 4273 819 4313 neutrum
840 4267 997 4316 nominatina
1016 4275 1041 4315 et
1058 4266 1123 4316 idern
1141 4280 1228 4314 rursus
1246 4264 1311 4314 dixit
1329 4274 1353 4314 et
1364 4280 1437 4330 spar-

148 4351 209 4401 gere
228 4336 260 4385 M
278 4335 346 4398 quad
364 4338 445 4386 neutri
465 4346 505 4386 est
523 4334 695 4384 nominatiuus
711 4344 736 4384 et
751 4334 817 4383 idem
838 4349 925 4385 rursus
946 4335 1011 4384 dixit
1029 4344 1054 4384 et
1070 4351 1191 4402 spargere
1208 4335 1248 4383 L:
1270 4335 1350 4399 Verg.
1372 4335 1437 4385 Aen.

148 4405 223 4455 1198
277 4405 308 4456 19
323 4404 445 4472 Lucilius]
463 4407 597 4458 satirarum
611 4403 674 4453 libra
687 4405 761 4454 tertia
775 4404 840 4458 Non.
852 4420 881 4468 p.
897 4403 946 4454 173
1001 4404 1035 4455 20
1054 4405 1115 4455 dicit
1132 4421 1178 4458 om.
1199 4403 1254 4454 BL
1307 4405 1339 4454 21
1360 4418 1437 4453 aeno·

150 4475 212 4526 ioris
231 4475 326 4526 Nauius
339 4475 439 4525 enaiori
457 4476 513 4525 BL
531 4473 688 4524 eenalariM
759 4473 853 4522 luodua
872 4490 941 4525 cerr.
954 4489 1009 4523 -um
1029 4473 1062 4523 M
1121 4471 1436 4539 22Lueanu01Ptareat.

149 4546 169 4593 ll
181 4544 232 4596 668
302 4547 335 4595 24
354 4547 439 4595 incerti
466 4545 568 4612 generis
588 4545 751 4594 inueniuntur
764 4543 789 4591 L
808 4544 894 4593 incerti
912 4545 1013 4610 generis
1035 4553 1094 4594 aaut
1109 4546 1136 4596 B
1152 4544 1315 4594 inueniuntur
1336 4543 1438 4609 generis

150 4617 238 4664 incerti
252 4615 284 4664 M
352 4617 386 4667 ’26
403 4617 481 4680 stirps
497 4616 523 4665 B
540 4615 618 4680 strips
637 4614 745 4666 Learr.
765 4612 891 4678 stirpsM
954 4613 1124 4678 pinusBLm
1140 4615 1212 4679 pirus
1230 4613 1263 4662 M
1331 4621 1438 4676 utraque

151 4686 217 4733 enim
238 4686 301 4734 leem
318 4701 410 4751 genere
428 4686 458 4734 M
479 4695 584 4748 utraque
606 4685 646 4733 uis
663 4685 772 4746 (atronis
790 4684 825 4746 B)
848 4686 913 4732 enirn
933 4698 1028 4748 genere
1046 4684 1109 4733 lecta
1126 4685 1183 4735 BL
1269 4682 1303 4732 27
1321 4683 1438 4746 quamuis

151 4754 291 4817 (ειφενεεν.
313 4754 350 4816 in)
370 4756 520 4819 quibusdam
539 4763 606 4805 certa
630 4754 774 4803 obseruatio
792 4755 825 4803 sit
841 4753 875 4802 M
890 4767 964 4817 qiram
978 4754 1004 4802 in
1023 4753 1174 4817 quibasdam
1196 4759 1278 4801 rectae
1293 4752 1437 4802 obseruatio

152 4822 178 4871 tit
197 4825 221 4873 L
239 4827 355 4888 ‹puanruis
372 4827 396 4873 in
414 4825 565 4888 quibusdam
586 4832 653 4873 reeta
671 4824 833 4873 obseruantia
851 4824 878 4872 lit
896 4823 922 4872 B
1001 4823 1036 4875 29
1053 4820 1113 4889 beu]
1140 4825 1219 4887 Verg.
1238 4821 1305 4872 Aen.
1323 4823 1368 4872 Vll
1386 4819 1438 4872 293

220 4894 254 4944 30
273 4893 329 4960 sed]
355 4897 432 4960 Vere.
451 4895 515 4944 Aen.
535 4893 581 4944 Xll
598 4891 649 4946 770

202 4985 377 5028 omnnium
391 4985 481 5027 carun
495 4985 522 5026 v.
1194 4973 1236 5039 23
