3346 5498
714 409 784 478 nes
875 410 878 414 '
1354 399 1394 474 19

1202 520 1368 574 preaesse.

95 605 273 667 communia
303 623 380 684 qnae
407 611 437 665 et
463 605 577 681 agentis
604 610 634 663 et
661 604 800 682 patientis
827 603 885 664 sibi
912 602 1062 663 sindicant
1083 602 1342 680 significationem
1366 609 1396 662 et

95 708 132 769 de
148 711 250 770 activo
266 708 418 786 passivum
432 706 478 776 tit,
503 705 584 766 etde
599 708 714 785 passivo
729 707 864 766 activum.
884 739 921 749 -
938 704 1062 766 Osculor
1077 713 1149 765 tuuc
1163 706 1287 765 activum
1304 705 1395 783 signi·
1407 708 1494 770 stus

95 811 181 879 licat,
215 808 338 890 quando
366 809 563 886 accusativum
593 825 694 868 casum
715 809 806 886 regit,
830 814 863 867 ut
884 806 1003 868 osculor
1024 805 1122 877 illum;
1145 813 1216 868 tunc
1238 806 1394 886 passivum,

96 910 449 991 quandoablatirum,ut
464 908 582 972 osculor
598 908 635 970 ab
650 908 714 970 illo:
731 909 892 969 dicimus
909 910 1003 969 euim
1019 908 1172 970 osculor
1187 917 1221 969 te
1238 915 1271 969 et
1286 927 1393 970 oscu-

71 1012 188 1074 slora
212 1021 259 1074 te.
276 1047 321 1057 —-
339 1013 499 1090 Figurae
521 1011 734 1072 verborum:
758 1012 871 1090 figurae
887 1012 929 1071 sic
945 1011 1083 1072 accidunt
1097 1008 1209 1080 verbis,
1226 1029 1284 1090 quo
1306 1011 1423 1071 mod08

95 1115 290 1182 nominibus,
307 1112 432 1193 simplex
448 1122 478 1175 et
492 1115 665 1193 composita.
682 1148 720 1156 -
744 1113 925 1192 Tempora
949 1113 1146 1173 verborum
1168 1123 1256 1192 quot
1276 1114 1422 1174 sumus

95 1219 154 1277 tria
188 1225 329 1296 tempora
362 1223 447 1284 suut,
482 1217 513 1276 in
542 1214 739 1275 declinatione
773 1216 919 1294 quinque,
955 1216 1022 1293 quia
1051 1216 1202 1294 praeteriti
1236 1223 1297 1276 tres
1326 1222 1396 1275 sunt

95 1317 276 1386 distantiae,
299 1317 455 1396 inperfecti
476 1317 603 1396 perlecti
624 1314 917 1395 plrrsquamperlecti.
961 1334 1109 1395 praesens
1132 1316 1274 1396 estquod
1297 1317 1396 1378 lacere

93 1419 252 1487 ridemur,
281 1420 476 1498 praeteritum
503 1417 699 1497 inperfectum
732 1427 779 1479 est
805 1417 883 1498 quod
912 1419 1010 1479 lacere
1038 1417 1210 1479 videbamur
1232 1426 1263 1479 et
1282 1418 1394 1500 inperi-

58 1521 213 1582 rolectum
236 1519 417 1588 dimisimus,
442 1521 636 1599 praeteritum
664 1520 829 1598 perlectum
859 1527 902 1580 est
929 1519 1008 1599 quod
1031 1520 1140 1580 lactum
1163 1538 1242 1581 nunc
1264 1519 1393 1600 comple·

95 1626 212 1692 vimus,
241 1623 435 1702 praeteritum
457 1617 798 1703 plusquamsslperlectum
827 1628 870 1681 est
903 1621 981 1700 quod
1009 1620 1079 1682 olim
1107 1641 1157 1683 res
1184 1623 1327 1702 perlecta·
1343 1631 1395 1692 est,

94 1727 237 1787 loturum
261 1732 305 1785 est
334 1723 411 1804 quod
435 1723 534 1784 lacere
556 1742 611 1784 uos
633 1722 809 1802 quandoque
832 1721 1079 1784 demonstremus.

182 1826 477 1904 Coniogationis
500 1827 640 1886 tertiae
663 1832 876 1903 correptae:
900 1826 987 1885 tertia
1003 1826 1172 1904 coniugatio
1187 1844 1305 1906 semper
1328 1831 1439 1887 cor-1⁷

91 1930 217 2008 ripitur.
249 1961 287 1971 -
324 1927 465 1988 Futuro
498 1925 616 2005 legam
651 1924 771 2005 leges:
801 1926 929 1988 secunda
963 1945 1091 2006 persona
1119 1929 1210 1988 loturi
1236 1927 1394 1989 indicativo
1406 1932 1439 1981 23

55 2029 246 2109 esingulari
268 2047 395 2090 numero
418 2048 434 2089 e
455 2028 600 2108 producta
621 2028 842 2107 pronuntianda
865 2035 924 2098 est,
949 2046 986 2089 ne
1008 2029 1136 2090 secunda
1160 2047 1286 2109 persona
1307 2048 1394 2109 prae-

89 2135 191 2194 sentis
220 2132 366 2210 temporis
393 2129 589 2209 intellegatur.
617 2165 651 2174 —
678 2129 872 2208 Imperativus
895 2131 999 2192 modus
1020 2133 1170 2210 praesenti
1192 2139 1326 2210 tempore
1348 2135 1441 2193 seit

90 2234 228 2296 condam
264 2242 294 2293 et
325 2234 443 2293 tertiam
475 2251 633 2312 personam
666 2231 768 2302 habet,
802 2235 868 2313 quia
902 2235 966 2312 ipse
995 2233 1052 2294 sibi
1079 2251 1167 2295 nemo
1189 2228 1330 2311 imperat.
1355 2267 1391 2278 -

90 2335 234 2398 Eodem
264 2334 369 2395 modo
396 2344 563 2415 tempore
592 2335 734 2396 luturo:
770 2334 874 2395 modus
904 2337 1097 2413 imperativus
1130 2336 1273 2414 temporis
1305 2334 1440 2396 iuturito

91 2439 219 2498 numeri
234 2435 358 2516 pluralis
372 2439 476 2498 tertiae
498 2455 643 2516 personae
658 2438 698 2497 ita
714 2437 759 2505 srt.
782 2441 809 2497 si
829 2435 943 2497 sublata
967 2456 984 2496 o
1006 2421 1155 2497 indicativi
1178 2437 1258 2498 modi
1280 2440 1394 2518 primae
1485 2418 1489 2425 ⁶

53 2557 249 2621 »personae
277 2537 368 2599 addes
395 2547 482 2608 unto,
507 2524 546 2599 =ut
573 2557 640 2599 nmo
669 2545 805 2607 amanto,
835 2537 927 2598 doceo
951 2543 956 2614 Ι
983 2538 1145 2609 doceunto,
1173 2539 1241 2619 lego
1262 2540 1393 2620 legunto,

92 2643 188 2702 audio
212 2638 366 2701 audiunto.
398 2676 433 2685 -
464 2641 605 2702 Futuro
633 2640 763 2719 legito:
791 2642 821 2701 in
845 2639 901 2701 hoc
923 2639 1023 2701 loturo
1046 2659 1101 2701 nec
1122 2642 1154 2701 in
1175 2642 1317 2722 singulari
1339 2661 1395 2704 nec

92 2747 127 2804 in
150 2742 265 2823 plurali
285 2743 381 2821 prima
402 2761 529 2823 persona
552 2751 604 2804 est
643 2777 678 2786 -
714 2743 961 2804 Coniunctivo
990 2743 1110 2803 modo:
1145 2746 1286 2824 temporis
1307 2751 1440 2824 prae-33

93 2847 194 2906 sentis
217 2845 422 2906 coniunctims
445 2845 550 2906 modus
578 2846 680 2906 loturo
703 2845 822 2924 optativi
844 2843 949 2905 similis
972 2854 1026 2906 est.
1058 2880 1088 2889 —
1123 2846 1183 2906 lul
1188 2848 1275 2907 initi
1298 2846 1497 2914 moriseni

95 2948 270 3008 numeris
297 2955 332 3006 et
358 2948 548 3026 personis:
581 2947 712 3007 infinitus
744 2945 810 3007 ideo
842 2946 952 3016 dictus,
982 2947 1060 3026 quod
1087 2950 1119 3008 in
1146 2950 1277 3009 numeris
1306 2959 1337 3009 et
1363 2950 1395 3009 in

57 3046 290 3128 ntemporibus
319 3055 349 3108 et
374 3050 405 3108 iu
432 3050 568 3128 personis
594 3047 727 3125 aequalis
756 3056 809 3109 est.
854 3048 980 3109 dicimus
1008 3051 1087 3110 enim
1110 3069 1126 3110 a
1149 3069 1273 3112 numero
1294 3049 1395 3129 legere

96 3150 193 3211 debet
216 3159 246 3209 et
269 3146 369 3228 legere
392 3149 515 3220 debent,
544 3170 559 3211 a
585 3160 717 3230 tempore
741 3150 839 3228 legere
862 3149 972 3210 habent
999 3159 1029 3211 et
1050 3150 1150 3228 legere
1172 3150 1355 3221 habuerunt,
1378 3172 1393 3212 a

95 3269 231 3331 persona
254 3249 356 3329 legere
378 3250 487 3322 habeo,
512 3252 611 3330 legere
633 3252 739 3322 habes,
765 3251 864 3330 legere
888 3251 984 3312 habet.
1010 3253 1063 3313 lric
1086 3252 1221 3314 similitor
1242 3255 1298 3314 tria
1320 3261 1394 3313 tem·

97 3372 174 3433 pora
200 3350 305 3422 habet,
329 3357 463 3431 quamvis
477 3356 507 3414 in
523 3356 673 3433 praesenti
689 3355 786 3414 omnia
802 3353 1030 3433 complectatur,
1053 3361 1085 3413 ut
1107 3363 1152 3414 est
1174 3354 1273 3433 legere
1295 3354 1393 3423 modo,

97 3454 203 3533 legere
218 3462 322 3523 antea,
339 3454 438 3534 legere
453 3463 564 3535 postea.
592 3491 626 3500 —
653 3454 771 3516 Verbo
793 3453 1043 3534 inpersonali:
1066 3456 1253 3534 inpersonale
1269 3457 1420 3518 vertuno

61 3568 143 3618 sest
166 3557 249 3637 quod
272 3559 408 3636 personis
431 3567 512 3619 caret
533 3560 594 3618 suis
616 3564 646 3619 et
668 3576 684 3616 a
706 3559 882 3637 pronomine
905 3558 1012 3636 accipit
1035 3560 1039 3629 Ι
1064 3576 1206 3636 personas
1228 3568 1258 3619 ct
1279 3560 1321 3619 sic
1343 3558 1394 3618 de-

98 3659 245 3720 clinatur:
280 3659 405 3720 dicimus
433 3661 511 3720 enim
538 3659 645 3738 legitur
673 3678 688 3719 a
719 3679 766 3719 me
794 3679 809 3720 a
833 3668 861 3720 te
884 3659 921 3720 ab
943 3659 1003 3719 illo.
1040 3693 1076 3704 -
1112 3659 1287 3721 Gerundi:
1324 3659 1420 3721 ide09

98 3762 212 3822 dicitur
234 3760 377 3839 gerundi,
401 3761 479 3840 quod
502 3780 557 3822 nos
578 3760 688 3840 aliquid
712 3779 817 3838 gerere
839 3763 997 3840 significat,
1021 3769 1054 3822 ut
1074 3771 1145 3841 puta
1166 3762 1284 3841 legendi
1306 3781 1394 3823 causa

97 3866 182 3931 reni,
215 3861 343 3940 legendo
365 3863 437 3923 mihi
459 3865 582 3942 contigit
604 3862 754 3933 valetudo,
783 3862 941 3941 legendum
969 3865 1041 3923 mihi
1069 3866 1139 3935 erit,
1167 3864 1275 3926 lectum
1298 3867 1393 3935 venio,

97 3968 193 4028 nimio
214 3964 295 4025 lectu
319 3966 456 4044 fatigatus
476 3984 555 4036 sum,
579 3973 611 4026 ut
634 3964 779 4044 Vergilius

65 4088 88 4127 s
257 4079 323 4128 nec
345 4068 424 4131 visu
447 4066 574 4128 tacitis
596 4086 663 4129 nec
686 4067 787 4129 dictu
811 4066 980 4128 affabilis
1004 4067 1080 4128 olli.

98 4171 151 4232 sed
182 4171 280 4247 magis
311 4165 428 4254 [melius
455 4164 510 4253 est]
533 4171 687 4249 participia
710 4178 792 4239 suut,
822 4188 908 4250 quam
937 4157 1062 4248 gerundi
1089 4169 1192 4231 verba:
1227 4169 1323 4230 bonus
1351 4179 1394 4232 est

167 4376 233 4428 eod.
257 4374 339 4427 Bere.
363 4374 397 4422 lll
420 4372 522 4424 1*-3.
595 4375 769 4427 lcommunia
787 4388 852 4436 qnae
874 4383 912 4424 est
932 4374 1033 4440 agentia
1101 4373 1283 4443 2passiunm]
1311 4377 1394 4440 pessi-

98 4464 154 4497 oam
229 4445 367 4496 doscnlor
382 4457 427 4507 pro
441 4444 473 4494 ab
489 4444 534 4494 illo
586 4443 687 4496 osculor
701 4442 734 4511 te]
758 4442 845 4494 osculo
865 4453 888 4493 te
957 4442 1060 4508 oquod
1079 4454 1137 4493 sunt
1189 4443 1261 4511 liu]
1281 4461 1338 4495 corn

100 4519 131 4569 to
144 4516 341 4584 compleuimus
361 4515 522 4579 praeteritum
541 4517 702 4580 praeteritum
726 4513 1003 4580 plusquamperfectum
1075 4515 1108 4564 12
1128 4531 1178 4578 quo
1196 4514 1279 4565 iacere
1350 4516 1393 4564 de-

99 4599 276 4639 monstramus
296 4583 371 4633 tertia
395 4585 540 4650 coniugatio
563 4586 749 4651 coniugationis
773 4584 860 4634 tertiae
880 4595 1009 4650 correptae
1029 4600 1131 4650 semper
1217 4582 1252 4633 20
1269 4597 1393 4650 personae

98 4670 119 4708 et
136 4660 203 4708 ades
262 4654 297 4706 19
312 4655 335 4703 si
353 4669 398 4705 om.
451 4655 577 4706 23iutnri
594 4656 699 4720 optatiui
751 4656 784 4706 25
800 4669 933 4704 enumero
951 4657 1008 4720 lege
1023 4654 1108 4721 legere
1159 4654 1193 4706 26
1211 4654 1243 4704 ad
1259 4656 1338 4719 (corr.
1357 4656 1391 4707 al.

97 4745 158 4780 mr.
179 4730 209 4792 a)
229 4736 351 4790 tempore
404 4722 438 4773 29
455 4741 543 4776 uerum
562 4740 630 4780 corr.
649 4729 684 4776 at.
703 4741 769 4776 mon.
787 4726 892 4774 uerbum
952 4723 986 4774 34
1004 4723 1136 4793 inligatus]
1159 4726 1240 4775 iactus
1292 4723 1326 4774 36
1343 4724 1394 4773 siut

99 4853 180 4861 ---

166 4921 199 4973 14
215 4918 301 4970 taturi
316 4914 415 4983 passivi
433 4914 552 4982 Begerra
621 4915 655 4967 34
673 4913 812 4983 Vergilius]
830 4915 894 4969 Aen.
914 4913 1011 4967 111621
1146 4995 1167 5063 2

1173 4997 1191 5038 ti
