3346 5498
729 383 800 444 ttts
830 379 885 442 16
1385 376 1448 444 453

194 502 214 542 p.
227 486 355 530 artetur.
1266 501 1286 542 p.
1301 489 1424 532 tte-ouh

164 571 269 629 sertim
292 571 510 647 coniugationis
533 565 698 630 tleriratum
713 572 744 630 in
760 588 795 629 or
810 570 950 630 desinens
964 571 1049 648 quasi
1070 569 1267 648 incorporalis
1290 571 1335 629 rei
1351 570 1448 629 lecerc

165 670 353 741 vocabulum,
383 671 494 751 ubique
523 680 637 732 serrata
664 672 781 732 scilicet
802 679 982 731 consonante
1004 673 1180 750 positionis,
1204 669 1315 750 absque
1339 671 1354 730 s
1375 679 1406 730 et
1427 677 1448 738 t,

163 790 238 851 quae
268 772 345 832 solae
375 781 442 832 ante
471 792 505 832 or
533 775 669 832 inventae
698 773 793 833 solent
820 772 976 832 ostendero
1010 791 1065 831 nec
1094 772 1291 850 incorporalia
1319 773 1448 838 nomina,

164 893 218 934 nee
241 894 256 934 a
279 875 443 953 praesenti,
467 873 518 933 sed
542 873 580 934 ab
602 875 749 933 infinitivo
765 874 858 934 luturi
876 873 1015 943 deducta,
1040 882 1196 942 uttonsor
1218 873 1356 933 defensor
1379 891 1447 932 con·

138 976 275 1037 osolator
297 983 410 1036 amator
432 983 554 1036 venator
576 975 670 1036 lector
692 978 801 1056 petitor
824 976 950 1036 auditor.
995 977 1072 1036 unde
1095 994 1203 1035 censor
1224 993 1355 1054 quoque,
1379 974 1446 1035 licet

163 1097 177 1136 a
203 1077 216 1156 ll
240 1079 389 1156 praesenti
417 1094 524 1137 censeo
552 1075 677 1157 potelrat
706 1078 872 1138 traductum
895 1077 1004 1147 videri,
1027 1084 1143 1146 tamen,
1166 1078 1235 1176 (μὴ
1257 1094 1322 1136 rem
1344 1093 1447 1155 corpo·

162 1178 256 1239 ratem
279 1180 527 1256 significatum
555 1198 571 1239 a
599 1182 749 1259 praesenti
773 1181 867 1258 magis
896 1179 967 1240 illud
997 1197 1085 1258 quam
1114 1177 1151 1238 alt
1175 1179 1320 1238 infinitivo
1342 1180 1447 1247 luturi,

161 1282 212 1358 qui
235 1287 281 1340 est
303 1298 424 1340 censum
447 1283 506 1350 irc,
531 1282 640 1341 lactum
663 1281 890 1361 conprobamus.
922 1288 991 1341 sunt
1013 1288 1112 1340 autem
1136 1282 1166 1339 iu
1189 1297 1222 1339 or
1244 1279 1447 1340 desinentium

161 1384 313 1442 nominum
341 1391 550 1442 consonantem
581 1385 736 1462 positionis
764 1385 944 1444 servantium
974 1381 1107 1461 exempla
1134 1380 1220 1451 llaec,
1251 1382 1326 1441 sudo
1348 1381 1447 1451 sudor,

125 1503 148 1537 to
162 1503 227 1543 auro
249 1503 346 1553 emor,
370 1484 463 1544 clamo
485 1485 613 1554 clamor,
638 1503 711 1544 sono
732 1503 834 1554 sonor‚
858 1503 927 1544 erro
949 1502 1049 1552 error,
1079 1482 1172 1543 rubeo
1195 1480 1301 1552 rultor,
1331 1501 1449 1543 marceo

162 1603 291 1654 marcor,
315 1585 427 1646 candeo
449 1586 575 1655 candor,
599 1586 681 1664 algeo
704 1587 801 1664 algor,
826 1588 907 1647 caleo
929 1586 1025 1654 calor,
1055 1587 1145 1645 timeo
1167 1586 1270 1653 timor,
1295 1591 1382 1644 teneo
1404 1592 1447 1644 te·

163 1689 239 1755 nor,
255 1694 342 1767 tepeo
357 1695 456 1766 tepor,
481 1688 588 1748 lmrreo
603 1689 724 1758 horror,
749 1690 849 1749 ferveo
871 1689 983 1757 lervor,
1007 1686 1120 1747 strideo
1142 1686 1187 1746 vel
1210 1686 1305 1746 strido
1327 1686 1446 1755 stridor,

162 1797 256 1847 tremo
286 1796 413 1857 tremor,
443 1808 516 1849 cano
543 1808 647 1859 canor,
682 1793 766 1870 sapio
793 1808 895 1869 sapor,
932 1792 997 1849 iuro
1019 1790 1110 1858 luris,
1138 1789 1208 1848 lieet
1230 1790 1331 1850 delicit
1353 1792 1446 1868 prima

160 1909 302 1968 persona,
326 1892 426 1961 luror;
450 1892 545 1970 liquor
567 1891 693 1971 liqueris
715 1890 853 1960 verbum,
877 1890 973 1970 liquor
996 1890 1122 1970 liquoris
1145 1909 1267 1960 nomen;
1296 1892 1380 1969 sopio
1402 1891 1447 1950 sti·

124 2009 147 2045 m
162 2010 225 2069 por.
256 2010 381 2070 quorum
410 1992 467 2052 duo
495 1995 660 2071 posteriora
683 2001 837 2060 notantur.
866 1992 944 2072 quod
967 1993 1177 2072 paenultimam
1201 1991 1361 2053 verborum
1384 1992 1446 2052 lon·

160 2112 226 2170 gam
249 2095 416 2172 corripiunt
439 2096 467 2153 in
492 2093 672 2155 nominibus.
716 2097 788 2156 item
810 2102 877 2155 ante
900 2094 967 2155 idus
994 2111 1158 2154 consonans
1186 2096 1343 2173 positionis
1365 2095 1446 2153 inve·

162 2197 255 2264 uitur,
284 2203 317 2255 ut
345 2195 449 2255 madeo
479 2196 629 2264 madidus,
658 2196 801 2275 splendeo
829 2196 1017 2275 splendidus
1046 2197 1152 2256 sordeo
1174 2197 1328 2266 sordidus,
1352 2196 1448 2273 lrigeo

161 2297 304 2373 frigidm,
334 2297 415 2356 culeo
442 2297 571 2367 calidus,
600 2300 689 2358 timeo
720 2298 855 2367 timidus,
885 2304 972 2378 tepeo
1000 2297 1133 2377 tepiduS,
1168 2306 1273 2379 stupeo
1301 2296 1446 2377 stupidus,

160 2417 231 2458 arco
253 2399 368 2468 aridus,
393 2407 492 2458 torreo
515 2399 663 2467 torridus,
688 2401 788 2460 ferveo
810 2399 958 2469 fervidus,
982 2401 1065 2479 rapio
1088 2399 1224 2478 rapidus,
1253 2401 1342 2480 cupio
1363 2401 1447 2477 eupi-

121 2501 229 2569 eodus,
253 2503 318 2560 rivo
341 2501 467 2571 vividus,
492 2501 551 2562 lluo
573 2504 749 2580 interposita
773 2521 789 2560 v
811 2502 948 2562 lluvidus.
978 2500 1015 2562 ab
1038 2501 1156 2562 invideo
1178 2510 1209 2562 et
1230 2502 1327 2582 pando
1349 2503 1447 2562 minus

160 2621 216 2661 uun
240 2603 351 2684 syllaba
375 2605 567 2682 proteruntur
583 2604 700 2665 invidus
720 2604 845 2683 pandus.
876 2603 1012 2684 trepidus
1033 2606 1113 2664 enim
1135 2622 1243 2664 nomen
1266 2622 1324 2664 non
1348 2623 1364 2663 a
1386 2611 1446 2663 tre·

161 2705 230 2783 pido
254 2705 361 2774 verim,
385 2706 438 2764 sed
461 2726 476 2766 u
501 2700 596 2766 tremo
619 2707 764 2767 tremidus
786 2717 815 2767 et
839 2706 972 2785 trepidus
988 2705 1062 2765 milti
1077 2705 1194 2765 videtur
1215 2707 1310 2783 magis
1334 2707 1445 2767 venire.

160 2816 189 2866 et
212 2826 246 2866 ex
270 2826 304 2866 eo
327 2809 425 2869 locere
449 2808 571 2868 veritum
595 2809 712 2889 trepido
735 2809 881 2888 trepidas,
911 2809 989 2867 sicut
1011 2826 1026 2867 a
1050 2806 1187 2866 sordidus
1209 2809 1327 2866 nomine
1350 2806 1445 2866 sordi·

160 2908 197 2966 do
219 2909 353 2969 sordidas
376 2909 510 2970 vertum:
549 2913 579 2970 in
603 2930 635 2970 es
656 2930 774 2991 quoque
797 2918 857 2970 tant
880 2909 999 2980 brevem
1029 2928 1117 2987 quam
1146 2909 1263 2986 longam
1285 2906 1330 2967 vel
1354 2909 1380 2967 is
1401 2907 1445 2967 vel

123 3027 149 3064 2⁵
164 3009 245 3069 ibitis
268 3012 312 3070 vet
336 3011 384 3072 ilis
407 3011 452 3071 vel
476 3031 531 3071 uus
554 3011 598 3071 vel
621 3013 687 3073 ulus
709 3014 753 3072 sie
776 3012 967 3072 inveniuntur
983 3010 1114 3070 derivata
1136 3010 1293 3088 positionis
1316 3009 1445 3069 litteram

160 3119 226 3171 unte
254 3113 415 3173 clausulam
443 3116 605 3182 servantia,
636 3122 703 3191 tego
729 3122 826 3191 teges,
856 3128 957 3188 mergo
980 3129 1110 3189 mergest,
1140 3110 1231 3170 caedo
1253 3110 1372 3180 caedes,
1397 3110 1446 3171 luo

160 3215 239 3283 lues,
269 3224 352 3275 struo
380 3222 492 3283 strues,
522 3214 583 3274 lido
612 3215 689 3276 tides
715 3214 895 3294 paenultima
929 3221 1078 3291 correpta,
1114 3220 1146 3272 ut
1173 3220 1204 3272 et
1231 3213 1314 3291 sdpio
1341 3216 1444 3291 sdpor;

160 3319 230 3376 item
253 3318 284 3375 in
300 3319 340 3384 is,
367 3325 489 3396 torqueo
512 3319 642 3396 torquis;
665 3318 737 3376 item
761 3318 792 3375 in
815 3315 896 3375 ibllis
918 3314 964 3375 vel
988 3314 1045 3384 ilis,
1069 3314 1161 3374 doceo
1176 3314 1314 3374 docibilis
1329 3313 1444 3383 docilis,

160 3419 239 3478 nulm
262 3418 386 3485 nubilis,
411 3420 487 3478 lucio
511 3418 620 3487 lacilis,
645 3425 712 3477 utor
735 3416 831 3486 utilis,
860 3418 962 3478 eliutio
990 3415 1127 3486 ellutilis;
1155 3418 1228 3476 item
1250 3417 1282 3475 in
1304 3434 1372 3484 uus,
1396 3433 1444 3475 oc·

120 3520 226 3579 socido
248 3518 403 3587 occiduus,
433 3518 560 3598 praedor
582 3519 745 3598 praeduus,
774 3518 866 3579 caedo
887 3518 1063 3588 incaeduus,
1087 3520 1237 3597 perspicio
1259 3520 1442 3597 perspicuus,

159 3622 259 3680 (livido
282 3621 435 3691 dividuus3
460 3623 530 3681 item
554 3624 583 3681 in
608 3621 689 3691 ulus,
714 3620 785 3681 ltibo
808 3596 940 3690 ltiitulus,
963 3620 1060 3699 pendo
1083 3620 1243 3701 pendulus,
1267 3619 1357 3681 credo
1380 3639 1444 3681 cre·

159 3723 259 3788 dulus,
289 3722 382 3781 strido
410 3722 566 3793 stridulus,
599 3740 670 3801 gero
703 3722 839 3800 geruluS,
874 3722 941 3800 lego
968 3722 1098 3800 legulus,
1133 3722 1210 3782 unde
1238 3721 1443 3800 murilegulus,

160 3833 254 3882 tremo
278 3824 434 3892 tremulus,
459 3841 549 3884 cerno
564 3824 717 3893 cernulus,
741 3842 852 3905 queror
867 3824 1023 3904 querulus,
1047 3825 1153 3904 adopto
1176 3820 1444 3906 adloptulus.'ante

233 4030 240 4078 l
260 4030 388 4079 tlerlnntnr
405 4030 428 4078 lt
497 4030 513 4077 4
532 4026 629 4094 tonsos]
648 4044 738 4080 censor
756 4028 811 4077 BP
826 4037 912 4078 tonsor
930 4043 1020 4078 censor
1036 4029 1168 4079 Pttteeltt'tte
1239 4029 1271 4079 10
1286 4043 1349 4079 sono
1368 4044 1445 4079 eonor

159 4115 206 4148 osu.
227 4100 250 4148 B
322 4099 350 4149 ll
371 4100 445 4165 algeo
464 4099 536 4164 algor
554 4098 638 4164 (culeo
655 4107 746 4163 posteo
762 4098 820 4151 ead.
839 4115 871 4151 nt.
889 4097 949 4149 odd.
968 4098 1006 4161 B)
1024 4099 1099 4147 timeo
1118 4098 1175 4147 BP
1190 4098 1265 4164 algeo
1283 4099 1355 4164 algor
1371 4099 1444 4149 olbeo

159 4169 230 4216 albor
250 4170 324 4218 timeo
338 4169 357 4230 s
373 4169 447 4234 algeo
465 4184 477 4216 r
494 4169 534 4217 alo
551 4185 562 4217 r
578 4169 654 4217 timeo
673 4176 683 4218 t
699 4168 774 4235 algeo
791 4169 865 4233 algor
881 4168 936 4218 oleo
952 4168 1006 4216 olor
1020 4169 1095 4217 timeo
1109 4181 1142 4224 ς.·
1160 4171 1258 4219 nomino
1271 4169 1355 4219 verto
1368 4169 1443 4218 timeo

158 4266 192 4274 —
210 4241 281 4303 sopio
301 4239 495 4302 adscriptaom.
516 4238 659 4302 BP‚odd.
680 4238 730 4301 tsg
800 4237 832 4288 13
851 4247 945 4287 tretneo
962 4236 1001 4285 vel
1022 4246 1102 4287 tremo
1122 4237 1146 4285 P
1215 4237 1281 4288 intio
1302 4237 1365 4288 iuris
1385 4236 1444 4287 lurit

159 4310 215 4358 lieet
237 4308 336 4358 delletat
355 4308 379 4357 B
450 4309 481 4359 17
496 4308 586 4357 sordeo
605 4307 695 4374 (algeo
707 4315 798 4371 posteo
813 4308 871 4360 ead.
890 4323 920 4358 ut.
939 4306 1001 4356 add.
1016 4307 1054 4370 B)
1074 4305 1155 4372 frigeo
1170 4307 1234 4359 BP:
1252 4309 1350 4358 κωπίω
1362 4307 1442 4358 moia

159 4379 249 4427 sordeo
267 4406 301 4414 -
320 4379 405 4427 ferveo
424 4380 555 4441 adscripto
574 4393 621 4431 om.
640 4378 706 4440 BP,
725 4378 785 4426 item
804 4376 908 4441 rapidus
925 4384 950 4426 et
967 4376 1076 4441 cupidus
1093 4392 1138 4426 ont
1155 4379 1191 4440 P,
1209 4379 1272 4433 add.
1291 4378 1341 4440 tss
1409 4378 1444 4429 20

159 4443 253 4512 pundo]
278 4449 388 4513 prandeo
407 4449 473 4499 BP:
496 4449 529 4510 es.
550 4448 668 4500 Prisci.
689 4446 776 4510 llllp.
798 4446 890 4510 toul
962 4445 993 4495 21
1018 4444 1130 4513 pondus]
1156 4447 1268 4513 prendns
1287 4446 1342 4496 BP
1410 4447 1443 4496 ‘tt

159 4521 259 4583 tongum
281 4518 320 4567 uel
342 4518 483 4581 (superem.
504 4516 539 4582 is)
557 4517 597 4566 llis
615 4519 755 4580 (ertperser.
776 4516 816 4565 uel
832 4513 893 4579 uus)
913 4516 953 4564 uel
972 4515 1029 4565 ulns
1048 4516 1088 4565 uel
1105 4516 1164 4580 ilius
1181 4519 1218 4565 sic
1236 4515 1399 4565 inueniuntur
1417 4514 1443 4564 B

159 4590 191 4635 25
212 4588 340 4637 deriuntne
360 4591 385 4639 P
434 4589 469 4639 26
484 4601 572 4652 mergo
593 4602 693 4654 merges
711 4601 781 4636 eorr.
803 4600 899 4634 mereor
918 4599 1015 4635 merces
1034 4586 1057 4634 B
1109 4588 1142 4637 27
1162 4586 1238 4651 stipor
1262 4593 1366 4648 torqueo
1383 4587 1442 4634 item

159 4666 196 4705 eet
214 4660 310 4720 torquis
322 4659 380 4706 item
401 4660 425 4707 in
439 4658 506 4706 ibitis
518 4657 558 4705 uel
574 4657 615 4706 ilis
626 4659 705 4707 doceo
718 4655 835 4721 docibilis
847 4654 937 4704 docilis
950 4657 975 4705 P
990 4669 1068 4720 sopor
1080 4656 1138 4705 item
1152 4664 1256 4719 torqueo
1269 4665 1371 4718 torques
1384 4655 1442 4704 item

159 4728 236 4775 doceo
249 4728 338 4775 docilis
350 4728 374 4776 B
387 4743 463 4792 sopor
476 4729 535 4776 item
552 4728 576 4775 iu
592 4729 614 4776 is
627 4736 730 4792 torqueo
744 4727 766 4775 is
778 4725 857 4775 doceo
869 4724 937 4775 ibilis
949 4733 959 4774 t
1009 4725 1043 4775 30
1057 4726 1151 4790 proedo
1167 4725 1293 4791 praednns
1306 4725 1338 4788 ts
1348 4725 1443 4789 proedo

160 4797 285 4860 proedtms
309 4798 402 4847 additis
422 4798 507 4848 eodem
528 4813 601 4846 manu
618 4811 711 4847 cernuo
734 4810 843 4845 cernuus
861 4804 885 4846 et
900 4797 997 4846 reeetttt'
1010 4811 1083 4846 manu
1099 4796 1218 4861 praedico
1236 4795 1389 4861 ptuedieuus
1408 4795 1441 4847 u.

156 4867 268 4928 fortusse
288 4867 364 4915 ordeo
382 4868 486 4930 orduns,
506 4867 572 4933 quod
588 4876 627 4918 est
644 4867 714 4934 opud
727 4866 884 4918 emnam
895 4868 914 4920 t.
932 4865 976 4914 llll
990 4881 1020 4932 p.
1040 4865 1130 4929 13117
1182 4865 1214 4917 31
1235 4866 1267 4914 in
1281 4864 1339 4916 ulus
1353 4882 1400 4919 ont.
1420 4865 1443 4915 B
