3382 5498
686 370 922 435 communivit
985 428 991 437 ,
1381 365 1442 432 301

774 470 780 500 ⁹
1261 477 1420 532 post-aot

159 565 206 621 est
225 557 394 631 umbrosas,
423 560 577 639 significat.
621 561 798 639 metonymia
826 568 870 621 est
898 558 1041 637 quaedam
1069 558 1277 619 denominatio.
1321 565 1354 618 ut
1374 564 1444 638 puta

158 659 334 742 plerumque
362 680 378 722 a
406 659 496 722 rebus
525 660 744 722 continentibus
770 660 800 720 id
828 659 907 740 quod
929 660 1096 721 continetur
1118 659 1371 728 demonstramus,
1395 665 1446 720 θυι

158 760 197 825 ab
217 767 371 825 inventore
393 764 423 825 id
449 761 454 844 1
477 764 556 843 quod
585 765 733 823 inventum
764 770 809 824 est
835 762 1099 843 demonstramus„
1124 770 1157 822 ut
1184 769 1254 842 puta
1283 765 1336 821 ‘et
1364 761 1444 820 vina

158 872 362 927 coronant'
390 885 446 945 pro
470 885 505 926 eo
527 864 606 944 quod
630 873 674 926 cst
696 873 813 944 pateras
842 870 1000 925 coronant:
1031 881 1106 943 quae
1134 864 1288 924 continent
1313 861 1342 922 id
1365 860 1445 941 quod

21 975 25 980 '
132 969 326 1030 acontinetur
348 967 486 1029 ostendit.
529 985 545 1028 e
567 969 717 1029 contrario
739 966 796 1026 alio
817 964 883 1027 loco
905 969 1003 1045 posuit
1026 972 1138 1026 ‘nune
1159 971 1307 1045 pateras
1329 962 1445 1024 libate

133 1059 268 1131 dois':
296 1070 395 1131 vinum
424 1069 563 1140 libamus,
595 1088 654 1129 non
681 1076 813 1148 pateras;
841 1067 894 1129 sed
922 1067 958 1129 ab
988 1087 1023 1128 eo
1050 1066 1127 1147 qnod
1155 1069 1287 1127 continet
1313 1065 1343 1125 id
1365 1065 1444 1145 quod

158 1168 328 1232 continetur
343 1170 480 1232 ostendit.
497 1180 548 1232 aut
562 1169 598 1231 ab
613 1172 767 1232 inventore
782 1169 810 1230 id
827 1169 906 1249 quod
921 1171 1072 1230 inventurn
1088 1176 1142 1237 est,
1159 1178 1192 1229 ut
1203 1170 1301 1229 ‘sine
1312 1167 1446 1229 Cerere

159 1280 193 1333 et
220 1271 355 1333 Libero
382 1273 500 1351 friget
522 1274 670 1343 Venus',
698 1272 729 1332 id
756 1280 801 1333 est
831 1275 894 1333 sine
916 1290 994 1352 pano
1016 1281 1046 1331 et
1069 1272 1148 1330 vino:
1177 1279 1226 1331 aut
1248 1291 1263 1331 e
1286 1270 1444 1333 contrario.

72 1405 74 1409 ⁷
158 1373 254 1435 idest
1383 1383 1386 1395 '

122 1493 147 1532 1o
307 1477 430 1537 vinum
454 1495 660 1555 precemur,
685 1495 762 1537 naim
785 1476 844 1536 hic
867 1476 956 1536 dous
976 1492 1158 1554 praesens
1180 1473 1298 1535 adeste

158 1578 277 1647 einum,
289 1578 319 1638 id
342 1588 387 1638 est
407 1578 558 1640 Liberum.

241 1682 450 1742 Antonomasia
474 1689 503 1740 et
525 1679 676 1760 epitheton
698 1681 775 1758 tropi
798 1688 867 1739 sunt
888 1679 944 1739 sibi
967 1681 1063 1739 vicini.
1105 1696 1172 1740 nam
1196 1687 1225 1739 et
1246 1679 1446 1739 antonomasia

96 1805 103 1819 ·
160 1800 176 1842 a
204 1781 300 1843 tribus
327 1781 418 1843 rebus
444 1782 586 1852 trahitur,
616 1789 646 1841 et
673 1781 825 1862 epitheton
848 1799 864 1841 a
892 1779 987 1840 tribus
1009 1780 1100 1841 rebus
1122 1780 1262 1849 trahitm·,
1290 1779 1320 1839 id
1343 1785 1389 1840 est
1410 1777 1447 1840 ab

160 1885 272 1954 animo,
301 1903 317 1944 a
345 1900 485 1961 corpore,
515 1885 707 1942 extrinsecus.
753 1893 823 1961 puta
853 1881 940 1941 ‘felix
967 1883 1097 1942 heneas'
1127 1883 1331 1947 antonomasia
1359 1888 1405 1941 est
1431 1899 1447 1941 a

122 1985 292 2052 niortnna;
327 1985 353 2044 si
380 1984 462 2044 dicas
490 1987 713 2064 ‘magnanimus
741 1986 880 2054 heneas',
909 1985 1111 2044 antonomasia
1140 1990 1185 2044 est
1212 1982 1248 2042 ab
1276 1985 1389 2051 animo;
1423 1984 1448 2042 si

49 2117 57 2131 ·
159 2087 240 2149 dicas
267 2087 370 2146 ‘tortis
396 2088 541 2167 heneas’,
572 2087 775 2147 antonomasia
805 2096 849 2145 est
875 2105 892 2146 θ
921 2104 1057 2165 corpore.
1103 2103 1173 2164 ergo
1202 2086 1447 2146 antonomasiae

159 2188 253 2249 tribus
274 2186 366 2248 rebus
389 2187 529 2256 trahitur,
554 2188 590 2248 ab
612 2189 725 2258 animo,
750 2205 765 2247 θ
790 2205 928 2267 corpore,
953 2189 1147 2249 extrinsecus.
1193 2187 1344 2266 epitheton
1367 2187 1448 2247 simi·

160 2289 236 2350 liter.
269 2289 341 2367 quid
364 2307 435 2366 ergo
458 2291 514 2350 erit
535 2291 614 2350 inter
636 2291 859 2350 antonomasian
883 2298 912 2350 et
935 2289 1106 2369 epitheton?
1129 2288 1300 2369 dicitquod
1323 2297 1447 2362 antono-

159 2393 249 2452 masia
272 2393 335 2451 vioe
361 2388 499 2472 nolminis
527 2393 661 2471 ponitur,
692 2390 843 2471 epitheton
873 2410 940 2451 cum
963 2393 1083 2451 nomine
1106 2392 1234 2470 ponitur.
1279 2399 1350 2470 puta
1372 2391 1449 2470 siqui

122 2493 237 2554 andicat
265 2492 348 2553 verbi
375 2512 462 2554 causa
490 2498 578 2553 ‘ecce
606 2495 671 2573 pius
699 2494 780 2553 venit
806 2495 949 2563 iuvenis'‚
983 2500 1012 2552 et
1038 2489 1109 2551 velit
1134 2493 1301 2569 significare
1329 2495 1448 2553 Aenean

159 2593 284 2655 dicendo
308 2598 396 2655 ‘ecce
423 2597 490 2673 pius
517 2597 595 2656 venit
622 2597 764 2664 iuvenis’,
794 2593 882 2654 modo
905 2596 1107 2655 antonomasia
1131 2602 1190 2663 est;
1213 2595 1238 2653 si
1260 2593 1339 2655 dicat
1361 2595 1448 2654 ‘ecce

159 2699 224 2777 piu's
251 2697 330 2757 venit
357 2701 496 2766 heneas’,
525 2699 583 2758 iam
611 2715 671 2757 non
699 2707 743 2758 est
769 2699 987 2768 antonomasia,
1017 2695 1068 2757 sed
1098 2695 1258 2775 epitheton.
1304 2694 1376 2756 nihil
1406 2706 1449 2755 est

160 2801 238 2859 enim
262 2798 412 2879 epitheton
441 2799 499 2859 nisi
527 2801 727 2860 antonomasia
750 2801 849 2859 iuncta
873 2801 994 2860 nomini.
1039 2799 1096 2858 hoc
1117 2801 1245 2859 interest
1265 2798 1343 2859 inter
1365 2807 1448 2858 anto·

161 2901 313 2961 nomasian
338 2909 367 2961 et
389 2899 554 2980 epitheton,
579 2899 657 2978 quod
674 2902 874 2962 antonomasia
892 2902 954 2961 vice
976 2902 1105 2961 nominis
1127 2902 1272 2978 iungitur,
1297 2917 1343 2978 epr
1369 2893 1448 2959 leton

120 3019 230 3061 aarum
256 3021 323 3062 cnm
346 3005 411 3082 ipso
434 3004 554 3063 nomine
575 3003 704 3082 ponitur.
750 3004 814 3063 vice
842 3004 969 3062 troririnis
996 3003 1104 3081 posita,
1133 3002 1161 3061 id
1186 3009 1231 3060 est
1252 2999 1329 3070 sola,
1353 3002 1447 3080 ‘ipse

160 3103 296 3163 arduus
323 3102 471 3185 altaque
500 3103 624 3185 pulsat
651 3104 794 3164 sidera’
817 3121 836 3157 a
871 3115 902 3164 υι
924 3104 1022 3164 ‘dira
1045 3103 1234 3164 Celaeno':
1265 3121 1334 3162 ecce
1357 3103 1381 3161 si
1405 3102 1448 3160 di-

161 3214 243 3265 eeret
265 3205 329 3266 dira
351 3214 464 3267 tantum
487 3206 589 3276 modo,
614 3208 836 3266 antonomasian
859 3206 983 3273 laceret;
1007 3204 1132 3265 dicendo
1148 3204 1274 3265 Celaeno
1297 3204 1367 3263 lecit
1388 3205 1449 3283 epi·

161 3307 273 3369 theton.
303 3307 380 3367 ‘dia
396 3307 582 3368 Camilla’:
606 3310 632 3368 si
653 3309 710 3368 hoc
732 3307 825 3368 solum
849 3304 962 3367 diceret
984 3306 1046 3377 dia,
1070 3314 1149 3367 esset
1170 3307 1381 3367 antonomasia.
1413 3324 1448 3365 ex

161 3407 206 3468 his
234 3409 347 3470 duobus
376 3412 469 3488 tropis
498 3409 541 3470 vel
568 3408 720 3469 laudamus
747 3407 874 3488 aliquem
904 3408 948 3468 vel
980 3411 1189 3488 vituperamus.
1234 3406 1306 3468 nihil
1341 3409 1447 3470 verina.

122 3528 148 3568 ao
162 3510 256 3571 tribus
270 3510 358 3570 rebus
373 3511 501 3587 aliquem
521 3510 688 3580 laudamus,
712 3510 749 3572 ab
764 3512 877 3579 animo,
901 3530 916 3570 a
939 3529 1080 3590 corpore,
1105 3512 1300 3570 extrinsecus.
1330 3509 1448 3589 quando

161 3611 302 3673 Achillem
326 3611 492 3683 laudamus,
516 3632 639 3674 necesse
661 3612 804 3673 habemus
826 3610 947 3672 laudare
962 3615 1092 3674 animum
1107 3613 1213 3692 ipsiuS,
1237 3610 1358 3672 laudare
1381 3631 1447 3673 cor·
1485 3633 1488 3643 ·

72 3728 78 3744 ·
161 3732 234 3792 pus,
258 3714 378 3775 laudare
401 3714 559 3775 fortunam.
603 3732 673 3793 ergo
697 3715 742 3775 his
764 3715 857 3791 tropis
885 3714 980 3774 tribus
1003 3723 1052 3775 aut
1074 3712 1227 3774 laudamus
1249 3713 1376 3792 aliquem
1398 3724 1450 3776 θυι

162 3817 369 3898 vitulperamns
391 3814 436 3876 vel
458 3817 640 3877 ostendimus
662 3817 706 3877 rel
730 3835 870 3877 ornamus
893 3814 961 3896 [sed
984 3815 1147 3877 substantie
1169 3813 1253 3895 illis].

245 3918 437 3998 synecdoche
460 3917 568 3979 dicitnr
590 3920 763 3998 significatio
786 3918 940 3996 quaedam,
964 3937 1039 3998 quae
1061 3926 1111 3979 aut
1132 3919 1231 3978 minus
1246 3918 1316 3979 dicit
1339 3927 1368 3979 et
1383 3920 1449 3998 plus

122 4041 148 4079 aa
162 4020 306 4097 significat
327 4030 377 4080 aut
399 4019 464 4099 plus
487 4020 559 4096 dicit
580 4030 610 4081 et
632 4023 729 4082 minus
752 4022 904 4099 signifieat.
950 4019 1006 4080 hoc
1030 4020 1118 4080 habet
1146 4020 1346 4098 synecdoche,
1379 4029 1448 4100 puta

162 4125 398 4202 ‘puppesque
431 4129 514 4182 tuae
547 4121 735 4203 pubesque
768 4127 944 4184 tuorunr’.
996 4141 1066 4182 ecco
1099 4123 1196 4182 minus
1224 4122 1298 4183 dixit
1326 4132 1355 4181 et
1382 4122 1449 4201 plus

229 4291 377 4358 3etvina]
403 4292 807 4358 Ver9.Aen.1724.v11147
877 4290 990 4357 bunne]
1010 4294 1088 4356 Verp.
1108 4293 1173 4345 Aen.
1194 4292 1306 4342 1111133
1363 4293 1449 4341 'isiae

162 4362 240 4411 cirere
259 4365 293 4412 0:
314 4365 413 4413 Terent.
432 4363 545 4416 ΕυυυοΙι,
567 4363 611 4412 1111
630 4361 692 4423 5,6
742 4363 889 4425 8lrigltP
959 4362 991 4411 10
1008 4363 1094 4411 urinum
1114 4377 1246 4428 precamur
1264 4365 1304 4412 P:
1318 4363 1353 4424 ef.
1367 4361 1449 4411 Diem.

159 4446 185 4493 p.
205 4433 265 4493 458,
284 4434 327 4485 21),
343 4434 438 4484 Donat.
458 4450 485 4498 p.
503 4430 563 4491 400,
579 4433 610 4482 13
680 4434 714 4483 25
734 4433 759 4482 id
775 4428 824 4497 est]
846 4440 929 4496 potest
947 4431 998 4481 BS
1015 4433 1129 4496 potesC
1196 4430 1261 4498 ipse]
1286 4433 1365 4494 Verp.
1381 4432 1447 4483 Aen.

163 4502 193 4548 lll
211 4503 262 4552 619
332 4503 367 4553 26
385 4512 411 4551 nt
429 4519 477 4556 ont.
493 4502 521 4561 0,
537 4502 599 4551 add.
618 4516 647 4552 e:
664 4510 689 4551 et
707 4503 762 4551 dira
780 4503 868 4550 celeno
889 4501 944 4549 (lira
963 4502 1062 4550 camilla
1078 4503 1099 4551 si
1118 4502 1166 4550 hoc
1181 4501 1263 4551 solnm
1282 4501 1377 4550 diceret
1394 4502 1449 4549 dira

162 4581 228 4620 esset
245 4575 420 4622 aritonomasia
440 4576 470 4622 P.
493 4573 559 4620 inter
574 4572 636 4620 duos
657 4573 763 4636 Verpilii
778 4587 867 4620 uerene
888 4571 1000 4632 «testantia
1019 4570 1119 4632 epitheti
1138 4573 1266 4622 excidisse
1283 4571 1382 4619 videtur

163 4641 217 4689 dira
235 4644 321 4690 cele'no
340 4643 391 4690 RS
408 4645 464 4692 dira
478 4641 565 4691 celeno
584 4642 627 4690 diu
639 4642 693 4693 Cb.-
715 4642 793 4706 Verp,
811 4642 876 4691 Aen.
895 4641 928 4688 lll
947 4640 995 4689 att
1048 4642 1080 4690 27
1096 4642 1184 4690 celeno
1203 4642 1263 4689 iecit
1276 4640 1345 4688 nse
1362 4638 1448 4688 celeno

163 4713 203 4758 dia
221 4710 280 4760 lecit
297 4713 336 4761 Cb
422 4713 456 4762 28
473 4711 515 4761 dia
537 4711 639 4759 camilla
658 4727 673 4759 e
692 4710 753 4759 diua
771 4709 870 4759 cantilla
891 4707 979 4759 BOS:
1002 4711 1081 4774 Verp.
1097 4711 1162 4761 Aen.
1181 4710 1216 4758 Xl
1235 4711 1285 4759 1157
1375 4711 1450 4758 diae

163 4780 221 4829 aliun
239 4781 314 4832 Bos
384 4780 417 4834 33
435 4783 480 4832 ned
499 4781 639 4829 substantia
655 4781 705 4830 illis
719 4796 764 4831 om.
785 4781 842 4842 cl’,
862 4780 923 4829 odd.
938 4796 960 4838 e,
981 4789 1108 4842 expuncto
1125 4788 1182 4829 mut
1198 4782 1224 4828 in
1241 4779 1265 4828 B
1333 4778 1367 4830 36
1385 4794 1449 4845 pup-

163 4849 268 4916 pesque]
295 4855 373 4916 Verp.
392 4855 456 4902 Aen.
476 4854 483 4900 1
503 4848 555 4901 399

1182 4932 1249 4995 ao*
