3346 5498
526 352 725 415 uicturus
749 351 922 414 Paulsiul
947 352 1090 414 lll-lllll
1394 350 1456 414 607

1259 474 1281 514 p.
1295 462 1353 501 27³8.
1367 460 1430 503 391³.

167 549 213 601 est
235 542 294 602 tulo
316 542 401 621 quasi
424 560 440 600 a
462 540 591 600 themate
615 538 690 601 tulat
711 540 857 610 declinat,
886 542 978 601 ‘nisi
1007 541 1101 621 quod
1125 549 1184 602 tua
1207 538 1369 602 facultas
1392 559 1455 602 no-

167 644 225 705 bis
254 644 349 704 tulat
376 644 564 722 operam’:
599 650 698 703 vertor
725 650 755 703 et
783 660 886 703 verror
916 661 1019 704 versus
1045 662 1128 713 sum;
1157 646 1254 723 patior
1281 652 1310 705 et
1341 644 1455 724 pandor

165 763 270 826 passus
285 763 366 815 sum,
389 763 447 805 non
464 762 588 824 pansus:
612 743 762 823 Vergilius
784 746 924 823 ‘passis
947 744 1152 806 crinibus’:
1176 746 1292 826 explico
1314 747 1455 826 explicui,

165 850 235 928 quia
257 847 335 927 plico
357 844 466 926 plicui;
488 845 541 906 sed
563 847 668 907 Cicero
689 864 744 926 pro
766 846 864 907 'fullio
887 847 1095 926 explicavit
1116 849 1168 908 ait.

139 965 153 1003 s
250 949 292 1010 Dc
314 948 617 1028 plusquamperfecto.
648 951 678 1009 iu
694 950 811 1026 graecis
832 948 942 1011 verlris
955 967 1030 1027 quae
1053 951 1084 1009 in
1107 968 1133 1009 ω
1148 959 1257 1011 exeunt
1279 970 1366 1011 ourrre
1386 970 1454 1031 per·

166 1055 277 1114 fectum
300 1060 417 1131 tempus
439 1059 531 1111 mutat
553 1053 584 1111 in
607 1052 664 1111 frue
687 1071 708 1110 α
731 1052 762 1111 in
786 1069 837 1110 ειν
858 1058 889 1110 et
919 1052 990 1111 facit
1016 1049 1352 1131 plusquamperfectum,
1376 1054 1455 1133 quod

165 1153 208 1215 illi
231 1146 520 1232 ὑπερσυνιελικόν
540 1159 655 1213 vocant.
699 1154 850 1232 incapite
874 1171 957 1223 vero,
987 1155 1012 1213 si
1035 1154 1201 1232 perfectum
1223 1174 1241 1214 a
1263 1155 1355 1215 vocali
1379 1157 1454 1216 inci·
1499 1168 1505 1181 ·

164 1259 224 1336 pit,
249 1255 286 1316 ab
309 1255 413 1316 eadem
435 1253 529 1315 vocali
551 1261 583 1315 et
597 1254 920 1335 plusquamperfectum
936 1256 1060 1334 incipiat
1074 1273 1197 1316 necesse
1212 1265 1273 1326 est,
1297 1254 1455 1337 ἔφθαρκα

165 1352 371 1438 ἐφθάρκειν,
395 1357 513 1436 εἴρηκα
535 1352 697 1436 εἰρήκεινε
733 1359 759 1418 si
781 1375 852 1417 vero
874 1358 993 1418 initium
1016 1358 1141 1437 perfecti
1163 1376 1329 1420 consonans
1351 1360 1453 1429 fuerit,

126 1473 151 1513 1⁰
164 1467 235 1521 tunc
267 1451 551 1538 ὑπερσυντελικός
583 1456 620 1519 ab
652 1460 768 1520 adiecta
789 1459 847 1519 sibi
871 1459 964 1520 vocali
987 1459 1106 1538 incipit,
1129 1456 1295 1539 πεποίηκα
1318 1456 1453 1522 tasnat-

163 1557 276 1642 ήκειν,
304 1558 456 1640 γέγραφα
485 1554 699 1640 ἐγεγράφειν.
735 1579 789 1620 uec
817 1563 973 1622 inmerito:
1003 1560 1071 1621 bina
1094 1562 1174 1620 enim
1197 1567 1345 1641 tempora,
1371 1571 1454 1625 utet

163 1672 252 1742 sopra
275 1663 420 1731 (fiximus,
448 1660 592 1723 naturalis
617 1662 762 1742 quaedam
791 1664 928 1741 coguatio
956 1662 1121 1741 copularit,
1144 1680 1211 1723 cum
1234 1666 1383 1742 praesenti
1407 1668 1452 1726 iu-

163 1767 342 1846 perfcetum,
366 1782 435 1825 cum
456 1766 590 1843 perfecto
611 1765 950 1844 plusquamperfectum,
979 1782 1047 1823 cum
1070 1746 1180 1823 aoristo
1202 1763 1383 1827 Graecorum
1406 1768 1451 1828 fu·

164 1878 274 1929 turum.
319 1866 387 1927 ideo
415 1866 492 1946 apud
522 1866 591 1927 illos
618 1869 696 1928 siout
723 1868 886 1945 incipiente
914 1868 1065 1945 praesenti
1094 1885 1110 1927 a
1138 1866 1230 1929 vocali
1253 1869 1452 1948 inperfectum

126 1980 151 2022 ¹⁵
163 1969 300 2031 similiter
322 1988 339 2029 a
360 1967 455 2029 vocali
478 1969 596 2047 incipit,
624 1970 650 2028 si
678 1985 748 2029 vero
776 1985 958 2048 praesensa
984 1976 1164 2029 consonante
1192 1971 1308 2049 coepit,
1332 1970 1452 2031 additur

162 2071 329 2151 inperfecto
356 2070 479 2139 vocalis,
514 2067 852 2149 peripateticam,
880 2071 921 2130 ita
949 2076 980 2129 et
1006 2069 1331 2150 plusquamperfectum
1359 2072 1451 2134 simili

162 2173 370 2234 observatione
393 2172 429 2232 de
453 2173 540 2232 initio
561 2172 687 2251 perfecti
710 2170 826 2249 cognati
840 2168 900 2231 sibi
923 2170 1005 2249 leges
1020 2174 1158 2242 assumit,
1183 2168 1306 2252 e'xcepto
1321 2192 1357 2233 eo
1372 2175 1451 2253 quod

164 2275 283 2337 brevem
305 2293 393 2354 quam
421 2276 452 2334 iu
480 2273 629 2353 principio
650 2274 777 2353 perfecti
804 2274 940 2354 repperit
967 2290 1025 2333 oon
1048 2276 1194 2333 mutatio
1217 2274 1350 2353 longam,
1374 2277 1452 2337 sicut

162 2385 256 2439 mutat
276 2377 473 2456 inperfectum
497 2375 653 2454 decapite
681 2376 845 2455 praesentis
868 2381 1033 2454 acceptam,
1057 2367 1128 2453 ἄγω
1141 2362 1237 2455 ἦγον.
1282 2384 1349 2456 post
1370 2377 1449 2456 plus-

123 2481 417 2560 uquarnpertectum
444 2495 628 2557 consequens
660 2485 726 2538 erat
760 2485 795 2538 ut
827 2475 863 2536 de
897 2477 1012 2537 infinito
1046 2484 1193 2557 tempore,
1230 2478 1260 2539 id
1295 2486 1340 2539 est
1372 2476 1450 2558 περὶ

161 2576 335 2661 ἀορίστου,
359 2576 362 2655 l
386 2587 597 2649 tractaremus;
621 2579 672 2639 sed
688 2579 756 2639 idco
770 2580 1053 2658 praetermittimus,
1069 2579 1138 2656 quia
1154 2596 1190 2637 eo
1212 2578 1341 2642 latinitas
1357 2588 1448 2641 earet.

246 2683 288 2744 De
312 2684 421 2743 futuro.
464 2690 526 2742 tres
547 2688 617 2742 suut
639 2685 759 2743 omnino
781 2680 913 2760 syllabae
935 2698 1011 2759 quae
1034 2682 1064 2740 in
1087 2683 1204 2758 graecis
1226 2681 1326 2742 verbis
1348 2681 1449 2742 ficturo

161 2788 288 2864 tempori
318 2787 477 2845 terminum
507 2784 634 2845 faciunt:
664 2791 714 2844 aut
742 2784 822 2843 enim
851 2783 881 2842 in
910 2794 958 2842 σω
979 2783 1040 2842 erit
1069 2790 1119 2842 aut
1141 2784 1171 2842 in
1195 2778 1239 2855 ξω
1259 2791 1310 2843 aut
1331 2784 1361 2842 iu
1384 2790 1447 2861 ψω,

162 2882 296 2967 λαλήσω
320 2881 433 2966 πράξω
458 2882 591 2965 γράψω,
615 2887 673 2945 nisi
696 2884 774 2964 quod
803 2885 906 2963 quinta
934 2878 1133 2961 βαρυτόνων
1160 2892 1227 2945 ante
1257 2903 1282 2944 ω
1308 2884 1449 2965 liquidam

123 2999 148 3039 2⁵
162 3007 245 3048 suam
267 2991 386 3049 retinet.
431 2991 502 3049 item
525 3004 631 3065 graeca
653 2985 761 3055 verba,
784 2986 809 3045 si
832 2986 1039 3063 perispomena
1062 2986 1122 3045 sint
1144 2986 1355 3065 cuiuscumque
1377 3005 1447 3047 coo·

160 3092 335 3168 iugatiouis‚
366 3090 441 3151 ultra
471 3106 627 3149 numerum
654 3086 835 3166 syllabarum
863 3088 1030 3166 praesentis
1057 3095 1166 3164 augent
1188 3105 1246 3147 una
1267 3086 1380 3167 syllaba
1401 3089 1447 3149 fo·

160 3200 276 3262 turum,
299 3190 384 3252 ποιῶ
406 3186 549 3269 αοιήσω,
577 3188 660 3269 ιιμῶ
682 3181 826 3267 τιμήσω,
855 3183 946 3266 δηλῶ
968 3182 1120 3267 δηλῶσαι
1156 3187 1299 3268 barytooa
1321 3191 1352 3250 in
1375 3208 1447 3270 qua·

159 3313 285 3374 comque
313 3294 519 3369 coniugatione
547 3289 675 3351 eundem
698 3307 854 3349 numerum
877 3296 1009 3358 serrant,
1033 3285 1118 3367 λέγω
1143 3284 1245 3369 λέξω,
1268 3282 1339 3369 ἄγω
1364 3284 1446 3380 ήξισ,

160 3392 279 3474 ἐγείρω
306 3392 424 3472 ἐγερῶ,
447 3385 612 3473 ήνιοχεύω
637 3383 839 3471 ήνιογεύσω.
870 3392 901 3450 in
924 3392 1040 3469 graecis
1062 3391 1220 3471 latinisque
1235 3391 1335 3453 verbis
1356 3412 1446 3473 paen·

121 3509 146 3550 ao
160 3496 263 3556 ultima
285 3496 452 3574 praesentis
475 3501 573 3554 manet
594 3495 626 3552 iu
650 3493 765 3562 futuro,
789 3485 907 3571 ἀγαπῶ
930 3485 1106 3573 ἀγαπήσω,
1128 3511 1172 3571 γα
1193 3495 1318 3564 mansit;
1340 3495 1443 3575 θερα·

159 3592 251 3657 αεύω
276 3590 496 3675 θεραπεύσω,
525 3613 590 3656 σευ
613 3596 736 3665 mansit;
766 3596 863 3673 cogito
885 3594 1035 3673 cogitabo,
1058 3596 1089 3672 gi
1111 3596 1230 3656 mansit.
1274 3598 1300 3657 si
1322 3595 1446 3658 rerbunr

159 3697 321 3777 barytonon
350 3700 389 3758 sit
415 3697 529 3758 babens
557 3699 589 3757 in
616 3698 766 3776 praesenti
794 3690 981 3776 perdliofov
1007 3704 1075 3757 ante
1103 3716 1144 3775 or,
1173 3696 1203 3757 id
1230 3705 1276 3758 est
1302 3698 1445 3778 liquidam

158 3806 386 3869 consonantem,
416 3807 486 3860 tuuc
514 3799 711 3879 paenultima,
740 3815 816 3877 quae
844 3801 875 3859 iu
902 3801 1052 3879 praesenti
1081 3798 1168 3875 longa
1195 3799 1267 3869 fuit,
1291 3800 1324 3861 lit
1346 3799 1446 3862 brevis

158 3902 187 3962 in
210 3902 324 3969 futuro,
348 3896 465 3961 αλύνω
480 3899 611 3978 nivem,
634 3897 900 3979 posteaposted,
924 3895 1044 3978 ἐγείρω
1058 3896 1174 3978 ἐγερῶ.
1204 3899 1335 3962 diximus
1349 3903 1444 3983 peris·

119 4020 144 4059 ss
157 4021 282 4084 pomena
306 4020 415 4081 augere
440 4021 496 4063 una
519 4001 628 4082 syllaba
649 4003 798 4069 futurum,
821 4003 892 4080 quia
914 4002 1023 4063 crescit
1043 4000 1162 4071 irltima,
1185 4001 1275 4080 φιλῶ
1298 3997 1444 4082 φιλήσω,

157 4104 241 4165 νικῶ
263 4097 404 4184 νικήσω,
428 4103 583 4183 στεφανῶ
606 4098 825 4181 στεφανῶσω.
856 4103 909 4164 sed
932 4122 992 4165 non
1012 4120 1131 4182 semper
1152 4102 1209 4164 sub
1231 4102 1335 4165 eadem
1358 4121 1442 4184 prae-

157 4206 289 4267 cedentis
317 4205 433 4266 litterae
462 4207 669 4269 observatione
697 4204 829 4266 succedit
857 4204 995 4266 adiectio.
1039 4221 1109 4265 narn
1130 4206 1162 4265 in
1185 4206 1281 4284 prima
1303 4205 1442 4283 coniuga-

156 4412 216 4461 tollo
239 4410 344 4473 sustuli,
370 4410 450 4460 allero
467 4410 539 4461 attuli
562 4420 587 4460 et
607 4408 695 4460 attollo
714 4408 801 4462 attoli:
825 4408 860 4471 cs.
879 4408 959 4458 mon.
975 4423 1004 4473 ρ.
1020 4408 1082 4471 372,
1101 4412 1128 4462 4.
1146 4407 1208 4469 380,
1228 4409 1270 4461 11.
1296 4407 1395 4461 otone.
1413 4424 1443 4473 p.

155 4483 215 4541 247,
234 4482 277 4534 27.
293 4481 373 4534 Prob.
389 4479 455 4534 calb.
472 4498 499 4546 p.
517 4479 560 4539 ab,
578 4481 604 4533 5.
623 4479 741 4531 Percu.
760 4477 935 4541 Vitiatio,
952 4479 1002 4529 71.
1022 4478 1167 4544 xpeto,
1185 4479 1218 4531 14
1268 4478 1347 4530 ltuli
1365 4477 1445 4528 decli-

157 4561 199 4601 nat
219 4551 243 4601 P
294 4552 344 4602 nisi
364 4549 424 4613 quid
442 4549 551 4601 facultas
567 4560 610 4599 tua
627 4550 691 4600 tulat
709 4549 781 4600 nobis
794 4562 869 4613 opero
888 4547 993 4600 aoniae
1007 4557 1078 4615 poet.
1098 4552 1143 4600 tat.
1158 4564 1228 4600 acen.
1245 4548 1339 4613 frapm.
1353 4563 1380 4612 p.
1394 4548 1444 4599 172

155 4622 205 4670 nisi
225 4621 285 4684 qnid
300 4629 344 4670 tua
357 4619 464 4670 facrrltas
481 4621 555 4670 nobis
571 4619 634 4671 tulat
651 4634 666 4669 o
686 4633 726 4668 ero
744 4619 794 4668 cito
812 4617 963 4670 autnon
980 4627 1050 4685 trop.
1069 4621 1117 4674 lot.
1136 4620 1186 4672 rel.
1203 4636 1231 4683 p.
1252 4620 1302 4671 leo
1344 4618 1360 4669 3
1379 4620 1440 4668 Ver·

155 4689 243 4758 gilius]
264 4690 329 4742 Aen.
348 4690 357 4739 l
376 4689 436 4743 480.
458 4689 545 4741 11403
631 4635 751 4740 illicere
769 4702 815 4754 pro
833 4685 928 4755 Tullio]
949 4690 1031 4741 Diem.
1048 4704 1077 4753 ρ.
1094 4688 1158 4751 372,
1176 4690 1208 4741 ’21
1280 4686 1313 4740 10
1327 4689 1443 4755 ypersin-

155 4761 263 4810 rheticus
282 4761 306 4809 P
371 4761 426 4879 Pld
442 4756 582 4826 ἔφθειρον
598 4761 703 4811 contadi
719 4758 865 4825 Ορωροαιι
881 4756 1020 4826 rupicosa
1035 4758 1061 4811 P
1143 4758 1178 4813 34
1198 4757 1304 4827 γραίνω
1317 4754 1410 4825 χρανῶ
1426 4773 1444 4823 ρ

155 4845 247 4895 povres
260 4846 352 4897 γρννω
