3346 5498
122 378 165 444 64
681 381 856 444 euuuuuu

148 488 315 544 emen

105 577 242 649 -reptnm
269 577 391 638 exeunt,
420 576 452 628 ut
480 568 589 629 nobilis
611 567 766 639 nobiliter,
796 568 864 629 lelix
889 568 1029 637 feliciter,
1054 576 1084 628 et
1105 578 1319 646 conparantur,
1344 571 1413 647 quia

123 671 296 752 appellativa
324 679 402 732 sunt.
447 690 464 731 o
492 690 568 752 quae
595 671 801 750 producuntur
828 690 845 731 a
873 668 1042 731 masculinis
1058 667 1219 750 veniunt}
1249 678 1279 731 et
1308 670 1414 731 melius

122 776 203 834 iuxta
231 772 362 852 regulam
392 775 421 834 in
451 793 467 835 e
496 773 651 842 caderent,
683 781 715 832 nt
736 772 823 844 false,
847 775 923 834 sicut
946 773 1041 833 docte.
1086 769 1137 832 sed
1161 773 1320 833 auctoritas
1342 774 1414 832 ino

123 877 260 945 mutavit,
285 883 318 936 ut
340 874 453 936 ‘salso
476 877 649 956 queritur
672 873 716 934 de
745 882 877 936 natura
901 893 962 935 sua
985 892 1099 952 genus
1122 874 1348 936 humanum’.
1386 883 1415 935 et

122 979 185 1057 ipsa
212 978 267 1037 ista
295 977 487 1057 producenda
518 984 595 1040 sunt.
640 978 744 1038 modo:
777 975 844 1036 ideo
872 975 929 1035 hoc
958 973 1131 1036 adverbium
1159 984 1333 1056 correptum
1360 984 1440 1045 esto

123 1080 261 1159 quoniam
292 1099 351 1140 non
382 1079 537 1141 descendit
564 1078 600 1140 ab
624 1097 659 1139 eo
683 1080 820 1148 nornine.
843 1078 923 1140 unde
952 1077 1106 1139 descendit
1134 1086 1164 1139 et
1191 1076 1279 1147 laiso,
1302 1085 1336 1138 ut
1358 1081 1415 1139 ‘tu

123 1164 228 1242 modo
251 1200 364 1260 posce
388 1181 480 1242 deos
503 1183 673 1242 veninm’.
720 1200 788 1242 nam
816 1181 958 1241 continuo
985 1180 1055 1241 inde
1082 1178 1273 1259 producitur,
1297 1178 1376 1259 quod
1400 1199 1415 1240 a

124 1285 243 1344 nomine
266 1285 359 1354 venit,
382 1291 416 1344 ut
437 1284 507 1344 huic
528 1285 685 1353 continuo,
709 1284 848 1342 continue
872 1282 941 1342 lacit
964 1281 1149 1351 adverbium,
1174 1281 1262 1362 quod,
1282 1271 1320 1342 ‘ut
1342 1282 1416 1342 dixi-

123 1405 204 1454 mus,
233 1404 249 1445 e
275 1386 305 1445 in
334 1405 351 1445 o
380 1388 541 1447 auctoritas
568 1387 724 1447 convertit.
769 1387 828 1445 cito
856 1382 1058 1464 quaerendum
1094 1393 1138 1445 est
1165 1403 1219 1444 cur
1246 1382 1336 1444 breve
1369 1385 1416 1444 sit.

125 1489 265 1568 quoniam
281 1488 525 1566 significationem
542 1507 600 1549 non
617 1488 816 1558 servandum
832 1485 962 1547 lleetitur
977 1489 1007 1547 in
1026 1484 1210 1547 adverbium.
1242 1505 1310 1548 nam
1326 1485 1417 1547 lalsus
1429 1502 1454 1540 ιι

124 1598 221 1670 potest
253 1596 283 1650 et
316 1587 387 1650 lalso
421 1591 519 1650 iacere
549 1601 578 1651 et
605 1591 692 1659 lalse,
722 1590 879 1650 continuus
906 1596 1005 1668 potest
1033 1597 1063 1648 et
1092 1590 1231 1649 continuo
1259 1588 1360 1649 lacere
1388 1596 1418 1647 et

124 1693 280 1760 continue;
318 1693 395 1752 citus
431 1700 529 1752 autem
567 1711 626 1753 non
664 1693 733 1753 lacit
770 1692 842 1760 cite,
877 1690 929 1751 sed
966 1692 1041 1759 cito,
1077 1689 1156 1750 unde
1193 1709 1210 1750 o
1247 1696 1416 1769 correptam

123 1793 226 1862 babet,
252 1801 284 1853 ut

276 1903 313 1953 et
334 1896 410 1956 cito
436 1893 439 1976 1
464 1904 639 1975 rapturus
662 1895 704 1956 dc
726 1894 928 1956 nobilitate
951 1912 1106 1954 comesa.

126 2006 170 2058 est
192 1996 246 2057 alia
270 1995 381 2074 regula,
405 1996 485 2058 unde
508 1998 605 2059 brevis
627 1999 664 2057 sit
687 1999 754 2067 cito,
772 1998 840 2075 quia
863 1998 1102 2076 conparationem
1125 1996 1232 2075 recipit
1253 1994 1298 2076 [et
1319 1994 1416 2076 dupli·
1431 2012 1455 2053 u

124 2107 171 2161 cat
193 2095 389 2182 adverbium],
413 2100 492 2179 quod
516 2102 657 2161 continuo
680 2108 709 2159 et
731 2098 804 2159 laiso
828 2097 924 2159 lacere
947 2117 1007 2158 non
1027 2106 1160 2174 possunt.
1196 2105 1295 2177 potest
1317 2097 1417 2159 lacere

124 2203 355 2281 conparativum.
387 2221 454 2261 nam
477 2204 530 2263 ista
553 2201 692 2262 adverbia
715 2201 783 2262 ideo
807 2203 837 2261 in
860 2220 878 2261 o
901 2208 1024 2270 exeunt,
1049 2203 1116 2281 quia
1138 2199 1272 2261 anomala
1294 2201 1415 2260 suntin

124 2305 348 2383 conparatione,
372 2303 421 2363 illa
446 2322 515 2364 vero
537 2304 605 2364 ideo
627 2306 656 2362 in
681 2323 711 2373 e,
741 2305 807 2384 quia
830 2304 1057 2383 conparationes
1079 2301 1224 2380 legitimas
1246 2310 1372 2362 servant

1432 1867 1448 1895 ἱ

207 2421 353 2484 Aduerbio
375 2423 455 2501 ipsa,
480 2441 557 2502 quae¹
573 2431 655 2482 extra
678 2421 811 2502 exempla
833 2421 970 2483 lectionis
992 2421 1080 2482 huius
1101 2424 1303 2501 reperiuntur,
1327 2441 1417 2483 sensu

124 2522 290 2602 colligenda
311 2532 395 2593 sunt,
420 2532 451 2583 ut
474 2523 735 2603 deprehendantur
758 2527 841 2584 cuius
856 2525 915 2585 sint
934 2525 1164 2602 significationis.
1193 2526 1237 2586 sic
1257 2523 1416 2586 dicendum
1429 2538 1456 2579 eo

125 2634 170 2687 est
192 2627 290 2686 ‘intus
312 2629 405 2695 sum',
430 2621 519 2687 ‘loris
534 2630 628 2696 sum',
652 2625 748 2686 ‘loras
763 2625 864 2695 vado',
889 2628 987 2686 ‘intro
1002 2624 1104 2694 vado',
1129 2624 1189 2685 ‘ibi
1210 2631 1303 2696 sum',
1328 2625 1418 2687 ‘illue

124 2727 225 2788 vado'.
273 2727 328 2787 ‘de
351 2729 451 2788 intus'
482 2735 511 2788 et
539 2728 594 2788 ‘dc
617 2729 689 2789 loris
711 2729 814 2787 venio'
839 2747 897 2788 non
919 2745 1078 2807 possumus
1102 2726 1216 2798 dicere,
1240 2731 1308 2808 quia
1330 2746 1418 2807 prae·

124 2831 231 2908 positio
254 2828 400 2890 adverbiis
422 2847 583 2908 numquam
607 2831 748 2906 iungitur.
779 2849 849 2889 sane
871 2829 1024 2890 sciendum
1048 2829 1126 2908 quod
1150 2848 1209 2913 non
1232 2828 1341 2890 dicitur
1363 2828 1418 2889 ‘de

125 2933 214 2991 domo
233 2933 346 3000 venio',
372 2938 404 2990 ut
425 2931 583 2991 Terentius
603 2931 725 2991 ‘domo
748 2950 801 2992 me
825 2933 1001 3007 eripuit’3
1025 2925 1029 3011 Ι
1054 2931 1099 2991 vel
1122 2939 1193 2992 tunc
1215 2932 1341 2992 dicimus
1364 2929 1418 2991 ‘de

125 3033 213 3093 domo
237 3035 350 3103 venio',
376 3034 494 3113 quando
516 3052 681 3113 pronomen
704 3031 832 3101 additur,
856 3039 888 3093 ut
911 3032 968 3092 ‘de
984 3032 1071 3092 domo
1086 3051 1151 3093 mea
1169 3035 1270 3093 venio'
1293 3031 1338 3094 vel
1361 3031 1454 3092 ‘deae

124 3136 212 3196 domo
236 3140 313 3195 tua'.
341 3170 375 3179 -
400 3135 506 3195 Omnia
528 3133 681 3204 adverbia,
712 3154 787 3215 quae
814 3133 852 3194 ab
874 3133 1120 3213 appellationibus
1143 3135 1328 3196 descendunt
1351 3143 1419 3195 ete

125 3238 222 3299 littera
254 3239 464 3307 terminantur,
493 3237 638 3316 producto
668 3245 790 3297 accentu
813 3235 1030 3316 pronuntianda
1052 3244 1135 3306 sunt,
1160 3244 1193 3297 ut
1213 3239 1310 3315 prime
1332 3234 1419 3296 docte

125 3347 154 3399 et
176 3317 284 3399 cetera.
329 3358 400 3400 sane
422 3342 477 3400 ista
498 3341 555 3399 tria
578 3336 798 3423 corrillpienda,
827 3337 903 3398 bene
926 3337 1002 3398 male
1025 3357 1147 3416 magne;
1175 3334 1311 3405 anomala
1332 3355 1418 3416 repe-

126 3443 251 3502 riuntur.
291 3439 363 3500 lalso
387 3450 416 3501 et
438 3459 546 3519 magno
570 3450 599 3502 et
621 3444 739 3502 nomina
764 3449 794 3500 et
815 3439 953 3500 adverbia
975 3449 1051 3500 sunt.
1092 3440 1143 3500 sed
1167 3439 1286 3520 quando
1308 3440 1419 3519 signifi·

125 3543 271 3603 cationem
302 3545 455 3602 nominum
483 3542 626 3621 perdunt,
655 3545 685 3603 in
714 3540 852 3603 adverbia
880 3549 1043 3602 transeunt.
1069 3576 1103 3584 -
1136 3541 1228 3602 Roma
1251 3544 1275 3601 si
1299 3560 1358 3601 non
1381 3541 1455 3601 siteo

127 3662 250 3711 nomen,
274 3643 326 3702 sed
350 3646 412 3704 vice
436 3643 492 3703 loci
516 3647 568 3712 sit,
592 3643 765 3704 adverbium
782 3653 840 3712 est,
863 3652 896 3703 ut
910 3643 1002 3704 Roma
1019 3646 1118 3703 venio:
1144 3641 1326 3712 adverbium,
1351 3644 1419 3723 quia

127 3744 225 3804 locum
259 3745 417 3821 significat,
454 3744 532 3804 unde
565 3749 691 3806 veneris.
736 3747 856 3806 nomina
893 3747 1052 3806 civitatium
1089 3745 1206 3824 quando
1243 3745 1419 3822 significant,

128 3845 223 3906 locum
243 3864 302 3905 non
321 3845 533 3910 demonstrant.
551 3842 555 3924 Ι
574 3866 641 3907 narn
666 3848 691 3907 si
712 3847 810 3907 locum
833 3847 1052 3914 demonstrant,
1077 3846 1215 3908 adverbia
1238 3846 1364 3918 iaciunt,
1388 3852 1422 3906 ut

196 4085 513 4138 Cod.Bern.x13—5.
601 4087 763 4148 lqnueritur
833 4086 938 4134 bmodo
958 4101 1003 4136 om.
1074 4084 1311 4136 bdescendunteb
1330 4101 1361 4136 eo

130 4155 344 4206 tornamento
419 4156 449 4205 12
467 4156 574 4207 circem.
648 4156 679 4205 lb
701 4152 760 4220 elia]
851 4170 948 4206 arorr.
968 4155 1150 4205 recenrinrnnu
1168 4171 1218 4205 uua
1288 4155 1357 4224 quia]
1377 4159 1419 4221 qui

199 4227 230 4275 lt'v
250 4234 356 4288 praesunt
374 4241 420 4278 nm.
494 4225 525 4273 19
539 4235 611 4273 extra
628 4227 757 4289 extemplo
812 4226 990 4290 repperiuntur
1060 4226 1093 4274 20
1111 4226 1351 4291 depraehendautur

127 4298 157 4346 21
180 4292 260 4361 loros]
281 4295 344 4344 loris
399 4295 561 4356 ‘zierilvel
633 4294 885 4359 26uppeletionibus
954 4296 987 4343 27
1007 4295 1104 4360 primae
1176 4297 1208 4346 28
1229 4295 1420 4362 melemegnee

195 4366 373 4430 repperiuntur
443 4363 476 4412 29
497 4365 562 4414 luiso
633 4364 665 4415 31
688 4366 762 4414 uenio
786 4366 879 4427 oquin
897 4365 980 4413 locum
1004 4365 1132 4429 significet
1150 4366 1299 4415 eduerbium
1317 4367 1420 4429 quidem

129 4435 318 4487 monstretunde
342 4436 444 4484 ueneris
508 4430 564 4484 '3⁸2
589 4435 715 4501 significet
739 4435 823 4483 locum
846 4449 896 4484 non
923 4437 1080 4484 demonstret
1167 4435 1201 4486 33
1219 4435 1316 4485 iaciunt
1334 4438 1360 4485 in
1378 4453 1420 4486 ere

128 4507 260 4558 eteeiussit
1229 4529 1230 4532 ¹

130 4645 431 4656 n——————··

198 4726 501 4796 nfats0]Sau.1up.1
588 4726 649 4777 dtu
670 4725 754 4794 modo]
782 4730 860 4793 Vrrp.
880 4728 946 4782 Aea.
967 4729 1010 4778 llll
1031 4727 1065 4777 50
1153 4727 1185 4778 14
1207 4736 1232 4776 et
1251 4724 1311 4793 cito]
1331 4726 1421 4778 Irroen.

128 4809 176 4850 rat.
198 4803 217 4860 l,
239 4801 273 4852 34
344 4801 377 4849 24
395 4793 536 4861 Terentius]
561 4797 670 4860 Adelph.
691 4800 710 4847 ll
732 4800 761 4853 l,
780 4801 813 4848 41
883 4800 917 4849 28
939 4794 1040 4864 magne]
1070 4811 1143 4862 mage
1162 4797 1303 4851 Prrtscdr'ua.
1328 4813 1420 4864 magne

128 4872 201 4922 etiam
218 4887 297 4935 cupra
317 4869 360 4933 63,
382 4868 414 4920 te
429 4871 454 4919 ιἰι
471 4869 556 4918 codice
570 4875 609 4918 ert
