3346 5498
176 378 240 445 434
738 386 887 449 l’llOCdld

202 503 223 543 ρ.
237 491 281 532 aar.
295 489 355 531 nc
1263 508 1286 550 ρ.
1300 495 1362 538 xus
1377 494 1443 541 ree.

177 571 256 633 nubo
288 573 390 650 nupsi,
424 571 522 651 scalpo
554 573 676 652 scalpsi,
711 592 783 653 repo
811 575 904 654 repsi,
939 594 1027 654 serpo
1054 578 1164 655 serpsi,
1199 575 1303 655 sculpo
1338 574 1470 658 scxrlpsi.

177 680 297 753 praeter
319 673 392 733 baec
414 692 506 753 pauca
528 684 611 744 sunt,
634 695 710 755 quac
728 695 791 761 non
819 676 922 737 eadem
944 679 1131 738 extremitate
1153 678 1297 739 [iniuntur
1319 681 1353 740 in
1376 696 1469 759 prae·

177 777 267 845 senti,
296 778 492 854 praeteritum
520 784 618 838 tamen
647 780 677 838 in
707 780 732 838 si
762 777 903 857 syllabam
928 780 1063 850 mittunt,
1092 798 1199 860 spargo
1221 781 1334 859 sparsi,
1360 796 1470 859 mergo

176 879 281 947 mersi,
311 884 395 955 tergo
421 880 509 960 tersi,
540 880 624 940 mitto
652 882 734 950 misi,
763 898 817 940 uro
839 883 916 951 ussi,
945 888 1101 943 contemno
1122 882 1300 962 contempsi,
1323 880 1469 945 concutio

176 981 326 1049 concussi,
355 997 427 1057 gero
454 981 547 1057 gessi,
575 988 606 1041 et
633 983 717 1062 siqua
744 1002 779 1043 ex
801 983 848 1043 his
875 984 906 1046 in
932 985 1123 1063 compositam
1146 985 1269 1062 liguram
1292 989 1495 1045 transeunts

175 1085 207 1145 iu
229 1083 259 1143 xi
282 1080 422 1160 syllabam
450 1082 480 1143 in
508 1085 669 1162 praeterito
696 1085 834 1145 desinunt
855 1085 946 1146 verba
967 1104 1043 1165 quae
1064 1087 1096 1148 iu
1118 1085 1266 1166 praesenti
1287 1102 1325 1163 go
1349 1084 1469 1165 syllaba

176 1184 389 1253 terminantur,
414 1192 446 1245 ut
467 1167 553 1263 cingo
575 1187 668 1256 cinxi,
692 1188 781 1266 pingo
802 1188 898 1266 pinxi,
921 1205 995 1265 sugo
1017 1189 1098 1258 suxi,
1122 1187 1220 1265 affligo
1242 1185 1344 1256 afflixi,
1369 1204 1468 1267 pergo

166 1287 311 1369 perrexi,
334 1302 406 1363 rego
429 1287 507 1356 rexi,
531 1287 621 1365 diligo
642 1287 746 1358 dilexi,
775 1289 914 1371 intellego
936 1289 1078 1350 intellexi.
1103 1286 1118 1371 ll
1140 1289 1327 1368 excipiuntur
1351 1289 1411 1350 tria
1433 1289 1468 1351 in

177 1390 201 1449 si
223 1389 403 1457 desinentia,
426 1407 501 1467 quae
523 1390 555 1448 in
570 1390 775 1468 superioribus
789 1392 969 1459 notavimus,
993 1399 1023 1451 et
1044 1391 1101 1451 alia
1124 1397 1279 1471 quattuor,
1301 1408 1382 1470 quae
1403 1409 1468 1453 non

176 1493 208 1554 in
231 1491 273 1560 xi,
297 1490 401 1550 sedin
424 1492 455 1567 gi
477 1490 619 1569 syllabam
642 1493 762 1553 mittunt
781 1485 992 1572 praeteritum,
1016 1501 1104 1571 tango
1127 1493 1225 1570 tetigi,
1248 1493 1357 1571 frango
1371 1494 1464 1572 fregi,
1478 1515 1503 1556 n

176 1593 243 1669 lego
265 1592 337 1669 legi,
361 1607 415 1668 ago
438 1594 500 1669 egi;
524 1600 553 1652 et
575 1595 658 1672 siqua
680 1612 716 1654 cx
738 1594 785 1655 bis
806 1602 1038 1674 componuntur,
1061 1594 1241 1674 simplicium
1264 1595 1393 1656 formam
1416 1614 1467 1658 se·

176 1700 294 1755 cuntur.
338 1692 385 1752 bis
408 1693 501 1753 similo
525 1702 569 1754 est
590 1697 738 1775 impingo,
769 1697 848 1776 quod
870 1698 980 1776 impegi
1001 1697 1072 1757 lacit
1093 1696 1296 1775 praeteritum.
1340 1704 1467 1776 praeter

176 1797 248 1856 baec
271 1796 302 1855 iu
324 1795 353 1854 xi
375 1796 496 1855 nrittunt
517 1800 711 1875 praeteritum
732 1801 797 1859 viro
812 1800 887 1869 vixi,
911 1817 1004 1878 coquo
1025 1799 1106 1868 coxi,
1129 1799 1206 1857 meio
1227 1798 1334 1868 minxi,
1359 1798 1467 1860 inlicio

175 1898 281 1967 inlexi,
311 1897 421 1975 aspicio
449 1899 565 1977 aspexi,
593 1899 680 1960 flecto
707 1902 792 1971 flexi,
820 1879 908 1961 duco,
922 1901 1009 1981 duxi,
1043 1900 1117 1960 veho
1144 1902 1225 1969 vesi,
1259 1899 1345 1960 traho
1374 1901 1467 1962 traxi.

176 2007 246 2059 sunt
271 2000 376 2059 tertiae
405 1999 619 2078 coniugationis
642 2002 731 2063 verba
753 2022 828 2083 qnae
851 2004 976 2081 primam
999 2001 1141 2081 syllabam
1164 2004 1196 2062 in
1218 2003 1383 2081 praeterito
1406 2001 1503 2066 du-re

175 2101 301 2180 plicant,
325 2119 400 2180 quae
423 2101 520 2169 omnia
544 2102 676 2165 subiecta
699 2112 781 2173 sunt,
807 2113 894 2182 tango
910 2105 1009 2181 tetigi,
1032 2103 1109 2183 pello
1130 2103 1246 2184 pepuli,
1269 2104 1339 2164 fallo
1354 2104 1464 2175 fefelli,

175 2202 272 2282 pendo
304 2201 449 2281 pependi,
485 2204 573 2264 tendo
606 2207 734 2275 tetendi,
766 2224 865 2284 pungo
897 2207 1009 2285 pupugi
1044 2204 1106 2281 (sed
1134 2194 1176 2265 et¹
1191 2206 1283 2283 punxi
1310 2203 1463 2287 dicimus),

175 2305 267 2365 tundo
289 2304 399 2374 tutudi,
424 2305 496 2365 cado
517 2306 629 2375 cecidi,
653 2308 743 2368 caedo
765 2308 874 2378 cecidi,
898 2310 982 2386 pario
996 2309 1113 2386 peperi,
1131 2303 1135 2371 l
1153 2325 1226 2367 cano
1248 2309 1356 2377 cecini,
1380 2308 1466 2369 disco

175 2406 280 2475 didici,
304 2424 394 2485 posco
416 2409 552 2485 poposci,
575 2426 665 2486 parco
687 2412 808 2488 peperci
833 2407 914 2486 (lacit
936 2417 966 2469 et
988 2407 1096 2489 parsi),
1120 2426 1208 2468 curro
1230 2411 1361 2477 cucurri,
1384 2409 1464 2489 pedo

176 2509 292 2589 pepedi.
337 2508 409 2568 baec
442 2507 587 2568 adiunctis
620 2501 891 2591 praepositionibus
925 2530 984 2570 non
1017 2511 1120 2571 eodem
1156 2510 1244 2569 modo
1279 2510 1501 2589 proferendam

176 2618 257 2672 sunt:
281 2628 349 2671 nam
372 2609 553 2688 duplicatam
581 2612 613 2670 in
635 2611 762 2690 simplici
784 2613 878 2689 figura
900 2611 1042 2691 syllabam
1065 2615 1096 2672 in
1119 2613 1281 2690 composita
1303 2613 1463 2676 amittunt:

176 2714 303 2774 dicimus
319 2715 399 2772 enim
422 2712 472 2781 sic,
497 2713 630 2790 expendo
653 2713 790 2792 expendi,
814 2714 942 2774 decurro
964 2714 1093 2783 decurri,
1116 2713 1219 2773 refello
1241 2713 1356 2783 refelli,
1379 2733 1463 2776 com·

175 2815 252 2895 pello
274 2813 416 2892 compuli,
440 2813 564 2873 concido
587 2816 713 2876 concidi.
751 2816 803 2875 sed
826 2834 862 2874 ex
884 2816 931 2875 bis
952 2815 1010 2875 duo
1032 2816 1094 2876 sola
1116 2814 1387 2895 praepositionibus
1409 2817 1463 2878 ad·

174 2918 259 2978 nexis
280 2918 312 2976 in
334 2933 388 2975 suo
411 2922 488 2975 statu
511 2924 645 2987 manent,
669 2918 751 2978 disco
774 2925 804 2977 et
825 2936 929 2996 posco:
959 2917 1089 2978 dedidici
1116 2919 1225 2977 etenim
1248 2924 1278 2976 et
1299 2916 1463 2997 depoposci

175 3020 287 3080 faciunt
315 3019 517 3097 praeteritum.
562 3037 636 3079 cano
658 3026 755 3080 autem
783 3025 920 3079 neutram
941 3018 1074 3096 regulam
1096 3020 1244 3098 sequitur:
1269 3020 1408 3081 concinui
1432 3028 1501 3082 etse

175 3122 309 3182 succindi
338 3120 474 3180 dicimus.
518 3123 680 3200 composita
708 3128 777 3180 sunt
802 3122 833 3180 in
861 3121 964 3180 eadem
993 3122 1201 3198 coniugatione
1229 3138 1304 3199 qnae
1333 3124 1462 3183 norissi-

116 3297 121 3304 ,
174 3241 252 3284 mam
274 3222 418 3302 syllabam
440 3225 593 3300 geminant
614 3225 646 3282 in
667 3224 843 3302 praeterite,
869 3222 917 3282 illa
933 3221 1070 3282 videlieet
1085 3239 1160 3301 ‹yuae
1183 3241 1199 3282 a
1221 3221 1259 3281 do
1281 3221 1373 3282 verbo
1395 3226 1463 3302 pri·

175 3344 239 3385 mae
256 3325 474 3401 coniugatiouis
488 3332 720 3404 componuntur,
744 3326 838 3384 condo
854 3324 987 3391 condidi,
1011 3324 1103 3384 reddo
1126 3324 1256 3394 reddidi,
1280 3325 1375 3404 perdo
1389 3344 1461 3405 per-

175 3427 250 3496 didi,
274 3427 359 3487 trado
382 3425 505 3496 tradidi,
529 3426 624 3488 subdo
646 3426 780 3495 subdidi,
804 3425 897 3504 prodo
919 3425 1051 3504 prodidi,
1076 3425 1150 3486 addo
1173 3426 1283 3495 addidi,
1306 3425 1384 3487 abdo
1407 3427 1462 3489 ab·

175 3529 247 3589 didi.
292 3526 430 3588 similiter
452 3531 646 3608 proferuntur
669 3528 759 3588 eredo
782 3527 912 3596 credidi,
937 3528 1030 3588 vendo
1053 3527 1182 3588 vendidi.
1474 3549 1501 3592 so

244 3713 278 3765 20
296 3715 359 3764 baec
376 3715 504 3765 adiunctis
522 3714 752 3781 praepositionibus
767 3714 842 3768 Cbar.
861 3713 920 3778 256,
933 3713 967 3764 16

243 3887 382 3936 2eandem
397 3888 422 3936 P
472 3886 488 3937 3
507 3901 600 3951 spargo
614 3899 702 3950 mergo
721 3886 797 3934 mersi
815 3893 886 3952 tergo
905 3887 926 3936 si
945 3887 1016 3935 mitto
1026 3902 1045 3950 g
1061 3900 1155 3950 spargo
1175 3885 1258 3950 sparsi
1275 3898 1363 3950 mergo
1382 3887 1463 3937 mersi

175 3957 247 4006 mitto
263 3957 308 4013 rs
327 3971 422 4021 spargo
437 3958 514 4006 mersi
529 3957 601 4005 mino
615 3957 640 4004 P
690 3955 707 4005 8
723 3971 785 4019 rego
803 3957 858 4004 rexi
875 3971 921 4008 om.
942 3957 967 4005 P
1016 3954 1132 4020 intelligo
1149 3957 1175 4004 xi
1197 3955 1247 4019 figo
1265 3956 1291 4002 xi
1309 3970 1325 4017 g
1343 3953 1462 4020 intelligo

175 4025 289 4075 intellexi
305 4025 373 4091 lingo
390 4026 435 4076 uxi
452 4035 512 4091 tego
525 4026 582 4080 xic¹
633 4025 650 4075 n
669 4039 732 4088 quae
751 4025 776 4073 in
795 4027 912 4090 superius
925 4026 950 4073 P
961 4041 1025 4089 quae
1041 4026 1189 4089 superiusp
1245 4022 1276 4073 lo
1294 4033 1372 4088 tango
1388 4028 1463 4091 tangi

176 4096 200 4145 F
250 4095 281 4146 ll
301 4095 407 4146 formem
426 4105 544 4145 secuntur
563 4094 721 4144 formamhis
740 4096 765 4144 P
817 4096 849 4145 1⁶2
868 4095 1122 4160 quodininpegiP
1191 4093 1223 4144 13
1241 4093 1326 4142 inficio
1346 4092 1464 4144 inlixiF

244 4165 276 4216 14
292 4165 357 4215 duco
375 4165 438 4214 duxi
457 4166 513 4215 dico
531 4165 591 4222 xis
655 4166 686 4215 17
704 4179 790 4229 pungo
807 4167 924 4230 pupungi
942 4165 966 4213 F
1022 4164 1054 4215 18
1073 4164 1150 4214 tundo
1168 4164 1251 4213 tutudi
1270 4163 1333 4211 cedo
1353 4163 1462 4215 diendo

175 4236 256 4286 cecidi
268 4251 286 4299 g
300 4235 379 4285 tundo
398 4236 480 4285 tutudi
492 4235 554 4285 cedo
569 4234 647 4284 cecidi
664 4236 726 4285 cedo
741 4235 820 4284 cecidi
836 4248 852 4289 ς
869 4236 946 4285 tundo
965 4235 1045 4284 toludi
1064 4233 1173 4298 (totondi
1190 4234 1216 4282 F
1232 4231 1312 4281 tutudi
1329 4232 1361 4297 f)
1380 4235 1461 4284 caedo

174 4305 322 4357 cecidiPF
373 4304 404 4355 19
417 4307 483 4369 pedo
501 4305 593 4371 pepedi
610 4319 652 4369 93
668 4305 750 4370 pendo
766 4305 876 4370 pependi
894 4306 947 4355 PF
994 4304 1151 4369 elegeram
1168 4302 1193 4350 P
1241 4304 1267 4351 iu
1285 4303 1461 4367 conpositione

174 4378 220 4432 Fe
272 4375 306 4425 ’22
324 4375 439 4439 conpello
454 4374 730 4440 conpulltionpello
749 4374 1032 4441 conpelliPcompello
1050 4374 1067 4421 li
1082 4375 1120 4423 nel
1133 4373 1244 4437 compuli
1259 4388 1277 4436 9
1328 4373 1361 4422 24
1376 4373 1462 4423 dedici

175 4446 266 4496 etenim
284 4453 309 4495 et
322 4445 459 4511 depoposci
470 4445 495 4493 P
507 4453 531 4494 et
544 4445 620 4493 didici
637 4445 703 4494 enirn
717 4456 741 4495 ct
757 4445 927 4510 depoposciF
937 4458 996 4492 riam
1008 4443 1118 4492 dedidici
1134 4451 1158 4492 et
1172 4442 1311 4507 depoposci
1327 4455 1344 4497 ς
1394 4443 1431 4493 25
1446 4459 1462 4492 e

175 4531 237 4568 cano
252 4525 336 4566 autem
347 4517 487 4582 composita
504 4523 618 4564 neutram
634 4516 747 4581 regulam
760 4525 907 4578 sequnntur,
920 4514 978 4576 quia
991 4514 1078 4561 occino
1096 4513 1203 4574 occinui,
1219 4513 1321 4561 succino
1332 4512 1460 4572 succinui,

94 4595 97 4601 '
175 4594 198 4637 et
212 4587 317 4636 concino
333 4587 459 4646 concinni,
470 4584 537 4637 facit.
554 4594 578 4633 et
590 4585 612 4634 si
625 4599 674 4648 qua
687 4586 827 4650 composita
842 4586 868 4634 ln
881 4583 969 4633 eadem
980 4583 1157 4649 coniugatione
1173 4598 1189 4630 n
1200 4583 1276 4631 verbo
1288 4581 1385 4646 primae
1397 4597 1462 4632 con-

175 4657 312 4721 iugationis
329 4664 514 4721 componuntur
527 4653 659 4705 Patrobios
678 4648 683 4672 ¹
727 4656 832 4704 concino
848 4655 892 4703 nui
902 4655 1004 4702 succino
1018 4655 1061 4701 nni
1076 4654 1182 4702 dicimus
1201 4651 1340 4716 composita
1354 4659 1415 4699 sunt
1434 4653 1460 4701 in

175 4726 261 4775 eedem
280 4727 459 4791 coniugatione
476 4739 571 4788 quaeg
589 4725 704 4774 concinni
723 4736 747 4775 et
761 4741 808 4774 sna
825 4723 955 4790 conposita
971 4732 1030 4771 sunt
1048 4723 1074 4771 in
1090 4723 1177 4773 endem
1197 4720 1401 4785 coniugationem
1421 4722 1466 4783 qn'x

175 4794 200 4843 F
215 4797 331 4846 concinni
347 4795 416 4848 facit.
435 4802 460 4842 et
472 4795 544 4856 siqua
563 4795 704 4860 composite
718 4795 743 4843 in
763 4793 851 4843 eadem
869 4793 1055 4857 coniugatione.
1076 4793 1196 4855 quonism
1213 4807 1230 4848 ς
1282 4791 1316 4840 26
1334 4791 1461 4856 coniuga—

175 4865 268 4915 tioncm
285 4867 310 4915 P
378 4864 412 4914 30
431 4864 514 4915 nendo
533 4864 596 4916 didi.
615 4872 719 4929 excepto
737 4864 857 4913 circundo
870 4862 929 4912 dedi
944 4862 1012 4927 qnod
1026 4861 1162 4912 secundom
1178 4874 1314 4927 personam
1331 4858 1394 4908 facit
1409 4860 1460 4911 cir·
