3346 5498
266 353 330 416 300
839 355 992 417 l‘ObiPllll
1070 408 1077 428 ,

292 462 445 516 omme

749 560 798 621 DE
821 558 1080 622 SCllEhldTlBVS

351 680 477 741 Schema
506 680 616 741 dicitur
642 681 744 758 ligura.
788 679 845 740 hoc
872 687 970 740 autem
998 680 1118 743 schema
1147 682 1180 742 iit
1206 690 1256 742 aut
1282 683 1313 741 in
1339 699 1427 743 sensu
1455 683 1558 743 autin

267 781 372 843 verbis.
392 783 553 851 ,schemata
576 799 652 860 quae
672 782 748 843 hunt
769 783 801 842 in
823 781 960 844 sensibus
981 782 1017 843 ad
1040 790 1176 845 oratores
1197 785 1361 864 pertinent,
1385 800 1462 862 quae
1483 784 1559 846 liunt

265 885 296 945 in
319 884 417 946 verbis
439 884 474 946 ad
497 886 705 963 grammaticos
727 886 886 964 pertinent.
925 884 1044 946 schema
1068 894 1165 948 autem
1191 885 1269 964 quod
1291 885 1324 946 iit
1343 885 1374 945 in
1397 904 1489 946 sensu
1511 884 1558 946 vei

265 987 297 1047 in
319 986 418 1049 verbis
440 987 496 1048 hac
517 989 633 1048 ratione
656 987 844 1049 discernitur.
873 985 966 1048 habes
981 989 1011 1048 in
1027 987 1156 1067 Vergilio
1171 981 1345 1065 utrumque,
1370 996 1399 1048 et
1419 989 1450 1047 in
1466 1005 1586 1050 sensus

266 1090 375 1151 iactum
397 1089 517 1150 schema
541 1097 571 1149 et
591 1092 622 1149 in
645 1087 753 1150 verbis.
798 1091 829 1149 in
851 1107 940 1150 sensu
962 1087 1056 1150 habes
1077 1088 1128 1150 illo
1150 1089 1232 1165 loco,

418 1191 505 1269 quid
529 1210 723 1270 memorem
746 1190 918 1252 infandas
941 1191 1088 1263 caedes,
1113 1192 1198 1272 quid
1220 1192 1318 1254 facta
1340 1194 1493 1274 tyranni

417 1293 554 1355 eiieral

418 1402 558 1457 mortua
582 1396 667 1475 quin
692 1397 801 1457 etiam
825 1394 1008 1474 iungebat
1029 1415 1189 1476 corpora
1212 1375 1319 1468 vivis,

419 1516 637 1578 conponens
659 1496 906 1575 manibusque
928 1516 1056 1559 manus
1078 1506 1190 1577 atque
1213 1497 1342 1560 oribus
1363 1518 1436 1560 ora.
1574 1514 1602 1553 ιθ

267 1598 469 1682 [conponens]
498 1599 555 1661 hoc
583 1599 702 1661 schema
726 1602 755 1660 in
778 1598 913 1660 sensibus
935 1601 1132 1662 constituitur.
1177 1601 1247 1681 quid
1271 1609 1314 1662 est
1336 1603 1413 1663 enim
1436 1601 1560 1663 schema

266 1706 389 1764 sensus?
411 1702 441 1762 id
464 1712 520 1773 est,
545 1701 662 1780 quando
678 1701 804 1762 dicimus
819 1720 874 1763 nos
891 1701 971 1763 nolle
993 1701 1104 1781 aliquid
1126 1703 1226 1763 dicere
1249 1711 1398 1765 ettamen
1421 1703 1560 1775 dicimus,

268 1803 353 1885 [quid
376 1823 538 1865 memorem
560 1803 697 1865 infandas
718 1804 841 1875 caedes,
865 1804 935 1884 quid
952 1806 1028 1865 iacta
1044 1807 1160 1884 tyranni
1183 1805 1306 1884 cilcrai]
1319 1814 1363 1899 ,ul
1383 1805 1453 1885 quid
1476 1825 1560 1867 com·

266 1926 429 1968 memorem
458 1905 536 1967 illius
558 1906 677 1976 caedes,
701 1906 770 1984 quid
793 1908 870 1967 iacta
892 1908 1001 1967 elierat
1035 1924 1163 1984 namque
1191 1906 1331 1985 iungebat
1352 1917 1467 1969 mortua
1492 1926 1562 1969 cor·

266 2028 339 2090 pora
372 2010 444 2069 vivis
476 2007 654 2068 hominibus.
700 2016 861 2087 negaverat
892 2027 924 2068 se
958 2007 1058 2069 dicere
1091 2020 1121 2068 et
1148 2008 1221 2069 dixit
1248 2017 1355 2070 tamen.
1401 2028 1472 2071 ecce
1501 2009 1562 2073 hoc
1577 2026 1604 2066 1⁵

265 2111 385 2173 schema
417 2111 448 2171 in
477 2118 652 2180 sensuest,
681 2112 778 2171 ‘nam
807 2109 870 2170 illa
901 2112 1010 2171 nimis
1038 2111 1190 2189 antiqua
1217 2118 1430 2190 praetereo,
1460 2113 1562 2189 quod

266 2212 450 2274 Servilius
476 2210 618 2290 Ahala!
650 2208 820 2292 Spurium
857 2210 1028 2274 Maelium
1061 2213 1167 2273 novis
1199 2212 1312 2274 rebus
1345 2213 1563 2276 studentem

266 2333 370 2376 manu
401 2334 464 2376 sua
498 2314 672 2374 occidit':
707 2312 756 2373 illa
785 2315 907 2393 quident
933 2316 1053 2391 antiqua
1082 2323 1250 2391 praetereo,
1280 2324 1310 2375 et
1336 2314 1430 2376 nihilo
1458 2316 1566 2378 minus

267 2416 348 2477 dixit.
392 2415 448 2477 hoc
475 2414 594 2476 schema
621 2418 653 2475 in
679 2433 769 2476 seusu
793 2425 853 2486 ost,
868 2416 939 2476 ¹hoc
961 2416 998 2477 ad
1020 2425 1154 2476 oratores
1175 2417 1311 2496 pertinet
1357 2403 1435 2496 qu'od
1458 2425 1563 2479 autem

267 2518 303 2579 ad
325 2519 532 2596 grammaticos
554 2519 697 2597 pertinet,
721 2515 779 2578 hoc
801 2526 859 2588 est,
1201 2500 1206 2505 ’
1396 2525 1400 2532 “
1577 2536 1605 2575 ao

418 2621 626 2698 Troiugena
649 2622 842 2698 interpres
864 2619 997 2692 divum,
1023 2623 1085 2700 qui
1108 2621 1254 2682 numina
1276 2619 1427 2692 Phoebi,

419 2725 480 2802 qui
503 2721 687 2800 tripodas,
712 2720 811 2782 Clari
833 2721 979 2792 laurus,
1004 2724 1064 2802 qui
1085 2722 1207 2782 sidera
1230 2724 1360 2783 sentis.

199 2848 204 2858 ·
266 2844 337 2886 ecce
360 2844 418 2885 uno
442 2823 532 2884 verbo
555 2825 647 2884 sentis
669 2823 815 2885 conclusit
834 2823 884 2884 illa
907 2825 1004 2886 omnia
1027 2826 1197 2905 superiora,
1227 2826 1277 2904 qui
1298 2825 1420 2886 numina
1442 2824 1565 2889 Phoebi

266 2929 372 2997 sentis,
407 2928 459 3013 qui
487 2925 632 3006 tripodas,
662 2925 740 2986 Clari
760 2925 882 2994 ‹laurus;
918 2946 955 2987 on
984 2945 1043 2986 uno
1072 2926 1161 2986 verbo
1188 2926 1225 2986 ad
1258 2936 1364 2988 cuncta
1391 2928 1563 3008 respondit.

266 3049 336 3090 ecce
358 3027 503 3089 hocloco
526 3047 585 3088 non
609 3038 652 3088 est
673 3046 792 3098 sensus,
820 3029 872 3089 sed
897 3028 978 3088 verbi
999 3029 1186 3106 significatio,
1216 3029 1294 3107 quod
1317 3027 1439 3090 verbum
1462 3031 1564 3092 refer·
1578 3050 1608 3090 as

266 3141 315 3193 tur
337 3132 373 3192 ad
396 3128 571 3199 clausulam,
595 3131 631 3191 ad
655 3131 809 3209 superiora
832 3138 985 3191 commata.
1017 3148 1089 3208 crgo
1110 3129 1399 3192 omneschemaant
1419 3132 1564 3196 insensu

265 3234 298 3295 sn
320 3233 422 3293 autin
445 3231 558 3300 verbis;
589 3235 642 3292 sed
664 3251 739 3312 tynae
767 3232 841 3292 siunt
867 3234 897 3293 in
920 3232 1056 3293 sensibus
1079 3230 1114 3292 ad
1137 3241 1271 3293 oratores
1293 3234 1457 3312 pertinent,
1481 3254 1565 3316 qnae

265 3337 340 3396 fiunt
360 3335 392 3394 in
415 3333 512 3394 verbis
534 3333 570 3394 ad
593 3337 799 3412 grammaticos
822 3336 981 3414 pertinent.
1020 3332 1068 3394 illa
1092 3351 1168 3411 quae
1191 3335 1263 3394 hunt
1283 3336 1314 3394 in
1337 3333 1473 3396 sensibus
1496 3335 1563 3400 dia·

265 3456 358 3498 noeae
386 3435 537 3509 dicuntur,
567 3453 642 3512 quae
669 3437 743 3496 siunt
771 3437 801 3495 in
831 3436 928 3496 verbis
957 3437 1094 3497 dicuntur
1121 3436 1231 3496 lexeos.
1278 3455 1353 3514 quae
1375 3436 1563 3501 eum-multa

265 3541 337 3608 sint,
367 3546 396 3598 et
422 3557 456 3598 re
484 3556 551 3598 vera
579 3544 640 3598 tres
667 3537 736 3598 libri
765 3546 836 3598 suut
857 3539 1055 3616 ingentissimi
1077 3538 1114 3598 de
1136 3539 1191 3599 hac
1213 3557 1261 3607 re,
1286 3539 1405 3599 interim
1428 3541 1605 3622 exempliso

265 3659 354 3701 causa
382 3639 456 3700 haec
483 3640 724 3715 frequentissima
752 3647 833 3709 sunt,
867 3657 941 3715 quae
970 3640 1111 3701 dicemus.
1156 3647 1224 3699 sunt
1258 3648 1356 3700 autem
1385 3637 1460 3701 haec
1493 3641 1565 3722 ipsa

265 3740 368 3801 decem
396 3749 424 3799 et
453 3751 581 3819 septem,
616 3739 793 3820 prolempsis
822 3759 943 3818 zeugma
971 3742 1150 3821 hypozeuxis
1184 3740 1349 3822 syllempsis
1376 3741 1563 3823 anadiplosis

175 3881 189 3890 -ν
265 3840 416 3921 anaphora
443 3832 657 3921 e'panaiempsis
686 3843 835 3921 epizeuxis
868 3845 1088 3922 paronomasia,
1124 3843 1235 3904 schesis
1263 3851 1438 3914 onomaton,
1469 3863 1562 3925 paro·

265 3962 372 4003 moeon
408 3943 668 4004 homoeoteleuton
704 3942 936 4022 homoeoptoton
973 3945 1147 4026 polyptoton
1188 3944 1300 4005 hirmos
1342 3944 1561 4027 polysyndeton

266 4042 403 4125 dialyton.
1572 4067 1597 4109 aa

335 4214 432 4277 7quid
451 4213 598 4281 memorem]
624 4217 701 4278 Verp.
719 4215 783 4268 Aen.
804 4216 929 4266 vineat
982 4218 1079 4267 iactiG
1148 4217 1179 4267 13
1199 4217 1259 4278 perid
1279 4217 1378 4266 trotio
1447 4233 1559 4269 comme-

266 4299 362 4335 morem
382 4284 449 4333 illius
468 4285 492 4332 P
508 4299 677 4334 commemoro
696 4284 763 4335 illius
783 4284 860 4334 BOS
947 4288 978 4337 ll
1004 4303 1111 4349 namque
1141 4288 1261 4352 iungebat
1283 4302 1390 4351 corpora
1415 4303 1430 4336 e
1457 4288 1558 4354 iamque

265 4355 388 4421 iungebat
406 4369 512 4418 corpora
531 4354 698 4418 Bolamque
718 4366 816 4403 mortun
836 4356 956 4419 iungebat
976 4372 1080 4420 corpora
1099 4358 1119 4407 S
1138 4373 1195 4406 nam
1216 4357 1338 4423 iungebat
1356 4372 1466 4422 corpora
1483 4358 1509 4408 P

267 4425 300 4477 ld
316 4440 374 4474 nam
390 4424 432 4474 ilia
450 4425 525 4474 nimis
544 4424 624 4474 BSI'
640 4440 698 4473 nam
717 4426 793 4474 nimis
814 4424 858 4473 iila
878 4425 910 4474 C:
931 4426 982 4479 Cic.
1003 4429 1028 4474 in
1048 4427 1120 4476 Catil.
1140 4428 1147 4474 l
1168 4429 1190 4486 1,
1209 4427 1224 4474 ‘2
1295 4441 1411 4488 quaeque
1435 4428 1558 4478 seruilius

265 4495 323 4545 hala
338 4496 452 4560 spurium
472 4494 590 4543 maelium
603 4495 628 4542 B
639 4511 770 4558 ‹yuaequoe
786 4496 905 4545 seruilius
921 4495 993 4544 halas
1009 4498 1112 4559 spurius
1126 4498 1225 4546 milium
1245 4496 1360 4555 (melium
1371 4497 1397 4555 c)
1409 4498 1431 4547 G
1441 4512 1557 4562 quaeque

267 4565 387 4615 seruilius
405 4564 483 4613 halae
506 4565 606 4629 perium
630 4566 732 4614 melium
752 4564 772 4613 S
789 4581 879 4628 quaeq,
900 4567 1030 4616 seruilium
1051 4567 1113 4619 aias.
1133 4558 1244 4632 pu'rium.
1264 4566 1356 4615 aelium
1371 4566 1396 4615 P
1448 4569 1482 4619 21
1496 4567 1556 4616 Tro·

266 4633 370 4700 ingena]
395 4635 472 4699 Very.
493 4634 559 4687 Aen,
581 4635 685 4686 111359
755 4637 788 4683 22
804 4636 889 4684 laurus
908 4635 988 4684 BSP
1007 4636 1125 4687 laurosC
1194 4636 1284 4685 sedern
1304 4635 1354 4684 GP
1424 4638 1460 4687 ‘24
1477 4636 1556 4687 sentis

263 4706 405 4768 posteriore
423 4706 476 4757 loco
493 4721 540 4754 om.
561 4705 582 4754 0
650 4705 735 4754 laurus
753 4704 804 4753 BS
823 4706 908 4755 lauros
929 4705 977 4756 GP
1045 4706 1078 4755 28
1093 4707 1136 4755 illo
1152 4721 1216 4767 quae
1233 4722 1247 4753 c
1265 4706 1325 4754 illae
1340 4720 1406 4768 quae
1418 4705 1498 4758 Bos
1514 4705 1555 4755 illa

267 4783 377 4823 scemata
395 4790 459 4836 quoe
477 4775 502 4823 P
570 4774 604 4824 ‘29
628 4789 691 4837 quae
715 4791 770 4823 erun
795 4774 874 4823 multa
899 4776 950 4823 sint
969 4773 1039 4838 (sunt
1062 4791 1130 4831 corr.
1152 4777 1202 4825 sint
1222 4777 1252 4836 C)
1272 4774 1402 4825 schemata
1419 4786 1444 4826 et
1468 4789 1556 4826 reuera

267 4843 345 4895 BOS
362 4859 425 4907 quoe
442 4859 498 4892 oum
516 4843 593 4893 multa
613 4854 637 4892 et
656 4860 681 4892 re
698 4844 795 4894 ucmP
