3346 5498
668 352 905 414 cuuuuurvtt
1366 347 1427 412 261

1244 471 1265 511 p.
1278 461 1366 499 ace-rr
1381 457 1404 498 1,

130 544 196 624 pria
221 550 251 603 et
273 541 363 603 utilia.
410 539 536 619 legimus
563 541 673 601 formas
701 539 859 602 verborum
887 558 953 601 esse
983 547 1135 619 quattuor,
1160 538 1361 600 meditativam
1381 540 1428 599 iu·

130 644 298 706 choativam
325 644 486 724 perfectam
518 643 773 722 frequentativam.
818 640 1013 702 inchoativam
1041 642 1168 702 formam
1197 641 1238 701 ait
1264 659 1339 720 quae
1367 658 1427 701 non

128 743 224 807 habet
245 746 401 825 participia
423 743 482 805 ulla
506 745 564 805 nisi
585 745 768 824 praesentia,
791 752 825 804 ut
840 752 887 804 est
900 743 1052 805 calescens
1072 745 1240 804 fervescens
1261 749 1426 822 tepescens,

129 847 189 910 hoc
213 854 258 908 est
279 855 313 908 ut
333 864 477 926 praesens
499 853 616 908 mutum
638 845 746 908 haheat
768 852 797 906 et
822 847 1016 925 praeteritum
1038 863 1098 905 non
1120 842 1238 905 habeat.
1281 843 1426 904 inchoati·
1460 913 1464 921 .

100 968 200 1011 arum
222 948 336 1010 dictum
365 955 410 1010 est
437 947 475 1010 ah
503 968 553 1020 eo,
583 948 662 1029 quod
684 967 739 1029 per
765 949 862 1028 ipsum
886 947 1070 1008 inchoemus.
1115 965 1204 1007 omne
1225 954 1324 1008 autem
1347 944 1427 1026 quod

126 1051 305 1115 inchoamus
338 1059 368 1111 et
394 1069 535 1132 praesens
564 1048 676 1111 habere
697 1057 810 1130 potest,
839 1058 869 1112 et
893 1047 897 1129 Ι
920 1049 1115 1130 praeteritum
1136 1067 1198 1110 non
1220 1047 1342 1109 hahere.
1385 1049 1426 1109 ita

126 1155 163 1216 ut
183 1161 216 1215 ut
237 1143 395 1233 participio
418 1154 568 1233 praesenti
592 1160 705 1214 tantum
727 1154 835 1222 utaris,
858 1153 1020 1234 praeterito
1043 1169 1213 1231 numquam.
1258 1168 1329 1230 ergo
1352 1150 1425 1211 dici-

126 1274 197 1318 mus
219 1257 389 1318 fervescens
412 1253 563 1316 calescens
585 1264 751 1334 tepescens.
786 1261 831 1315 est
853 1255 940 1314 etiam
963 1253 1019 1314 alia
1041 1253 1132 1323 ratio,
1156 1270 1213 1332 qua
1235 1271 1296 1313 nou
1317 1251 1425 1313 haheat

125 1367 249 1438 tempus
277 1358 488 1437 praeteritum:
522 1375 610 1417 omne
643 1357 832 1436 participium
861 1375 877 1416 a
905 1357 1066 1442 praeterito
1094 1356 1217 1416 veniens
1244 1361 1379 1435 tempore
1407 1374 1423 1415 a

84 1481 113 1519 ao
125 1459 264 1541 perlecto
287 1457 457 1526 descendit,
480 1465 550 1538 puta
572 1459 701 1539 scriptus
715 1476 780 1519 sum
797 1475 878 1519 eram
900 1459 952 1527 fui,
976 1456 1071 1519 lectus
1092 1476 1157 1519 sum
1180 1476 1261 1520 eram
1283 1458 1341 1525 fui:
1363 1475 1423 1518 uon

92 1553 96 1564 '
124 1578 284 1642 possumus
311 1558 463 1620 declinare
490 1562 548 1622 nisi
575 1579 629 1641 per
656 1561 846 1641 participium
873 1560 1026 1639 praeteriti
1056 1561 1209 1640 temporis.
1255 1558 1358 1638 legens
1391 1561 1422 1620 in

123 1670 263 1744 tempore
290 1663 453 1743 praeterito
480 1681 540 1723 non
567 1663 726 1724 iuvenitur.
770 1664 796 1723 si
824 1680 895 1740 ergo
924 1662 1027 1741 legens
1048 1663 1081 1722 iu
1102 1669 1238 1742 tempore
1260 1662 1422 1741 praeterito

123 1783 186 1826 non
212 1765 377 1834 invenitur,
406 1783 463 1825 nec
489 1763 563 1825 illud
590 1763 669 1844 quod
698 1765 828 1825 nascitur
858 1763 895 1825 tle
928 1763 1114 1844 temporibus
1141 1764 1311 1844 praeteritis
1332 1761 1423 1840 debet

123 1866 239 1928 hahere
260 1868 465 1947 praeteritum,
488 1865 518 1927 io
542 1873 587 1927 est
608 1883 664 1927 uec
679 1867 869 1946 participium
884 1865 974 1926 debet
995 1864 1107 1926 habere
1129 1867 1324 1945 praeteritum
1346 1872 1421 1926 tem-

82 1987 196 2050 rspus,
230 1969 368 2049 quoniam
402 1967 478 2028 inde
505 1969 649 2045 originem
683 1967 771 2028 ducit.
817 1985 888 2046 ergo
921 1986 1014 2029 unum
1047 1975 1093 2029 est
1118 1985 1263 2047 praeseus
1296 1973 1419 2037 tantum,

123 2070 276 2157 calescens
297 2071 468 2130 fervescens
490 2078 647 2150 tepescens
669 2077 699 2130 et
719 2067 836 2130 similia.

208 2170 413 2252 lupersonalia
435 2170 526 2233 verba
548 2178 620 2251 quot
641 2170 752 2234 hahent
773 2172 948 2251 participia?
975 2171 1060 2242 dicit,
1083 2190 1144 2232 non
1167 2155 1278 2233 dehent
1298 2170 1492 2247 haberetto,
1505 2188 1539 2236 25

120 2275 185 2336 nisi
210 2274 290 2336 forte
317 2273 515 2353 usurpaveris.
560 2275 586 2334 si
614 2271 743 2334 volueris
771 2290 932 2353 usurpare,
956 2279 1028 2334 tunc
1049 2281 1173 2355 possunt
1194 2273 1306 2335 hahere
1327 2275 1419 2355 parti·

119 2376 215 2456 cipia,
245 2383 278 2445 ut
299 2375 324 2434 si
347 2373 428 2434 dicas
451 2375 606 2454 paenitens
633 2372 671 2435 ah
699 2374 835 2454 eoquod
859 2382 904 2442 est
925 2376 1057 2454 paenitet
1078 2395 1127 2437 me
1148 2385 1178 2437 te
1199 2374 1298 2446 illum,
1321 2375 1419 2437 libens

75 2476 159 2543 anab
183 2495 220 2538 eo
242 2475 322 2556 quod
348 2483 394 2538 est
415 2475 488 2537 libet
510 2494 558 2537 me
580 2484 609 2536 te
631 2474 726 2536 illum.
771 2482 803 2536 ut
829 2477 1014 2538 inveniamus
1040 2479 1210 2559 participia,
1234 2477 1320 2549 dicit,
1342 2477 1418 2539 haec

120 2580 173 2657 qui
195 2579 329 2660 posuerit
351 2577 514 2658 usurpabit
560 2596 617 2658 qua
640 2579 774 2639 ratione?
807 2597 897 2639 omne
923 2581 1113 2660 participium
1135 2579 1225 2641 habet
1245 2599 1414 2662 personam.

118 2683 146 2742 si
179 2679 229 2740 illa
262 2679 352 2741 verba
383 2679 583 2760 inpersonalia
612 2688 695 2750 sunt,
724 2697 782 2758 quo
809 2679 898 2741 modo
926 2690 1053 2761 possunt
1081 2683 1180 2743 facere
1206 2679 1415 2764 partilcipium,

120 2781 202 2864 quod
223 2783 414 2862 participium
441 2799 560 2862 semper
587 2799 604 2841 a
630 2799 759 2862 persona
786 2782 868 2843 ducit
890 2784 1056 2862 originem?
1084 2783 1202 2863 quanm
1224 2783 1290 2845 dico
1313 2801 1416 2846 amaus
1575 2786 1593 2824 θ

121 2903 192 2964 ego,
221 2902 324 2946 amans
352 2892 397 2954 tu,
426 2901 529 2944 amans
556 2882 622 2953 ille,
653 2886 755 2965 utique
782 2886 878 2946 currit
904 2904 958 2965 per
986 2905 1090 2948 omnes
1117 2904 1274 2967 personas,
1306 2902 1361 2964 ego
1383 2893 1415 2947 tu

75 3011 107 3052 ss
121 2985 181 3049 ille.
227 2990 253 3047 si
278 2984 351 3046 illud
379 2984 500 3046 verbum
528 2985 717 3066 inpersonale
746 2995 803 3057 est,
837 3005 895 3067 quo
924 2987 1014 3048 modo
1041 2994 1140 3067 potest
1160 2988 1272 3050 habere
1294 2988 1414 3068 partici-

119 3091 220 3170 pium,
244 3086 324 3168 quod
346 3087 424 3166 capit
446 3089 607 3166 personas?

205 3191 281 3252 Sunt
302 3187 392 3249 verba
414 3189 573 3262 defectivo.
619 3191 676 3254 tria
698 3190 832 3251 dicturus
855 3199 916 3251 est:
947 3198 1017 3251 sunt
1045 3189 1134 3251 verba
1162 3191 1305 3253 defectiva
1337 3207 1530 3272 quaelicet

120 3311 181 3355 non
203 3292 345 3354 deliciunt
366 3292 397 3351 in
419 3292 596 3371 participiis,
619 3292 650 3352 in
672 3290 763 3353 verbo
786 3300 885 3354 tamen
907 3291 1064 3362 deficiunt;
1091 3300 1258 3370 matronae
1278 3312 1340 3356 non
1360 3295 1412 3355 de·
1474 3293 1479 3301 ’

117 3399 222 3468 mmet
242 3396 274 3455 in
296 3394 393 3462 uerbo,
416 3397 447 3453 tn
459 3397 631 3471 participiis
644 3405 741 3455 manen
763 3394 921 3466 deficiunt;
942 3402 1011 3455 sunt
1024 3413 1103 3471 quae
1117 3396 1258 3468 defiment
1271 3399 1303 3457 in
1324 3397 1414 3456 verbo

65 3493 148 3562 ⁴sont
173 3498 315 3559 deficiunt
343 3498 375 3556 iu
404 3497 576 3577 participiis.
620 3498 735 3558 invenis
750 3494 888 3564 ,avernum
928 3497 1006 3575 quod
1040 3504 1070 3558 et
1103 3497 1202 3576 ipsum
1228 3497 1360 3566 deficiat,
1384 3507 1414 3558 et

119 3599 309 3681 participium
332 3616 392 3659 non
415 3598 545 3668 deficiam
568 3606 621 3660 aut
643 3618 660 3660 e
682 3599 832 3660 contrario
853 3600 967 3661 invenis
988 3601 1177 3679 participium
1205 3600 1286 3678 quod
1312 3601 1409 3679 ipsum

118 3700 251 3770 deficiat,
275 3699 326 3761 sed
349 3699 473 3761 verbum
496 3717 555 3762 non
578 3701 708 3770 deficiam
736 3710 788 3764 aut
808 3701 932 3763 verbum
954 3701 1033 3780 quod
1057 3710 1087 3764 et
1108 3702 1204 3782 ipsum
1228 3701 1358 3772 deficiat,
1383 3709 1413 3762 et

118 3803 308 3883 participium
329 3801 454 3863 deficiat.
498 3810 568 3881 puta
591 3803 727 3864 memini:
761 3805 883 3865 memini
906 3812 936 3865 et
957 3802 1080 3865 verbum
1109 3813 1155 3864 est
1183 3804 1358 3865 defectivum
1381 3812 1412 3865 et

117 3905 307 3985 participium
331 3922 390 3964 nou
413 3903 516 3974 hahet;
540 3922 628 3966 uento
650 3904 722 3989 dicit
743 3906 913 3968 meminitus
935 3907 1079 3967 meminiti
1101 3907 1254 3968 meminito
1273 3906 1409 3967 memini·

79 4012 181 4071 aetum
203 4012 254 4066 aut
276 4007 377 4066 nescio
400 4023 456 4084 qua
478 4006 543 4069 alia.
589 4025 660 4085 ergo
687 4025 758 4067 ecce
786 4006 878 4070 habes
906 4007 1029 4070 verbum
1058 4018 1089 4070 et
1114 4009 1211 4090 ipsum
1234 4007 1409 4069 defectivum

119 4115 147 4168 et
168 4107 367 4188 participium.
414 4107 449 4168 da
473 4108 595 4170 verbum
617 4108 810 4180 defectivum,
833 4110 884 4171 sed
907 4112 1060 4192 participia
1084 4129 1144 4171 non
1167 4110 1319 4172 defectiva.
1364 4117 1410 4170 est

118 4208 179 4270 odi:
209 4207 261 4269 odi
282 4209 417 4270 novimus
441 4203 580 4287 quoniam
603 4211 780 4274 defectivum
802 4211 926 4274 verbum
948 4222 1007 4282 est;
1030 4213 1218 4294 participium
1233 4221 1409 4275 tamennon

184 4433 201 4481 t
219 4430 325 4481 heberet
342 4442 367 4482 et
382 4434 546 4497 praeteritum
564 4447 614 4482 non
632 4433 736 4485 haberet
753 4434 778 4484 A
788 4433 837 4485 BC
894 4431 977 4496 iique
995 4448 1047 4484 non
1065 4434 1120 4484 AB
1136 4450 1202 4497 quae
1221 4450 1271 4487 nou
1292 4432 1354 4485 Oa*

118 4499 151 4552 13
168 4501 243 4551 debet
262 4500 356 4551 habere
374 4519 496 4568 praesens
513 4503 594 4554 idest
613 4498 659 4553 hec
678 4504 848 4570 participium·
864 4504 940 4553 tlebet
956 4500 1050 4553 haber‘e
1069 4519 1191 4569 praesens
1208 4516 1309 4569 tempus
1327 4503 1410 4553 Aac

186 4570 220 4622 ltt
234 4570 377 4637 tepescens]
400 4582 547 4636 torpescens
566 4573 622 4623 AB
706 4574 738 4624 18
756 4575 806 4623 uisi
826 4573 894 4626 forte
910 4591 927 4624 u
945 4574 995 4623 nisi
1014 4575 1062 4623 uisi
1083 4575 1147 4624 forte
1165 4575 1191 4624 B
1208 4576 1234 4624 ni
1251 4575 1315 4624 forte
1333 4573 1354 4622 G
1375 4587 1407 4620 ne

116 4640 181 4689 forte
198 4642 223 4690 Α
294 4642 326 4691 21
346 4644 480 4708 usurpabit
501 4643 571 4692 Act
589 4645 724 4710 usurpauit
739 4644 801 4693 Ba*
871 4644 905 4694 27
925 4650 984 4692 sunt
1002 4645 1080 4694 uerba
1098 4644 1146 4694 tria
1164 4644 1276 4694 dicturus
1295 4651 1407 4692 estsunt

117 4709 195 4759 uerba
212 4709 340 4760 defection
358 4726 423 4774 quae
438 4727 487 4761 non
508 4712 626 4763 deliciunt
643 4716 669 4765 in
686 4715 828 4781 participiis
846 4715 872 4763 in
891 4714 970 4763 uerbo
984 4721 1068 4763 tamen
1085 4710 1123 4776 (in
1137 4715 1214 4763 uerba
1226 4728 1276 4763 non
1290 4713 1324 4772 A,
1335 4727 1406 4762 corr.

116 4779 144 4827 in
161 4779 241 4830 uerbe
258 4790 342 4830 tamen
361 4780 399 4842 B)
417 4783 535 4832 deliciunt
552 4797 617 4844 quae
636 4785 756 4834 deliciunt
774 4785 801 4832 in
820 4785 959 4849 participiis
978 4784 1080 4833 inuenio
1097 4783 1180 4832 ABG
1241 4782 1274 4834 at
1289 4788 1333 4830 eut
1350 4796 1406 4829 ver-

116 4847 186 4916 bum]
207 4859 270 4917 pute
281 4853 387 4901 uerbum
401 4853 485 4903 ABG
531 4863 556 4902 et
574 4853 641 4918 quod
661 4850 784 4920 ipsuinA
832 4853 934 4907 teuta
952 4853 1136 4906 corr.tutan
1179 4851 1314 4903 illlutest
1332 4852 1409 4904 odic
