3346 5498
285 471 449 527 pubol-ddi..

260 554 285 613 si
307 525 478 612 amo'illum
501 553 667 632 praesentis
689 559 747 621 est,
777 559 807 611 et
834 549 884 610 odi
910 549 993 610 illum
1021 551 1163 628 temporis
1190 551 1357 628 praesentis
1385 558 1439 610 est.
1484 568 1557 612 ecce

260 653 386 717 elocutio
410 653 497 714 docet
518 654 577 714 hoc
597 656 696 732 ipsum
719 652 842 713 rerbum
864 651 915 713 odi
937 671 1002 713 esse
1024 652 1190 732 praesentis
1211 653 1364 730 temporis.
1408 651 1557 730 numquid

261 758 339 817 enim
362 758 405 818 sic
427 753 504 825 dico,
528 757 640 816 ‘amari
660 754 782 815 illum’l
815 773 890 824 nou,
915 755 967 815 sed
991 752 1092 815 ‘illum
1115 753 1265 814 bominem
1289 758 1384 814 amo’.
1428 772 1500 831 ergo
1527 763 1559 815 ct

262 861 302 920 ita
324 859 399 927 dico,
423 857 526 918 ‘illum
548 857 699 919 bominem
722 857 804 917 odi’:
844 875 932 936 quem
954 856 991 918 ad
1013 855 1135 917 modum
1159 852 1254 935 [dico]
1280 855 1380 918 ‘illurn
1404 857 1558 918 bominem

262 962 346 1022 amo’
371 968 488 1038 tempus
513 978 657 1039 praesens
679 967 737 1027 est,
765 960 808 1019 sic
830 967 860 1019 et
881 956 981 1018 ‘illum
1004 956 1155 1018 bominem
1178 958 1244 1018 odi'
1269 959 1333 1020 sinc
1356 956 1446 1018 dubio
1469 976 1585 1037 prae-o

262 1064 353 1124 sentis
375 1068 429 1122 cst.
476 1079 547 1139 crgo
569 1062 687 1122 ridetur
709 1061 758 1121 odi
781 1062 922 1140 temporis
944 1079 1009 1121 esse
1031 1061 1198 1140 praesentis
1226 1059 1391 1121 secundum
1415 1058 1559 1121 elocutio·

263 1184 347 1232 nem;
382 1163 546 1224 secundum
575 1172 668 1223 artem
695 1181 756 1222 non
783 1168 881 1241 potest
908 1181 981 1222 esse.
1026 1181 1084 1241 qua
1106 1163 1239 1223 ratione?
1275 1163 1415 1241 quoniam
1443 1160 1558 1223 nullum

263 1280 381 1347 tempus
407 1283 550 1346 praesens
578 1264 725 1343 estquod
753 1265 785 1324 iu
807 1265 818 1324 i
841 1265 936 1324 mittat
958 1262 1007 1343 [ut
1029 1271 1076 1324 εει
1097 1262 1185 1334 illud,
1214 1262 1315 1343 nato],
1345 1282 1465 1343 semper
1486 1265 1518 1325 in
1541 1283 1559 1323 o

263 1372 332 1431 exit.
377 1368 455 1447 quod
479 1385 549 1445 crgo
572 1374 691 1445 tempus
714 1367 784 1435 erit,
809 1382 998 1442 quaeramus,
1023 1367 1100 1446 quod
1123 1367 1153 1426 in
1176 1368 1186 1425 i
1208 1367 1282 1435 exit,
1311 1374 1341 1426 et
1362 1373 1434 1427 tuuc
1454 1385 1561 1446 possu-

264 1491 332 1533 mus
354 1470 390 1531 ad
413 1470 493 1530 illius
515 1467 738 1529 similitudinem
761 1468 819 1529 boc
841 1469 948 1539 lacere,
972 1467 1031 1528 odi.
1075 1469 1133 1527 leci
1155 1467 1215 1546 legi
1236 1470 1343 1547 scripsi
1365 1471 1559 1548 praeteritum
1573 1487 1599 1528 io

265 1581 383 1652 tempus
405 1580 450 1632 est
471 1572 645 1652 perlectum.
692 1589 763 1648 ergo
786 1572 841 1630 ista
864 1569 952 1631 dubia
976 1572 1053 1650 siqui
1076 1579 1103 1632 te
1131 1572 1360 1648 interrogaverit
1392 1580 1422 1631 ει
1452 1570 1561 1632 dixerit

264 1675 328 1735 ‘odi
350 1676 434 1735 cuius
456 1674 598 1752 temporis
622 1673 708 1742 esti'‚
734 1674 759 1732 si
781 1671 817 1732 ad
833 1671 1039 1743 elocutionem,
1064 1671 1195 1732 concedo
1218 1670 1272 1731 tibi
1289 1680 1320 1731 ut
1335 1673 1373 1732 sit
1395 1672 1560 1752 praesentis

267 1778 423 1856 temporis;
446 1777 471 1836 si
494 1775 530 1835 ad
552 1774 703 1853 regulam,
727 1793 850 1835 necesse
872 1773 967 1834 babeo
996 1774 1096 1835 dicere
1119 1775 1271 1853 praeteriti
1294 1777 1448 1854 temporis.
1495 1774 1560 1836 nul·

266 1879 326 1940 lum
357 1878 435 1938 onim
464 1884 559 1957 potest
587 1896 728 1956 praesens
757 1885 873 1955 tempus
902 1878 982 1937 exire
1009 1879 1040 1938 in
1068 1877 1225 1937 indicativo
1255 1875 1344 1936 modo
1378 1877 1435 1936 nisi
1467 1877 1499 1936 in
1532 1894 1559 1935 o.

267 2000 336 2041 ecce
359 1979 451 2041 babes
475 1979 565 2039 rerba
588 1980 644 2040 alia
666 1981 696 2039 in
719 1978 836 2056 regulis,
860 1977 915 2038 alia
939 1981 969 2038 in
993 1977 1218 2040 elocutionibus.
1263 1977 1390 2038 alterum
1413 1977 1562 2039 adlectum
1575 1995 1602 2036 rs

267 2081 378 2143 babent
398 2083 429 2141 in
453 2079 685 2150 elocutionibus,
715 2079 841 2141 altorum
864 2081 893 2139 in
916 2084 1037 2159 regulis.
1082 2099 1162 2150 sum,
1188 2088 1217 2139 ει
1240 2080 1296 2141 boo
1319 2079 1495 2142 defectivum
1519 2089 1564 2141 est

269 2202 302 2245 oa
324 2186 453 2253 ratione,
478 2185 616 2262 quoniam
634 2182 712 2242 nulla
729 2203 797 2263 pars
813 2185 852 2244 ita
873 2184 932 2241 exit
953 2182 1115 2243 secundum
1138 2184 1232 2261 ipsam
1255 2181 1397 2259 regulam,
1422 2185 1567 2262 quoniam

269 2285 381 2347 nullum
409 2287 574 2364 praesentis
601 2286 744 2364 temporis
772 2285 893 2344 verbum
923 2293 1020 2363 potest
1042 2286 1168 2344 inveniri
1191 2285 1222 2343 in
1244 2303 1294 2344 um
1319 2285 1433 2358 oriem,
1457 2284 1564 2359 sedin

167 2405 295 2464 tatae.
322 2384 325 2466 l
350 2388 406 2447 boc
429 2397 527 2447 autem
550 2389 580 2446 in
603 2406 652 2446 um
677 2388 749 2456 esit,
775 2406 846 2465 ergo
868 2387 1044 2447 delectirum
1068 2396 1121 2448 est.
1166 2384 1258 2465 prrtdet
1281 2384 1417 2446 similiter
1438 2385 1563 2455 deiecti·

270 2510 336 2551 rum
362 2499 414 2549 εει.
446 2491 583 2567 superius
606 2487 733 2549 diximus
755 2488 848 2568 pudet
871 2487 967 2548 taedet
989 2487 1079 2548 rerba
1103 2507 1168 2549 csse
1189 2487 1404 2567 inpersonalia,
1429 2496 1459 2548 et
1474 2488 1604 2549 modom

270 2593 336 2653 dico
359 2592 516 2659 delectum
539 2589 591 2650 sed
615 2590 675 2650 dixi
698 2589 750 2649 tibi
775 2593 862 2651 etiarn
886 2603 954 2651 tunc
977 2593 1116 2670 quoniam
1140 2592 1245 2651 tertiae
1267 2598 1336 2651 sunt
1358 2608 1505 2669 personae
1527 2590 1565 2650 de

271 2694 360 2754 verbo
389 2693 531 2772 perlecto.
575 2700 607 2752 ut
634 2699 705 2771 puta
733 2692 794 2752 noli
821 2693 896 2753 lraec
923 2712 1035 2772 ponere
1064 2690 1214 2771 exempla,
1243 2692 1294 2753 sed
1324 2691 1378 2753 alia
1402 2709 1564 2771 ponamus:

271 2804 343 2877 puta
367 2795 460 2855 doceo
484 2795 573 2855 docos
596 2793 683 2855 docet
705 2794 763 2855 talc
787 2805 830 2855 est
860 2812 948 2872 quem
970 2795 1006 2856 ad
1028 2794 1148 2854 modum
1163 2791 1251 2863 illud,
1275 2795 1365 2855 sedeo
1380 2792 1467 2854 sedes
1483 2792 1569 2854 sedet

272 2899 329 2961 talo
353 2907 397 2959 cst
425 2896 512 2977 quale
539 2896 645 2976 pudet,
674 2896 733 2956 tale
762 2905 806 2957 est
833 2896 920 2976 quale
949 2899 1088 2977 paenitet.
1133 2914 1204 2974 ergo
1226 2896 1294 2969 ideo
1317 2898 1377 2957 dixi
1399 2896 1487 2955 modo
1509 2897 1566 2956 ista

272 3000 361 3062 verba
384 3018 450 3060 esse
473 2999 633 3074 defectiva,
657 3000 724 3077 quia
746 3001 777 3058 in
801 3008 829 3060 et
852 3008 974 3069 exeunt,
999 3008 1029 3060 ει
1050 3001 1149 3060 omnia
1171 3018 1245 3078 quae
1268 3001 1298 3058 in
1322 3008 1350 3058 et
1373 3006 1482 3058 exeunt
1503 3005 1606 3060 ter-2⁵

271 3107 329 3164 tiae
352 3110 423 3164 sunt
444 3120 589 3181 personae
612 3120 628 3160 a
651 3100 748 3160 rerbis
770 3103 918 3180 perlectis.
965 3104 990 3161 si
1013 3122 1070 3163 una
1094 3109 1139 3162 est
1161 3100 1362 3161 deficientibus
1385 3099 1512 3167 duabus,
1538 3108 1568 3160 ot

272 3206 322 3267 illo
345 3205 410 3265 loco
433 3203 510 3264 bene
532 3202 722 3282 inpersonalo
746 3203 815 3273 dixi,
832 3213 861 3263 ει
876 3204 932 3262 hoc
954 3203 1019 3264 loco
1036 3204 1112 3263 boue
1135 3203 1312 3264 defectivum
1336 3204 1402 3276 dixi,
1427 3204 1567 3282 quoniam

272 3309 387 3368 videtur
410 3307 466 3366 hoc
489 3308 599 3366 lactum
623 3325 688 3365 esse
711 3306 834 3366 veritum
857 3305 980 3385 perditis
1003 3305 1116 3365 duabus
1138 3308 1284 3384 personis,

154 3433 213 3494 437,
231 3433 260 3482 13
358 3407 488 3469 Verbum
516 3427 603 3488 quant
633 3407 860 3468 declinationem
884 3407 1067 3468 inchoaverit
1094 3407 1131 3468 ab
1160 3409 1253 3475 initio,
1277 3409 1369 3485 ipsam
1393 3406 1483 3468 debet
1503 3425 1567 3468 ser·

205 3562 216 3580 ,
275 3531 343 3573 vare
365 3529 459 3590 usque
481 3510 517 3569 od
541 3512 639 3569 linem.
685 3518 754 3588 puta
778 3512 904 3569 activum
927 3529 1021 3589 usquo
1044 3509 1080 3568 ad
1104 3512 1192 3569 linem
1215 3512 1308 3588 ipsam
1332 3508 1421 3569 debet
1442 3511 1567 3570 actirarn
1581 3532 1610 3574 so

275 3633 409 3681 servare,
443 3614 591 3692 passivum
625 3629 719 3688 nsque
753 3609 788 3669 ad
822 3613 909 3670 ltnern
938 3613 1084 3691 passivam
1113 3611 1201 3671 debet
1228 3630 1355 3672 serrare.
1402 3620 1472 3690 puta
1500 3611 1569 3690 lego

275 3717 400 3776 activum
431 3724 488 3783 cst,
519 3713 584 3791 lege
613 3715 738 3773 activum
768 3721 825 3782 est,
857 3715 968 3774 utinam
998 3713 1127 3791 legerem
1150 3715 1276 3774 activum
1301 3721 1358 3781 est,
1382 3732 1448 3772 cum
1470 3712 1569 3791 legant

276 3818 402 3876 activum
426 3825 485 3884 est,
509 3834 563 3893 per
587 3835 690 3875 ornnes
713 3815 816 3874 modos
839 3814 928 3875 debet
951 3836 1014 3876 esse
1038 3817 1173 3876 actirunr.
1210 3817 1315 3875 iterum
1340 3815 1432 3893 legor,
1456 3813 1568 3894 legere,

277 3920 388 3978 utinam
416 3917 548 3995 legerer,
578 3936 644 3976 otuu
673 3916 770 3993 legar,
801 3916 912 3993 ubique
935 3920 1048 3995 passiva
1071 3916 1229 3977 declinatio
1252 3927 1304 3977 est.
1349 3937 1420 3995 ergo
1443 3918 1570 3979 verbum

278 4038 365 4100 quam
389 4017 615 4078 declinationem
645 4018 843 4087 iuclroarerit,
867 4020 959 4097 ipsein
988 4019 1077 4080 debet
1104 4019 1269 4098 perducere
1293 4039 1385 4099 usque
1414 4019 1450 4078 ad
1479 4022 1611 4084 finoni-u

279 4122 408 4199 exceptis
436 4121 546 4199 paucis.
593 4139 661 4179 nom
689 4127 758 4179 sunt
787 4119 873 4180 rerba
897 4140 971 4200 quae
994 4123 1119 4182 miscent
1141 4114 1313 4200 istas'ipsas
1336 4122 1567 4201 declilnationos.

278 4220 421 4283 debemus
442 4220 489 4280 illa
513 4223 605 4290 sciro,
630 4241 666 4281 ne
689 4220 774 4281 nobis
796 4223 904 4282 faciant
927 4242 1072 4283 errorem.
1118 4223 1246 4303 gaudeo,
1272 4245 1341 4284 ecce
1365 4224 1420 4283 lroc
1444 4223 1569 4285 rerburn

278 4326 351 4387 duas
373 4327 444 4383 istas
467 4322 679 4383 declinationes
702 4325 839 4384 conlusas
866 4324 963 4384 babet.
1010 4345 1076 4385 nam
1099 4328 1250 4405 praesenti
1274 4335 1408 4405 tempore
1431 4335 1460 4385 et
1481 4346 1569 4405 prae-

276 4443 582 4455 ——-—

348 4515 381 4565 12
399 4512 509 4563 concedo
526 4513 571 4562 tibi
590 4513 673 4562 dicere
691 4521 718 4560 ut
736 4513 769 4562 sit
787 4512 812 4561 B
884 4511 915 4564 13
934 4512 1029 4561 trullum
1048 4514 1114 4562 enirn
1135 4523 1217 4580 potest
1231 4555 1321 4568 ,,,,,
1341 4516 1410 4563 exire
1429 4515 1454 4564 Α
1473 4514 1570 4564 nullum

278 4587 346 4635 enim
364 4585 468 4634 uerbum
488 4592 571 4647 potest
590 4584 716 4647 praesenti
736 4595 849 4648 ternpore
868 4584 938 4633 exire
957 4601 973 4632 u
1027 4584 1060 4632 tt
1079 4585 1102 4631 in
1124 4586 1131 4632 i
1151 4585 1287 4634 indicatiuo
1307 4585 1388 4634 ABG
1441 4585 1473 4635 lll
1491 4583 1569 4634 habet

278 4658 304 4706 in
321 4655 504 4705 elocutionibus
521 4654 574 4703 BG
594 4653 667 4702 lrabet
693 4656 717 4702 in
741 4654 906 4702 elocutionem
928 4655 952 4701 Α
1023 4655 1055 4703 ⁴21
1081 4657 1154 4703 otiam
1174 4670 1218 4704 ont.
1238 4655 1272 4715 Α,
1288 4657 1380 4706 oddo
1451 4655 1483 4703 at
1504 4654 1569 4705 boue

277 4728 366 4789 priore
379 4728 434 4786 loco
452 4740 497 4773 ortt.
511 4723 543 4782 A,
559 4722 621 4772 odd.
638 4739 654 4770 u
713 4724 857 4774 astrorum
878 4725 982 4772 uerbum
1003 4741 1058 4772 osse
1079 4725 1160 4774 „tric
1229 4726 1262 4775 29
1281 4742 1355 4786 qutun
1375 4725 1568 4774 declinationem

279 4796 332 4845 BC
353 4796 544 4844 declinationem
563 4808 638 4856 quam
655 4793 700 4842 Ab
787 4791 821 4843 30
843 4806 903 4858 puta
926 4796 1033 4842 uetiunrn
1054 4794 1235 4856 usqquBC
1324 4796 1355 4846 31
1377 4796 1505 4859 passiuanr
1526 4812 1569 4846 us·

280 4880 328 4927 que
346 4865 428 4915 ABG
496 4862 529 4913 37
548 4864 669 4913 debcrnus
688 4863 744 4914 illas
760 4866 825 4913 scire
844 4866 885 4914 Co
904 4864 1024 4913 debemus
1041 4866 1105 4913 sciro
1124 4866 1147 4912 Α
