3346 5498
757 361 828 424 ARS
1379 356 1441 422 3b3

1248 481 1269 523 p.
1283 467 1340 508 2036.
1354 466 1415 510 861‘.

157 574 260 616 omnes
288 573 372 614 casus
400 551 649 614 declinationibus
676 552 864 630 expleantur,
893 550 945 610 sed
974 550 1032 610 alio
1060 557 1147 630 atque
1170 551 1228 611 alio
1251 551 1385 617 nomine,
1409 556 1442 611 ut

156 660 206 720 hic
228 658 363 736 luppiter
385 655 474 716 buius
495 654 572 715 lovis
594 661 624 714 et
646 654 773 734 reliqua.

241 759 400 820 Praeterea
431 757 503 817 illud
538 757 627 819 etiam
661 756 820 833 diligenter
853 756 1043 816 considerare
1077 763 1107 815 et
1140 773 1257 815 servare
1289 752 1442 823 debemus
1454 761 1514 821 37⁷,
1526 761 1580 837 31ι
1622 780 1632 795 ·

157 862 235 942 quod
258 868 326 921 suut
348 861 466 921 nomina
493 876 568 938 quae
597 865 695 918 certos
723 876 808 918 casus
836 877 936 918 seeum
959 859 1185 918 coniunctorum
1207 858 1360 917 nominum
1381 864 1441 916 tra·

131 964 241 1023 abunt.
287 962 407 1023 trahunt
439 969 538 1021 autem
572 961 616 1021 vel
644 963 807 1038 genitivum
837 961 882 1020 vel
911 960 1042 1021 dativum
1070 959 1115 1020 vel
1145 961 1359 1027 accusativum,
1390 958 1442 1018 sed

157 1068 296 1143 figurate,
325 1065 370 1124 vel
398 1063 574 1132 ablativum,
604 1062 650 1122 vel
678 1064 767 1123 etiam
790 1064 949 1141 septimum
971 1081 1081 1123 casum.
1125 1064 1288 1139 genitivum
1318 1063 1361 1121 sic
1383 1068 1442 1120 tra-

156 1168 245 1235 hunt,
274 1166 378 1226 avidus
400 1148 480 1235 auri,
510 1164 664 1225 abstinens
686 1165 761 1234 cibi,
790 1168 912 1243 ignarus
935 1163 1021 1232 belli,
1045 1183 1168 1224 securus
1190 1183 1339 1233 amorum;
1368 1163 1443 1223 dati·

157 1287 225 1329 vum
253 1269 310 1337 sic,
343 1268 469 1328 iniestus
501 1267 595 1336 hosti,
629 1273 732 1343 gratus
764 1269 883 1335 amicis;
916 1268 1115 1327 accusativum
1145 1269 1203 1335 sic,
1227 1267 1280 1327 sed
1308 1268 1441 1343 figurate,

159 1371 263 1432 doctus
286 1388 467 1438 sermonem,
490 1371 590 1430 sciens
612 1368 803 1447 palaestram,
827 1387 934 1428 exosus
956 1366 1048 1436 bella,
1072 1371 1224 1447 praescius
1247 1369 1362 1436 lutura;
1391 1366 1442 1427 ab·

122 1474 279 1534 1⁰lativum
312 1475 370 1540 sic,
405 1471 553 1531 secundus
586 1491 602 1530 a
630 1471 769 1540 llomulo,
799 1470 874 1531 alter
902 1489 918 1530 a
947 1469 1041 1549 Sylla;
1075 1471 1233 1548 septimum
1261 1489 1361 1531 casum
1390 1472 1443 1539 sic,

161 1575 269 1653 dignus
291 1591 429 1643 munere,
452 1581 566 1634 mactus
588 1576 706 1634 virtute.

243 1675 318 1736 Sunt
350 1675 494 1754 quaedam
528 1677 661 1745 nomina,
695 1694 770 1755 quae
803 1694 870 1737 cum
899 1676 1027 1736 similem
1061 1676 1274 1735 nominativum
1306 1673 1442 1743 babeant,

160 1778 321 1839 dissimiles
344 1777 558 1838 declinationes
581 1795 635 1856 per
656 1777 792 1857 obliquos
814 1776 955 1838 exhibent
978 1795 1078 1845 casus,
1102 1785 1133 1836 ut
1155 1776 1229 1836 haee
1252 1777 1334 1836 frons
1356 1776 1445 1836 buius

160 1881 267 1940 frontis
290 1887 319 1939 et
342 1879 431 1938 huius
452 1878 567 1938 frondis
589 1887 619 1939 et
642 1880 794 1958 deinceps.
825 1882 896 1940 item
918 1888 1020 1939 contra
1043 1897 1078 1938 ex
1101 1878 1241 1938 dissImili
1264 1880 1444 1939 nominativo

51 2009 54 2012 ·
122 1981 274 2042 osimiles
302 1989 410 2040 exeunt
438 1979 552 2060 obliqui
580 1999 681 2050 casus,
709 1989 742 2042 ut
770 1981 844 2041 haec
872 1982 933 2040 lors
960 1988 991 2040 et
1017 1980 1066 2040 bic
1088 1989 1117 2039 et
1139 1980 1212 2040 haec
1233 1981 1333 2050 tortis,
1356 1980 1445 2042 buius

160 2085 260 2169 sortis,
284 2083 355 2148 huic
376 2082 447 2142 lorti
471 2089 500 2141 et
523 2082 673 2161 deinceps.

245 2184 329 2244 Nunc
352 2183 388 2243 de
411 2184 544 2261 analogia
568 2192 596 2244 et
620 2183 656 2243 dc
680 2185 807 2261 regulis,
836 2184 873 2244 de
901 2183 1010 2264 quibus
1037 2185 1134 2263 prima
1158 2192 1240 2262 parte
1264 2184 1335 2245 libri
1357 2185 1446 2246 buius

160 2285 166 2368 l
190 2290 256 2347 iura
279 2287 423 2366 quaedam
447 2286 619 2354 libavimus,
643 2305 718 2364 quae
741 2295 811 2347 sunt
832 2294 899 2365 apta
922 2286 1068 2354 dicemus,
1092 2287 1118 2345 si
1140 2288 1224 2364 prius
1247 2286 1283 2345 de
1306 2287 1444 2348 differen-

160 2391 200 2450 tia
222 2389 328 2449 harum
351 2387 526 2448 dixerimus
557 2388 692 2466 analogia
714 2397 759 2449 est
781 2407 868 2468 optram
892 2408 944 2449 nos
967 2390 1189 2467 proportionem
1212 2389 1349 2449 dicimus.
1372 2389 1446 2450 haec

122 2508 147 2548 ro
161 2509 235 2569 quae
269 2489 306 2550 ad
338 2492 560 2566 grammaticam
589 2493 719 2570 pertinet
749 2490 835 2568 longe
863 2493 1015 2569 angustior
1046 2499 1075 2550 et
1102 2493 1283 2551 contractior
1314 2510 1362 2551 res
1391 2500 1445 2561 est,

160 2610 247 2671 quam
271 2591 383 2668 regula.
428 2591 500 2651 lxaec
522 2594 602 2652 enim
630 2580 731 2653 latius'
747 2593 973 2672 generaliusque
996 2592 1146 2653 definitur.
1190 2593 1323 2670 analogia
1346 2601 1446 2653 autem

161 2697 191 2753 iu
218 2695 322 2773 paucis
350 2693 495 2772 exemplis
523 2695 666 2756 similium
694 2696 808 2772 ratione
837 2703 986 2763 versatur,
1016 2695 1046 2756 in
1074 2703 1188 2755 tautum
1216 2703 1248 2754 ut
1271 2696 1446 2776 plerumque

161 2797 250 2856 etiam
272 2797 303 2854 in
325 2795 372 2854 bis
395 2796 591 2865 dictionibus,
621 2816 696 2876 quae
722 2797 843 2875 regulae
865 2816 924 2858 non
948 2799 1094 2864 serviunt,
1124 2815 1257 2876 quaeque
1280 2798 1335 2857 sub
1358 2816 1446 2875 regu·

160 2898 218 2958 lam
241 2916 299 2957 non
322 2898 445 2967 cadunt,
475 2900 603 2958 inveniri
631 2899 766 2975 analogia
794 2902 904 2977 possit,
933 2901 1010 2959 sicut
1032 2917 1086 2958 sno
1108 2899 1174 2960 loro
1197 2899 1284 2977 paulo
1306 2907 1373 2978 post
1394 2900 1445 2960 de·

122 2998 403 3060 aemonstrabimus
442 3018 512 3078 ergo
535 3000 668 3076 analogia
691 3003 842 3061 nominum
865 3003 896 3061 in
920 3000 1086 3060 conlatione
1110 3003 1236 3060 maxime
1258 3003 1389 3081 parium,
1413 3009 1446 3062 ut

160 3101 248 3161 bomo
279 3120 450 3180 sermoque,
486 3110 516 3160 et
548 3100 742 3161 similitudine
775 3102 1034 3171 diminutivorum,
1068 3121 1143 3181 quae
1172 3101 1210 3163 ab
1238 3103 1285 3163 his
1314 3105 1444 3173 veniunt,

161 3205 297 3264 consistit
326 3211 412 3282 atquc
440 3205 632 3283 perspicitur.
676 3202 778 3280 regula
805 3213 905 3265 autem
932 3204 1126 3282 generalitate
1156 3205 1281 3284 quadam
1310 3224 1446 3283 maguam

161 3304 382 3366 multitudinem
405 3307 557 3365 nominum
579 3305 810 3385 conprehendit,
834 3325 910 3385 quae
933 3306 988 3366 sub
1011 3305 1135 3366 eandem
1158 3308 1304 3366 rationem
1326 3307 1445 3368 cadunt.

162 3415 249 3486 atque
278 3409 409 3485 ipsarum
437 3426 555 3486 quoque
585 3408 755 3484 regularum
783 3407 858 3467 aliae
881 3415 950 3468 suut
972 3409 1066 3485 magis
1088 3408 1258 3484 generales,
1280 3410 1357 3468 sieut
1379 3428 1446 3470 mox
1508 3423 1519 3446 ⁸

124 3529 149 3569 ao
162 3507 328 3587 apparebit.
373 3527 451 3568 nunc
479 3511 571 3586 igitur
593 3509 629 3568 de
652 3509 779 3587 regulis,
802 3528 876 3588 quas
898 3500 1004 3570 Graeci
1026 3527 1154 3569 canones
1175 3509 1342 3588 appellant,
1366 3511 1446 3571 dice·

162 3628 240 3679 mus,
271 3628 304 3669 ac
332 3612 417 3688 prius
445 3610 481 3670 de
510 3611 556 3671 lris
584 3631 656 3691 (quas
684 3610 828 3673 ablativus
856 3629 942 3671 casus
969 3614 1085 3672 numeri
1118 3611 1278 3689 singularis
1308 3613 1446 3681 ostendit,

162 3713 301 3790 quoniam
330 3709 385 3771 liae
414 3711 551 3773 breviore
579 3713 703 3791 quadam
734 3715 778 3774 via
807 3714 842 3775 ad
876 3713 1113 3774 emendationem
1142 3714 1282 3793 loquendi
1310 3716 1446 3777 sufficere

162 3831 250 3892 posse
273 3814 446 3874 creduntur.

246 3913 350 3975 Omnia
374 3919 492 3977 nomina
515 3917 644 3978 ablativo
666 3936 736 3977 casu
759 3919 904 3997 singulari
927 3920 1058 3998 quinque
1081 3918 1190 3978 litteris
1212 3917 1364 3978 vocalibus
1386 3926 1447 3979 ter·
1461 3930 1549 3990 3⁷8,3

124 4018 321 4076 asnrinantur.
352 4020 443 4095 igitur
465 4038 519 4097 per
542 4019 673 4096 singulas
696 4019 820 4089 litteras,
844 4039 932 4100 quem
954 4020 1129 4080 admodum
1151 4020 1291 4080 similiter
1313 4020 1371 4080 sibi
1394 4039 1449 4100 per

163 4137 265 4178 omnes
287 4137 373 4180 casus
396 4123 514 4182 nemina
538 4140 613 4200 quae
636 4121 777 4182 similiter
798 4123 928 4184 ablativo
950 4141 1020 4183 casu
1043 4123 1187 4200 singulari
1211 4123 1322 4183 luerint
1344 4124 1447 4183 termi-

233 4374 483 4425 ldeclinationisB
550 4372 697 4441 3servare]
718 4389 869 4426 conseruare
886 4378 919 4428 M
985 4376 1067 4427 bned
1083 4393 1131 4430 om.
1150 4379 1184 4429 M
1251 4380 1390 4428 'laeenrus
1407 4391 1448 4424 sr-

164 4458 263 4492 morom
281 4443 311 4492 M
379 4442 512 4512 8gratus]
527 4446 651 4511 grauidas
666 4445 691 4494 B
761 4443 957 4512 Opalsestram]
978 4447 1130 4511 palestinam
1149 4448 1181 4498 M
1248 4446 1281 4498 10
1298 4445 1400 4496 ebsille
1418 4446 1451 4495 M

235 4512 267 4562 la
285 4513 344 4561 dnm
364 4517 473 4565 similem
494 4517 675 4565 nominatiuum
695 4514 788 4564 hebent
806 4516 838 4566 M
926 4514 957 4566 13
975 4524 1003 4565 ut
1019 4527 1078 4567 sunt
1095 4517 1157 4567 baec
1177 4516 1247 4564 lrons
1266 4515 1342 4564 buius
1358 4514 1448 4563 frontis

164 4593 189 4632 et
206 4580 283 4632 buius
298 4583 443 4634 lrondisM
459 4593 485 4633 nt
505 4585 575 4634 irons
596 4583 688 4635 icontie
706 4583 776 4635 frons
791 4584 889 4635 frondis
907 4585 932 4635 B
1002 4587 1034 4636 17
1052 4585 1188 4651 dereguls
1206 4585 1237 4634 M
1305 4583 1448 4648 dequibus

163 4679 196 4689 -
214 4662 273 4718 apta
291 4670 338 4704 orn.
358 4655 397 4716 M,
414 4655 440 4703 v'n
454 4671 533 4720 marg.
552 4654 614 4707 odd.
633 4671 656 4704 nr
726 4655 783 4704 libri
801 4655 925 4717 quaedem
944 4655 1079 4705 libsnimos
1095 4653 1177 4720 (corr.
1197 4653 1344 4715 libabimus)
1360 4670 1383 4701 m

166 4721 198 4771 18
216 4738 281 4785 quae
299 4733 357 4788 epta
377 4726 456 4774 uerba
475 4726 588 4775 dicemus
605 4724 631 4774 B
701 4723 734 4775 19
751 4724 815 4774 haec
836 4740 902 4789 quse
920 4722 977 4791 etc]
1002 4727 1028 4774 in
1043 4741 1122 4790 marg.
1139 4724 1292 4784 adscriptum
1307 4731 1345 4772 est
1363 4721 1449 4773 rhetor

165 4791 195 4839 M
264 4793 296 4842 25
310 4808 371 4858 ergo
389 4809 434 4843 orn.
455 4796 486 4844 M
555 4796 673 4862 analogia
691 4795 821 4844 nominum
841 4796 952 4845 maxime
970 4797 996 4845 in
1013 4796 1155 4848 conlatione
1170 4792 1268 4858 parium
1289 4801 1314 4840 et
1332 4793 1448 4843 similitu·

165 4860 221 4910 dine
240 4862 273 4911 M
339 4862 374 4914 30
390 4862 478 4928 igitur}
497 4865 628 4915 autemM
696 4863 730 4917 31
741 4861 823 4934 nqueo]
843 4879 909 4930 quae
925 4863 987 4916 Ml.
1056 4864 1092 4917 32
1108 4860 1168 4930 hac]
1189 4862 1251 4914 baec
1269 4861 1301 4912 M
