3346 5498
184 1851 241 1916 Ex
269 1851 362 1917 libris
389 1873 488 1915 manu
516 1851 647 1938 scriptis
675 1847 834 1938 Pompeii
850 1852 1057 1938 grammatici
1090 1863 1157 1918 tres
1185 1853 1393 1940 potissimum

104 1952 201 2038 elegi,
225 1975 363 2040 quorum
377 1952 475 2017 fidem
495 1954 530 2017 in
545 1953 671 2018 edendo
685 1952 770 2020 libro
786 1976 955 2041 sequerer,
978 1977 1114 2040 eosque,
1137 1964 1175 2018 ut
1190 1956 1270 2019 mibi
1285 1957 1392 2022 visum

104 2067 167 2138 est,
191 2078 304 2121 omnes
326 2078 412 2120 nono
434 2054 564 2120 saeculo
587 2056 743 2142 scriptos,
766 2079 867 2120 unum
890 2049 1242 2141 Wolfenbuttelanum,
1265 2060 1321 2144 qui
1343 2069 1394 2123 est

103 2158 184 2221 inter
211 2158 342 2223 codices
371 2155 702 2242 Weissenburgenses
731 2158 772 2222 86
801 2158 878 2244 (A),
908 2159 990 2223 duos
1019 2158 1204 2242 Parisinos,
1232 2160 1288 2245 qui
1316 2159 1394 2225 olim

103 2258 233 2324 fuerunt
255 2258 557 2343 Sangermanenses
581 2259 664 2324 1179
686 2259 744 2341 (Β)
767 2269 800 2324 01
824 2257 905 2324 1180
929 2259 996 2345 (C).

184 2360 301 2426 Codex
322 2359 649 2427 Wolfenbuttelanus
668 2360 856 2427 Weissenb.
879 2361 920 2425 86
942 2367 1059 2435 „codex
1080 2367 1253 2428 monasterii
1269 2375 1394 2429 saneto-

102 2483 165 2526 mm
189 2468 275 2542 petri
299 2473 328 2526 et
349 2469 440 2543 puali
464 2469 496 2527 in
522 2467 718 2540 vissenburp“
745 2463 891 2528 continet
922 2465 1185 2530 membranarum
1218 2465 1393 2532 fasciculos

103 2565 220 2649 viginti
249 2575 375 2652 septem
401 2564 527 2630 formae
555 2563 734 2651 quadratae
766 2565 919 2648 minoris,
948 2588 965 2631 e
993 2568 1111 2653 quibus
1134 2568 1177 2632 ad
1199 2568 1393 2654 Pompeium

103 2669 265 2752 pertinent
287 2667 515 2752 quaterniones
531 2666 650 2751 viginti
670 2675 736 2731 tres
758 2676 790 2731 et
811 2667 1020 2733 membranae
1043 2669 1216 2735 duodecim
1238 2670 1273 2733 in
1293 2691 1394 2734 unum

103 2767 296 2833 fasciculum
328 2777 532 2856 compactae:
567 2791 599 2854 q.
624 2768 715 2832 1-5
749 2772 1016 2835 OOMMENTIIM
1044 2775 1171 2835 ARTIS
1199 2775 1358 2836 DONAI'I
1386 2773 1390 2852 Ι

103 2877 329 2948 uniuscuiusque
350 2877 474 2934 scientia
495 2910 537 2918 —-
558 2875 610 2934 ubi
624 2891 680 2951 pes
698 2877 767 2946 finit
788 2870 835 2957 (p.
857 2871 973 2936 3-82
996 2872 1047 2936 ed.
1069 2872 1200 2958 Line),
1223 2896 1253 2959 q.
1277 2872 1394 2936 6-24

102 2976 261 3037 INCIPIT
273 2975 540 3037 EXPLANATIO
554 2975 733 3036 NOMINIS
750 2972 754 3057 Ι
774 2976 932 3037 POMPEI
946 2978 1204 3038 GRAMMATIC.
1219 2979 1315 3059 (corr.
1334 2978 1378 3039 CI
1380 2975 1393 3058 )
1476 3035 1479 3038 ,

104 3076 271 3158 1011ιί01111
293 3086 400 3155 partes
421 3085 577 3153 —potest
603 3079 665 3138 dici
686 3073 731 3161 (p.
756 3075 940 3162 82-414).
969 3073 1103 3161 reliquis
1126 3076 1393 3161 quaternionibus

103 3176 205 3241 tribus
230 3177 437 3240 continentur
459 3174 555 3257 haec,
580 3174 782 3240 Cassiodorii
804 3177 966 3262 praefatio
986 3176 1026 3241 (10
1049 3175 1243 3264 disciplinis,
1266 3184 1394 3240 intentus

103 3282 181 3342 110111·
206 3316 240 3325 -
267 3283 349 3342 dieto
367 3283 519 3357 precipiat
541 3276 586 3363 (p.
602 3276 675 3342 519.
697 3276 761 3341 520
783 3279 833 3344 ed.
854 3280 961 3362 Gan).
984 3279 1132 3344 eiusdem
1154 3278 1194 3343 de
1216 3278 1392 3364 generibus

103 3402 274 3445 causarum
295 3390 470 3445 tractatus:
486 3401 518 3466 p.
534 3379 606 3458 497,
627 3379 764 3444 27-34
779 3380 831 3444 ed.
846 3377 956 3444 Halm.
973 3385 1010 3443 de
1021 3385 1148 3460 pedibus
1162 3387 1307 3461 expositio
1322 3383 1394 3442 Iulii

105 3486 219 3545 Seueri:
241 3479 334 3547 Muli.
350 3480 475 3545 Theod.
491 3480 543 3545 ed.
558 3480 661 3545 Heus
685 3505 717 3568 p.
735 3481 869 3559 71-81,
900 3486 1024 3546 Esidori
1043 3488 1168 3546 iunioris
1184 3487 1394 3562 palestiucnsis

104 3590 233 3663 episcopi
249 3592 467 3660 erammuticoe
481 3589 555 3647 artis
569 3602 645 3647 nom.
658 3604 755 3662 prepa
769 3597 798 3647 et
811 3589 908 3649 latina
923 3595 1040 3647 notula·
1062 3584 1106 3651 ib.
1122 3607 1154 3670 p.
1170 3583 1305 3648 81-85.
1320 3603 1393 3647 cue·
1421 3601 1425 3607 ·

104 3707 191 3748 surae
212 3707 368 3749 uersuum:
391 3686 437 3751 ib.
453 3707 485 3771 p.
501 3685 637 3750 86-90.
660 3690 698 3748 de
717 3693 832 3750 metrIs:
851 3686 896 3752 ib.
912 3709 944 3772 p.
960 3685 1095 3750 91-98.
1112 3683 1216 3750 Mullii
1231 3684 1395 3750 Theodori
1458 3693 1461 3700 '

105 3786 143 3850 de
163 3787 279 3850 metris
302 3785 431 3853 libellus
454 3787 496 3853 ab
519 3786 725 3872 Heusingero
741 3811 784 3852 ex
802 3787 863 3853 hoc
877 3787 989 3852 codice
1011 3787 1128 3852 editus.
1158 3787 1266 3864 omnia
1281 3786 1395 3852 eadem

105 3911 200 3952 manu
224 3889 348 3974 scripta
369 3899 463 3972 sunt,
485 3889 602 3955 litteris
625 3900 735 3954 tamen
757 3913 821 3954 non
844 3887 960 3955 eodem
983 3889 1086 3955 ductu
1107 3912 1165 3976 per
1187 3911 1298 3952 omnes
1320 3911 1394 3975 par-

104 4000 150 4054 tes
173 3991 331 4054 exaratis.
370 3991 428 4055 sed
450 3992 484 4054 in
506 3991 654 4076 Pompeii
677 3989 761 4056 libro
783 4001 878 4056 vetus
902 3992 1065 4079 scriptura
1086 3990 1235 4080 plurimis
1258 3989 1337 4055 locis
1361 3999 1395 4054 ot

104 4092 242 4159 diversis
266 4091 416 4156 manibus
440 4104 603 4174 correcta,
633 4116 698 4158 non
726 4116 900 4179 numquam
924 4094 1021 4159 etium
1045 4116 1065 4157 a
1087 4093 1325 4159 correctoribus
1349 4094 1396 4156 ita

104 4194 210 4259 deleta
233 4205 299 4274 cst,
322 4205 359 4258 ut
381 4194 460 4280 quid
481 4193 558 4258 olim
580 4197 738 4281 scriptum
759 4194 859 4261 fuerit
881 4217 946 4259 non
968 4195 1136 4281 adpareat.
1166 4195 1200 4258 in
1221 4195 1262 4259 iis
1285 4204 1394 4259 autem
1514 4198 1517 4204 '

103 4320 184 4383 quae
207 4307 324 4383 postea
345 4295 512 4382 adscripta
534 4307 610 4361 sunt
632 4296 794 4383 quaedam
816 4296 951 4361 eandem
974 4298 1042 4361 fere
1065 4304 1222 4377 aetatem,
1238 4318 1303 4382 qua
1324 4297 1395 4381 ipse

102 4396 184 4464 liber
207 4401 350 4485 scriptus
373 4408 440 4479 eet,
463 4397 523 4462 sed
546 4398 714 4463 diversam
735 4407 844 4462 tamen
864 4421 884 4462 a
898 4407 1008 4462 vetere
1023 4396 1157 4462 librario
1170 4418 1303 4460 manum
1316 4416 1395 4481 prae

103 4523 136 4564 se
158 4501 279 4566 ferunt.
317 4510 460 4565 ceterum
482 4510 628 4564 extrema
649 4523 726 4586 pars
748 4499 824 4564 libri
847 4499 996 4563 devitiis
1019 4508 1053 4562 et
1074 4499 1253 4564 virtutibus
1276 4495 1394 4561 oratio-

103 4602 169 4684 nis,
192 4603 334 4689 quaein
356 4602 466 4667 codice
489 4601 595 4682 deest,
623 4611 681 4666 aut
701 4622 877 4685 numquam
900 4600 1023 4686 scripta
1044 4601 1108 4664 fuit
1129 4609 1187 4664 aut
1207 4598 1394 4681 antiquissi-

103 4727 153 4768 mo
183 4704 250 4767 iam
278 4713 422 4790 temporo
450 4705 557 4789 periit.
602 4727 678 4768 nem
701 4713 795 4767 vetus
823 4701 1087 4766 membranarum
1110 4700 1208 4778 ordo,
1231 4702 1287 4786 qui
1308 4721 1395 4763 nunc

104 4805 314 4890 perturbatus
337 4815 386 4868 est
408 4806 442 4869 in
463 4804 591 4886 codiee,
614 4805 759 4868 numeris
775 4804 808 4867 in
823 4804 897 4867 imis
913 4803 1116 4887 marginibus
1139 4803 1274 4894 antiqua
1295 4823 1395 4865 manu

105 4907 235 4992 scriptis
264 4907 426 4971 indicatus
455 4917 517 4971 ost.
561 4906 675 4970 eadem
699 4928 796 4969 manu
819 4904 1067 4990 inscriptiones„
1096 4926 1234 4989 quarum
1256 4902 1394 4987 vestigia

1148 5007 1193 5070 (5ss
