3346 5498
160 365 202 430 38
724 360 898 424 CLEDONll

186 487 208 530 p.
225 475 281 517 nea
295 475 320 516 ει
333 472 357 514 ε.

160 556 303 634 genetivi,
331 571 450 615 nomeu.
495 560 632 613 metuens
659 548 863 628 quaerendum
887 557 932 610 εει
953 556 1054 611 utrum
1075 549 1263 629 participium
1285 568 1322 611 au
1345 569 1455 612 nomen

160 658 210 718 sit:
234 659 259 718 si
280 657 416 735 genetivo
439 655 542 726 servit,
566 671 676 715 nomen
699 660 756 722 cst,
780 658 815 714 ut
835 662 972 713 metuens
993 654 1051 721 tni;
1081 653 1107 712 si
1129 653 1311 722 accusativo,
1335 653 1455 731 partici-

159 760 257 839 pium,
292 765 324 819 ut
350 765 485 819 metuens
519 765 559 817 te.
609 755 764 835 participia
799 756 952 834 praeteriti
983 756 1128 836 temporis
1160 773 1178 815 a
1211 753 1380 816 nominihus
1414 757 1456 817 ita

161 861 378 930 discernuntur,
400 868 443 930 ut,
466 860 491 920 si
514 857 667 939 participia
690 857 810 927 luerint,
833 855 983 917 secundae
1004 859 1065 918 siut
1087 856 1305 926 declinationis,
1330 864 1457 938 utputa

161 963 209 1024 hic
231 963 311 1024 visus
333 960 421 1023 huius
442 961 512 1029 visi;
541 961 565 1021 si
587 960 708 1020 uomina
735 958 860 1028 inerint,
883 965 1006 1039 quartae
1029 961 1088 1021 sint
1110 958 1328 1029 declinationis,
1353 967 1386 1020 ut
1408 958 1482 1024 hicn

43 1075 102 1138 att,
117 1074 148 1126 ιιι
161 1067 241 1126 visus
255 1063 343 1125 huius
357 1065 445 1124 visus.
463 1096 504 1107 -
519 1059 783 1140 superlativus
804 1062 1001 1140 positivus:
1025 1063 1170 1140 positivus
1191 1079 1252 1121 non
1275 1069 1321 1122 est
1336 1061 1457 1139 gradus,

161 1167 273 1229 nullam
301 1165 391 1226 hahet
417 1163 539 1226 alterius
561 1164 783 1243 expressionem
806 1171 1005 1242 conparatam.
1051 1162 1157 1224 doctus
1178 1162 1378 1242 simplicitudo
1401 1169 1483 1260 εει,ί

118 1278 223 1331 ιιιιοιι
246 1267 374 1329 collatio.
397 1299 440 1309 —
461 1266 504 1326 Vt
524 1266 679 1327 tortior:
702 1265 865 1327 notandum
889 1265 969 1345 quod
992 1266 1199 1345 conparativns
1222 1264 1331 1344 gradus
1353 1262 1458 1326 ablati·

161 1390 228 1432 vum
261 1369 442 1447 singularem
475 1384 594 1447 semper
625 1369 657 1429 in
691 1369 833 1438 emittit,
868 1375 901 1428 ut
934 1367 971 1428 ab
999 1367 1056 1429 hoc
1083 1362 1225 1448 loriltiore
1248 1366 1391 1429 doctiore.
1414 1401 1459 1412 -

117 1472 313 1551 ltSemper
336 1470 538 1531 communis
560 1476 632 1529 est:
656 1486 716 1531 non
738 1487 857 1549 semper
879 1471 998 1548 generis
1021 1471 1187 1531 communis
1209 1478 1269 1539 eat,
1286 1470 1354 1547 quia
1375 1471 1456 1531 inve·
1471 1491 1496 1533 ro

161 1575 241 1635 nitur
263 1591 372 1635 nomen
394 1573 426 1632 in
449 1573 650 1651 comparativo
672 1570 780 1650 gradu,
814 1572 894 1652 quod
923 1591 983 1634 nou
1011 1573 1049 1633 sit
1069 1572 1189 1650 generis
1211 1572 1391 1643 communis,
1425 1579 1459 1633 ut

161 1669 270 1736 senior.
309 1675 411 1736 senior
433 1691 503 1735 vero
533 1673 570 1734 de
603 1674 666 1734 viro
690 1673 830 1745 dicimus,
865 1673 902 1735 de
930 1675 1056 1735 muliere
1078 1674 1179 1736 dicere
1200 1692 1262 1735 non
1283 1671 1457 1757 poslsnmns,

116 1757 146 1829 2'1
161 1777 213 1838 sed
238 1776 365 1838 dicimus
393 1777 486 1854 magis
513 1794 597 1837 auus.
620 1808 662 1818 —
690 1776 775 1837 Nam
808 1795 875 1856 pro
909 1779 1168 1856 comparativo
1201 1778 1328 1855 magis:
1366 1778 1460 1855 magis

162 1880 376 1959 comparativus
397 1886 444 1939 est
466 1885 496 1937 ει
516 1876 584 1938 ideo
607 1896 675 1938 cum
698 1880 897 1958 comparativo
920 1896 979 1939 uon
1002 1880 1137 1958 ponitur,
1166 1879 1234 1958 qnia
1257 1878 1317 1940 duo
1340 1897 1458 1959 compa·

161 1983 247 2043 rativi
273 1982 345 2062 poni
374 1998 433 2041 nou
461 1986 586 2059 possunt
613 1979 692 2059 (nam
721 1988 765 2041 est
793 1980 1010 2059 soloecismus),
1036 1977 1041 2061 l
1065 1979 1117 2041 scd
1140 1981 1265 2060 positivo
1287 1980 1459 2059 adiungitur
1474 2002 1498 2043 ιε

62 2087 103 2136 ιι.
118 2088 150 2138 25
162 2084 265 2161 magis.
290 2082 466 2143 -Extra
489 2081 583 2143 hanc
606 2081 778 2143 formam:
803 2090 885 2144 extra
901 2080 1134 2160 hancregulam.
1157 2117 1200 2126 —
1222 2061 1479 2161 Comparatio·

163 2185 364 2245 nominum:
393 2185 576 2265 comparatio
603 2185 633 2243 iu
657 2185 857 2265 comparativo
886 2191 915 2244 et
937 2183 1117 2264 superlativo
1140 2192 1193 2246 est.
1238 2186 1382 2264 positivus
1403 2203 1460 2264 pro

163 2286 255 2365 gradu
278 2305 338 2348 non
361 2288 521 2366 accipitur,
557 2288 625 2363 quia
648 2287 713 2364 ipse
733 2284 764 2345 id
788 2293 847 2356 est,
879 2286 958 2363 quod
982 2293 1027 2346 est
1049 2294 1079 2347 et
1100 2304 1225 2356 nomen,
1259 2285 1338 2366 quod
1362 2293 1461 2348 estet

117 2395 150 2444 vv
162 2407 273 2468 genus,
298 2388 378 2468 quod
401 2396 445 2450 est
468 2397 497 2449 et
520 2406 614 2449 casus.
637 2387 744 2448 —Et
766 2386 977 2449 absolutus:
1002 2389 1071 2468 qnia
1093 2387 1174 2449 solus
1193 2406 1303 2449 nomen
1319 2388 1458 2450 declarat.

163 2525 204 2534 -
237 2491 521 2572 comparativus
554 2488 694 2567 gradus
727 2491 989 2570 praeponitur:
1028 2496 1109 2551 tanta
1130 2491 1175 2551 vis
1203 2499 1248 2552 est
1269 2493 1498 2570 comparativiao

118 2594 287 2671 asgradus,
311 2603 344 2654 ut
364 2593 515 2654 interdum
543 2600 572 2653 ει
599 2592 811 2671 superlativum
840 2593 946 2653 vincat.
970 2627 1012 2636 —
1041 2595 1082 2654 vt
1102 2591 1273 2655 stultior:
1296 2612 1364 2654 nam
1387 2594 1460 2656 stul-

163 2696 221 2757 tior
243 2696 310 2776 plus
331 2696 477 2773 siguificat
498 2712 585 2775 quam
609 2694 813 2755 stultissimus:
838 2693 956 2755 Ovidius
977 2697 1009 2755 in
1031 2713 1111 2756 nono
1133 2694 1404 2775 Metamorphoscos

700 2815 773 2857 non
795 2795 863 2856 hoc
885 2797 1039 2858 inimica
1061 2805 1255 2876 precatur,

317 2899 381 2960 sed
403 2915 655 2978 quaecumque
676 2896 749 2957 tihi
769 2899 1010 2960 iunctissima
1032 2900 1204 2961 iunctior
1227 2918 1308 2961 osse

318 3003 468 3081 expetit.
1473 3023 1500 3064 ac

166 3104 348 3165 —Doctior
371 3103 475 3163 dicunt
496 3103 680 3181 grammatici
702 3103 892 3181 comparativi
915 3101 1024 3180 gradus
1047 3121 1126 3172 esse,
1155 3122 1223 3164 curn
1251 3122 1301 3165 res
1322 3105 1385 3184 ipsa
1409 3104 1461 3166 do·

167 3214 232 3266 ceat
254 3214 283 3266 et
305 3223 410 3266 seusus
432 3222 498 3266 esse
520 3203 682 3284 praelativi.
728 3222 796 3266 nam
818 3222 886 3266 cum
909 3203 975 3265 dico
998 3205 1131 3266 ‘doctior
1152 3205 1201 3266 hic
1221 3204 1301 3276 illo’,
1323 3225 1383 3267 uon
1400 3216 1462 3270 tam

168 3310 195 3369 ei
209 3307 311 3369 videor
332 3306 459 3370 alterum
483 3324 647 3386 conparare
666 3301 672 3387 Ι
691 3325 778 3387 quam
802 3306 964 3386 praeferre.
1010 3325 1101 3386 quare
1123 3308 1224 3388 potius
1246 3307 1296 3369 ille
1318 3308 1463 3370 dicendus

168 3417 213 3470 est
234 3410 461 3489 comparativus,
484 3408 602 3489 quando
624 3420 684 3469 tam
707 3408 752 3469 vel
774 3410 816 3469 sic
839 3408 977 3470 adverbia
999 3411 1150 3488 iungimus
1171 3411 1313 3490 positivo,
1336 3419 1369 3473 ut
1390 3419 1462 3491 puta

167 3516 244 3570 ‘tam
267 3511 371 3572 doctus
393 3510 442 3571 hic
464 3529 551 3590 quam
575 3509 651 3582 ille’,
675 3513 736 3571 ‘sic
759 3511 864 3573 doctus
888 3510 936 3572 hic
958 3520 990 3573 ut
1012 3512 1090 3573 ille'.
1136 3530 1207 3591 ergo
1230 3520 1370 3592 quattuor
1393 3522 1500 3576 suntao

121 3631 154 3681 ες
166 3610 286 3689 gradus.
310 3645 348 3655 —
375 3615 397 3673 Α
420 3613 600 3690 positivo:
624 3616 841 3693 comparativus
864 3613 1042 3693 aliquotiens
1064 3615 1162 3675 minus
1184 3633 1200 3675 a
1222 3616 1349 3695 positivo
1372 3617 1462 3694 signi-

168 3713 249 3783 licat,
284 3722 318 3774 ut
354 3714 470 3773 ‘mare
502 3713 697 3775 Ponticum
731 3713 879 3777 dulcius
912 3735 1015 3796 qnam
1050 3719 1196 3777 cetera’
1236 3714 1308 3796 [qno
1346 3717 1462 3779 dulcius

238 3916 299 3969 coa.
317 3917 397 3967 Bern.
419 3918 455 3967 Vl
475 3913 580 3967 5-6*.
658 3919 887 3984 lparticipinman
957 3915 1059 3984 duint]
1084 3928 1143 3970 sunt
1213 3920 1464 3986 iexpraesaionem

235 3986 253 4037 8
272 3985 373 4036 εοΙΙιιίο
392 3987 500 4050 qualitas
520 4000 536 4036 a
553 3986 635 4036 tribus
655 3988 765 4037 trahitur
784 3989 861 4038 rebus
885 3988 915 4038 ab
941 3990 1026 4039 animo
1051 3997 1078 4038 ut
1099 3991 1190 4041 doctus
1207 3990 1300 4041 stultus
1318 4005 1334 4040 a
1355 4007 1462 4058 corpore

169 4064 195 4105 ut
214 4056 318 4119 pulcher
340 4057 422 4120 turpis
440 4057 598 4107 extrinsecus
615 4067 642 4106 ut
661 4057 734 4107 diues
752 4057 897 4109 fortunatus
920 4061 1047 4123 quantitas
1069 4073 1175 4125 corpore
1193 4069 1221 4110 ut
1237 4060 1303 4110 altus
1320 4076 1417 4126 paruus
1436 4071 1464 4113 ιιι

170 4125 257 4175 fortior
328 4126 361 4178 10
379 4128 521 4178 cummunis
537 4130 626 4193 priore
643 4129 699 4179 loco
770 4126 801 4178 13
819 4144 884 4180 nnus
903 4128 1048 4193 qualitatem
1067 4130 1211 4194 significant
1224 4130 1334 4195 qualitas
1350 4146 1365 4181 a
1383 4133 1463 4182 tribua

170 4193 275 4245 trahitur
293 4195 369 4246 rebus
386 4197 417 4244 ab
437 4198 521 4249 animo
540 4207 567 4248 ιιι
585 4199 675 4248 doctus
702 4198 794 4248 stultus
817 4214 832 4249 a
852 4214 957 4266 corpore
980 4208 1008 4247 ιιι
1027 4198 1132 4264 pulcher
1154 4201 1236 4268 turpis
1260 4202 1419 4252 extrinsecus
1435 4210 1464 4253 ut

170 4265 242 4316 diues
262 4264 404 4317 fortunatus
426 4269 553 4331 quantitas
571 4284 632 4319 vvere
650 4285 665 4318 a
684 4283 791 4335 corpore
811 4272 858 4334 Ιιιι
874 4270 940 4319 altus
958 4283 1055 4334 paruus
1068 4284 1126 4319 nam
1142 4286 1188 4337 pro
1260 4273 1291 4322 15
1310 4270 1463 4335 solvcismus

240 4335 273 4387 18
290 4337 371 4399 ipsius
390 4346 417 4385 ιιι
436 4344 474 4385 εει
545 4341 577 4390 lil
602 4349 628 4388 ut
650 4340 780 4390 absolutus
849 4341 882 4391 21
909 4340 993 4388 uiucat
1012 4355 1070 4389 uam
1092 4339 1462 4406 nam(deletopriorenau1)

171 4405 270 4457 stultior
287 4405 345 4471 plus
364 4406 491 4470 signillcat
508 4424 583 4472 quam
605 4410 772 4460 stultissimus
790 4419 818 4460 ut
836 4409 937 4460 stultior
956 4408 1058 4460 ouidius
1129 4413 1162 4462 22
1181 4411 1393 4464 meramorloreoa

171 4475 204 4527 23
221 4484 353 4542 praecatur
422 4473 455 4525 26
476 4474 527 4543 res]
554 4493 600 4542 pes
669 4481 702 4530 27
722 4495 779 4531 ιιειιι
799 4479 856 4530 dico
927 4477 982 4545 iilo]
1004 4481 1054 4530 illia
1124 4481 1159 4532 28
1178 4479 1266 4548 qnare]
1284 4482 1358 4545 quale
1428 4481 1461 4535 31

171 4547 267 4614 gradus
284 4545 429 4612 appositiuo
1143 4545 1147 4555 “

171 4670 277 4678 ——a
305 4670 345 4674 ---
384 4669 387 4673 ν

240 4720 274 4770 22
293 4720 318 4768 in
337 4733 403 4769 nono
423 4717 665 4784 metamorphoseos]
683 4736 706 4769 o.
726 4720 777 4771 548
832 4718 865 4770 32
880 4720 949 4782 qnod
967 4721 1065 4770 dulcius
1080 4735 1149 4770 mare
1169 4732 1207 4772 εει
1225 4737 1300 4784 quam
1316 4724 1463 4773 communia

171 4790 251 4839 maria
275 4799 342 4839 sunt.
363 4788 464 4838 dulcius
487 4802 562 4851 qnam
581 4804 627 4855 pro
646 4789 744 4840 dulcius
766 4804 842 4854 quarn
865 4793 899 4840 ait
916 4791 996 4849 aliud,
1009 4806 1079 4843 marc
1097 4791 1170 4843 dulce
1189 4793 1332 4847 Putsrhiue.
1347 4794 1462 4858 sonuere

171 4873 220 4922 quo
237 4860 313 4911 modo
331 4860 430 4911 dulcius
449 4872 518 4908 uvare
537 4868 584 4924 εει,
603 4874 659 4909 cunr
678 4861 762 4909 omnia
775 4861 854 4910 vuaria
872 4874 957 4910 arnam
975 4861 1042 4912 aiut?
