3346 5498
143 772 202 835 arr,
216 773 231 821 o

243 366 306 432 342
789 369 991 432 CONSENTH

270 476 437 531 proeesse.

243 559 506 634 grammaticorum
530 563 609 614 recta
633 557 688 615 ista
705 556 811 615 divisio
827 563 887 624 est,
912 562 945 614 ut
962 556 1081 617 nomina
1103 573 1307 634 quaecumque
1329 554 1451 633 propria
1473 573 1534 614 non

244 666 312 718 sunt
333 657 499 735 generalia,
524 658 553 716 id
577 665 623 717 est
644 656 834 736 appellativa,
859 657 1007 717 dieantur.

328 761 506 839 conparatio
528 766 590 818 tres
611 759 721 835 gradus
743 759 848 828 habet,
872 761 1031 838 positivum
1047 759 1108 817 sive
1124 757 1305 827 absolutum,
1329 761 1534 839 quiquoniam

243 863 395 942 perlectus
417 868 478 930 est,
502 880 518 919 a
541 860 718 939 quibusdam
741 863 772 920 in
795 879 920 921 numero
942 860 1086 939 graduum
1102 878 1160 920 non
1176 866 1370 938 conputatur,
1394 867 1427 920 ut
1448 861 1535 920 fortis

243 965 364 1032 doetus,
388 965 629 1042 cooperativum,
654 981 670 1022 a
693 981 751 1042 quo
773 962 898 1040 gradum
921 965 1054 1040 incipere
1078 961 1196 1033 dicunt,
1224 969 1257 1021 ut
1279 963 1385 1021 sortior
1408 961 1560 1030 ductione

244 1067 471 1146 superlativum,
502 1074 535 1125 ut
563 1066 743 1124 fortissimus
772 1065 970 1124 doctissimus.
1015 1071 1215 1142 conparantur
1243 1082 1278 1123 ea
1311 1063 1371 1123 sola
1404 1066 1534 1132 nomina,

243 1187 319 1248 quae
354 1176 404 1228 aut
435 1167 611 1247 qualitatem
643 1167 812 1242 significant
845 1173 896 1226 aut
927 1167 1133 1245 quantitatem.
1177 1166 1230 1225 sed
1263 1184 1321 1226 non
1355 1168 1453 1225 omnia
1481 1184 1535 1246 per

244 1289 346 1331 omnes
373 1269 484 1347 gradus
511 1277 592 1328 eunt.
637 1267 794 1346 aliquando
824 1270 903 1327 enim
932 1270 1077 1346 positivus
1104 1250 1214 1344 gradus
1237 1273 1351 1327 tantum
1373 1269 1534 1335 invenitur,

244 1380 276 1432 ut
298 1371 473 1440 mediocris;
503 1369 662 1449 aliquando
689 1371 834 1446 positivus
860 1378 890 1428 et
918 1371 1140 1448 conparativus,
1169 1376 1202 1429 ut
1224 1386 1313 1430 senex
1336 1370 1452 1439 senior;
1481 1369 1534 1428 ali-

244 1474 362 1553 quando
384 1475 528 1552 positivus
551 1479 581 1531 et
603 1470 814 1550 superlativus,
838 1473 953 1550 utplus
968 1473 1136 1550 piissimus:
1160 1470 1321 1550 quodcum
1344 1471 1456 1538 evenit,
1480 1488 1535 1548 pro
1550 1485 1574 1523 ιο

244 1575 374 1635 secundo
396 1574 490 1651 gradu
512 1574 608 1650 magis
629 1572 802 1633 adverbium
826 1575 978 1651 ponimus,
1003 1581 1036 1634 ut
1058 1575 1153 1650 magis
1174 1575 1255 1651 pius:
1285 1573 1443 1653 aliquando
1464 1591 1534 1631 eon·

244 1679 395 1756 parativus
418 1683 448 1734 et
470 1675 681 1754 superlativus,
704 1682 738 1733 ut
761 1674 885 1733 ulterior
908 1675 1042 1746 ultimus;
1072 1675 1229 1754 aliquando
1251 1674 1448 1753 superlativus
1470 1681 1534 1733 tan-

245 1786 317 1848 tum,
341 1787 374 1837 ut
389 1780 576 1837 novissimus.
607 1783 690 1835 extra
713 1776 790 1835 lianc
812 1777 937 1836 lorniam
960 1784 1030 1837 sunt
1051 1795 1086 1836 ea
1109 1795 1184 1856 quae
1208 1796 1266 1836 non
1289 1777 1458 1845 inllexione,
1482 1775 1535 1835 sed

245 1882 441 1940 inmutatione
460 1881 702 1958 conparationem
720 1885 961 1956 repraesentant,
981 1887 1015 1938 ut
1031 1878 1127 1938 bonus
1148 1879 1250 1938 malus,
1282 1897 1349 1937 nam
1367 1880 1392 1952 si
1413 1878 1534 1937 llectere

243 1982 317 2042 velis
338 1985 401 2060 ipsa
425 1981 557 2041 absoluta
581 1983 715 2048 nomina,
744 1983 987 2058 conparationem
1009 1980 1129 2041 latinam
1153 2000 1211 2040 non
1234 1982 1383 2050 invenies;
1416 1982 1441 2040 si
1464 1992 1575 2043 vcroJa

244 2090 425 2144 transmutcs
458 2083 561 2143 eadem
596 2085 732 2151 nomina,
770 2084 909 2143 conficies
941 2085 1204 2160 conparationem,
1238 2090 1271 2142 ut
1303 2081 1399 2141 bonus
1429 2081 1535 2141 melior

244 2187 389 2264 optimus,
413 2186 507 2246 malus
529 2187 613 2264 pedor
636 2187 791 2263 pessimus.
835 2203 906 2244 sane
934 2185 1006 2244 illud
1030 2187 1108 2245 seire
1131 2184 1288 2253 debemus,
1312 2185 1534 2262 cooperativum

244 2287 369 2365 gradum
402 2289 537 2347 seminini
570 2305 603 2345 ac
637 2287 791 2345 masculini
827 2289 947 2363 generis
977 2306 1096 2366 semper
1128 2305 1192 2347 esse
1221 2304 1417 2346 communem.
1462 2287 1536 2345 item

244 2391 321 2449 scire
355 2388 498 2448 dehemus
531 2391 753 2468 cooperativum
786 2388 912 2465 gradum
944 2388 1071 2448 ablativo
1104 2386 1194 2469 ealsni
1228 2390 1383 2467 utriusque
1416 2389 1535 2448 numeri

245 2493 328 2568 iungi
357 2489 481 2559 (leirene,
511 2493 647 2569 quotiens
675 2490 803 2570 aliquem
831 2490 875 2549 vel
907 2473 1003 2550 alieno
1032 2490 1077 2549 vel
1105 2508 1158 2549 suo
1186 2492 1289 2567 generi
1324 2503 1575 2568 conparamu8120

245 2593 374 2653 dicimus
407 2594 486 2651 enim
520 2593 647 2653 ‘Hector
678 2594 785 2651 sortior
815 2591 975 2652 lliomede’
1009 2592 1053 2651 vel
1088 2590 1245 2650 ‘Troianis
1277 2592 1418 2652 audacior
1449 2593 1535 2651 luit’.

245 2702 373 2755 attamen
401 2696 609 2772 conparativus
636 2695 686 2753 irie
715 2694 825 2770 gradus
855 2697 942 2754 ctiam
973 2696 1153 2753 ndminativo
1175 2695 1323 2770 iungitur,
1347 2701 1381 2754 ut
1402 2693 1536 2753 ‘doctior

244 2796 293 2856 hic
326 2816 414 2875 quam
447 2796 525 2855 ille’.
576 2796 790 2873 superlativum
823 2814 894 2855 vero
922 2795 1017 2875 palam
1046 2803 1091 2855 est
1118 2798 1250 2873 genitivo
1284 2802 1398 2856 tantum
1427 2795 1535 2875 plurali

245 2900 327 2976 iungi
351 2904 505 2976 oportere;
529 2905 642 2957 ettam
665 2898 720 2956 hoc
744 2899 870 2966 utimur,
895 2916 961 2957 cum
985 2898 1112 2977 aliquem
1136 2916 1203 2966 suo,
1232 2916 1290 2958 non
1314 2897 1410 2958 alieno
1431 2900 1536 2975 generi

244 3018 454 3079 conparamus‚
483 3006 517 3058 ut
538 2999 664 3058 ‘llector
692 3000 874 3059 fortissimus
896 2999 1093 3060 Troianorum
1122 3002 1206 3060 luit’.
1252 2998 1300 3058 hic
1328 2999 1407 3059 idem
1429 3011 1576 3077 super-2⁵

245 3102 350 3162 lativus
373 3086 547 3179 plerumque
576 3119 630 3178 pro
658 3102 785 3180 positivo
815 3103 936 3179 ponitur
968 3121 1024 3162 nec
1046 3108 1240 3181 conparatur,
1265 3107 1298 3160 ut
1320 3119 1387 3161 cum
1409 3100 1537 3160 dicimus

245 3203 379 3281 luppiter
411 3204 543 3281 optimus
575 3206 730 3263 niaxinms.
776 3204 926 3264 interdum
959 3206 1168 3283 conparativus
1200 3203 1309 3280 gradus
1341 3205 1536 3282 praeponitur

245 3303 439 3383 superlativo,
468 3312 501 3363 nt
530 3303 648 3365 stultior
671 3305 846 3365 stultissimo
869 3312 900 3364 et
923 3307 1017 3364 maior
1040 3307 1178 3365 maximo.
1222 3306 1535 3383 itemconparativus,

245 3408 379 3486 quamvis
401 3408 527 3484 recipiat
550 3409 807 3486 conparationem,
832 3426 919 3486 saepe
942 3409 1042 3467 minus
1064 3426 1081 3466 a
1102 3409 1228 3486 positivo
1251 3407 1412 3484 signifieat,
1436 3414 1469 3466 ut
1491 3413 1536 3465 est

244 3511 359 3569 ‘mare
390 3507 582 3568 Ponticum
615 3509 763 3568 dulcius
796 3529 901 3588 quam
935 3512 1091 3577 cetera',
1125 3508 1155 3568 id
1184 3515 1230 3568 est
1256 3511 1354 3568 minus
1385 3521 1575 3567 anrarnmtao

187 3690 196 3701 „
244 3611 343 3670 minus
365 3611 445 3668 enim
469 3611 613 3689 estquod
638 3610 712 3670 dixit
735 3611 866 3679 vinicius,
891 3630 977 3691 quam
1001 3613 1025 3669 si
1046 3610 1171 3670 dixisset
1186 3609 1285 3671 dulce:
1309 3611 1479 3670 ‘tristior
1501 3618 1536 3670 et

244 3711 418 3770 lacrimis
439 3730 466 3769 o.
491 3730 514 3770 s.
539 3713 581 3770 n.'
606 3711 636 3771 id
659 3720 704 3771 est
726 3714 824 3771 minus
846 3712 933 3771 lacta.
978 3712 1057 3771 idem
1085 3714 1159 3772 citra
1183 3711 1271 3772 ullam
1294 3695 1535 3790 conparationem

244 3831 299 3891 pro
321 3814 448 3890 positivo
471 3813 620 3872 interdum
643 3815 758 3890 positus
781 3815 879 3872 minus
901 3816 1027 3892 positivo
1049 3814 1210 3891 siguificat,
1234 3821 1267 3872 ut
1289 3819 1335 3873 est

397 3916 468 3974 iam
491 3917 631 3980 senior,
662 3915 724 3973 sed
748 3915 862 3973 cruda
886 3916 953 3974 deo
976 3915 1187 3994 viridisque
1210 3922 1400 3975 senectus:

246 4013 312 4094 plus
335 4017 414 4074 enim
437 4018 637 4089 siqnificeret,
669 4017 693 4074 si
717 4015 842 4075 dixisset
863 4018 922 4075 iam
945 4035 1046 4077 senex.
1087 4018 1279 4095 conparativo
1302 4024 1332 4076 et
1354 4016 1536 4096 superlativo
1550 4034 1575 4073 sa

246 4124 305 4176 tam
331 4114 433 4195 [adeo]
464 4119 558 4194 magis
585 4119 711 4176 maxime
741 4119 839 4177 nairrns
867 4120 989 4179 ininime
1013 4120 1090 4179 adici
1114 4137 1172 4179 uon
1194 4125 1327 4196 oportet:
1362 4119 1436 4179 haec
1457 4122 1537 4180 euim

246 4220 372 4299 positivo
388 4225 502 4276 tautum
520 4218 682 4287 adduntur,
707 4219 776 4297 quia
798 4227 856 4278 tam
883 4218 985 4300 [adeo]
1003 4223 1099 4299 magis
1119 4222 1246 4281 maxime
1270 4238 1324 4299 pro
1348 4224 1537 4300 conparativo

314 4428 332 4476 4
349 4440 398 4473 non
415 4432 516 4489 putator
536 4424 568 4474 M
635 4424 650 4473 'l
670 4438 719 4473 noa
738 4423 822 4472 omma
841 4426 943 4474 uomina
960 4441 1005 4491 per
1025 4429 1049 4475 L
1099 4427 1131 4478 la
1148 4426 1302 4475 inllectionis
1321 4435 1346 4474 et
1364 4425 1538 4475 incartationis

246 4497 452 4561 conparationem
472 4494 505 4544 M
527 4495 683 4544 inllcctiones
709 4503 733 4543 et
756 4495 935 4543 inmutationes
953 4497 1163 4560 conparationem
1178 4496 1236 4546 BL
1322 4494 1354 4546 18
1372 4509 1473 4561 semper
1490 4511 1535 4547 om.

247 4566 302 4616 BL
372 4564 405 4616 20
421 4567 510 4632 generi
529 4582 574 4617 om.
591 4566 620 4613 M
689 4564 723 4614 22
740 4578 768 4612 ac
786 4574 870 4613 tamen
886 4563 919 4613 M
986 4564 1021 4614 28
1039 4563 1108 4630 item]
1128 4566 1253 4615 interdum
1272 4563 1304 4613 M
1372 4564 1407 4617 29
1424 4574 1537 4615 utmare

248 4633 277 4684 M
284 4652 291 4685 a
306 4637 342 4699 ef.
362 4638 428 4689 Deo.
446 4650 473 4697 p.
492 4634 552 4694 374,
571 4634 605 4683 29
662 4634 693 4683 31
715 4635 797 4683 minus
813 4642 852 4683 est
868 4635 934 4684 enirn
953 4634 1020 4698 quod
1041 4634 1107 4682 dixit
1124 4636 1224 4685 dulcius
1243 4651 1318 4699 quam
1336 4635 1446 4685 dixisset
1463 4635 1537 4685 dulce

210 4740 215 4749 ..
247 4715 285 4754 est
303 4704 337 4754 M
405 4701 511 4770 tristior]
537 4704 701 4767 Vopnen.
723 4703 803 4754 1228
873 4704 906 4755 32
922 4701 999 4770 idern]
1021 4704 1076 4768 iuessx
1099 4705 1125 4755 B
1205 4703 1240 4754 33
1258 4702 1368 4772 positas]
1390 4706 1488 4771 eoupef
1507 4705 1540 4755 M

316 4775 350 4824 34
365 4773 427 4838 inm]
451 4776 531 4839 Verp.
551 4776 617 4826 Aen.
635 4773 669 4822 Vl
687 4773 738 4823 304
809 4775 842 4825 35
861 4775 920 4840 plus
938 4775 1005 4823 enim
1023 4775 1044 4823 si
1065 4775 1173 4825 dixisset
1191 4774 1246 4824 BL
1265 4775 1323 4839 plus
1341 4776 1409 4824 enim
1429 4775 1539 4825 dixisset

249 4840 281 4893 M
314 4842 347 4895 36
363 4844 427 4892 adeo
441 4847 527 4896 om.L
562 4844 595 4895 37
609 4844 667 4906 qaia
680 4844 745 4893 adeo
758 4853 807 4894 tam
822 4844 1012 4911 magiquaia
1026 4853 1075 4894 tarn
1093 4846 1171 4911 (edre
1184 4859 1311 4908 nmerscr.
1327 4842 1371 4908 M)
1384 4845 1468 4911 magis
1480 4845 1538 4895 ML
