3346 5498
662 406 732 467 ARS
763 406 825 468 Vlll
848 408 941 468 2-7
1379 404 1442 470 433

188 521 210 563 p.
225 511 281 551 rue
295 511 320 551 rs
332 509 355 551 n.
1263 527 1284 567 p.
1297 515 1342 556 aaa
1356 515 1381 556 rr
1394 515 1417 554 1„

162 591 297 660 mittunt,
326 610 402 670 quae
431 594 462 652 in
490 595 639 672 praesenti
668 600 801 672 tempore
829 593 981 656 indicativi
1008 595 1087 655 modi
1115 613 1134 654 u
1164 602 1231 655 ante
1254 597 1441 656 novissimam
1470 608 1473 612 ·

162 691 291 753 litteram
313 693 432 763 habeut,
455 702 489 755 ut
509 691 609 754 tribuo
631 695 738 765 tribui,
763 702 859 757 statuo
881 698 986 764 statui,
1009 698 1109 756 minuo
1131 698 1238 765 minui,
1263 696 1364 757 imbuo
1386 698 1441 757 im-

163 792 230 862 bui,
254 794 351 855 adnuo
373 795 478 865 adnui,
502 796 580 857 diluo
603 795 690 866 dilui,
713 797 807 858 obruo
829 796 931 867 obrui,
955 797 1045 858 induo
1067 798 1165 858 indui:
1189 797 1283 858 iubis
1299 798 1356 858 duo
1379 805 1441 858 tan-

162 903 239 965 tum,
267 915 342 975 quae
369 899 401 957 iu
428 898 456 957 ri
486 887 605 959 mittunt
631 901 842 977 praeteritum,
872 901 931 960 lluo
953 899 1039 968 iluxi,
1063 907 1144 960 struo
1166 902 1271 960 struxi.
1316 907 1346 960 et
1367 918 1441 979 quae

136 999 194 1057 ain
216 997 245 1057 lo
267 998 408 1078 syllabam
436 1007 545 1060 exeunt
571 1002 602 1061 in
631 1004 795 1080 praesenti,
819 1001 913 1062 nihilo
937 1004 1034 1062 minus
1056 1002 1247 1080 praeteritum
1269 1001 1298 1061 in
1321 1002 1352 1061 ui
1375 1003 1440 1061 mit-

162 1106 243 1169 tunt,
272 1107 305 1159 ut
333 1100 396 1160 volo
424 1101 518 1172 volui,
549 1101 617 1162 uolo
643 1102 741 1172 nolui,
770 1104 835 1164 colo
864 1103 958 1172 colui,
986 1103 1108 1164 consulo
1130 1102 1280 1171 consului,
1303 1102 1349 1162 alo
1371 1103 1441 1162 alui.

161 1219 254 1280 pauca
276 1208 432 1281 praeterea
454 1205 485 1263 iu
508 1204 631 1264 eandem
653 1206 871 1266 extremitatem
894 1206 1014 1266 mittunt
1035 1207 1243 1284 praeteritum,
1265 1222 1441 1283 quamquam

161 1321 301 1382 praesens
330 1304 425 1365 simile
454 1306 661 1385 superioribus
687 1325 745 1368 non
774 1306 917 1376 habeant,
946 1314 1041 1367 tremo
1069 1309 1191 1375 tremui,
1220 1322 1305 1383 gemo
1332 1308 1441 1384 gemui,

161 1405 255 1465 tremo
277 1406 395 1476 iremui,
419 1409 502 1487 rapio
526 1410 621 1488 rapui,
645 1426 800 1498 compesco
821 1410 1005 1488 compescui,
1028 1415 1115 1469 necto
1130 1411 1229 1476 nexui,
1252 1414 1344 1467 sterio
1366 1415 1441 1468 ster-

123 1526 149 1566 rc
161 1509 220 1576 tui,
242 1514 329 1586 pecto
350 1511 455 1587 penui,
479 1517 546 1570 texo
567 1513 663 1579 texui,
687 1529 809 1571 senesce
824 1512 924 1578 senui,
948 1512 1037 1589 gigno
1051 1511 1155 1588 genui,
1179 1516 1210 1569 et
1231 1512 1315 1589 siqua
1338 1528 1373 1569 ex
1395 1509 1442 1569 his

160 1616 385 1687 componuntur.
429 1612 457 1671 vi
489 1611 598 1692 syllaba
626 1615 824 1673 terminantur
856 1614 886 1672 in
920 1614 1082 1691 praeterito
1114 1611 1188 1671 haec
1220 1612 1296 1680 sola,
1333 1629 1441 1690 sperno

159 1712 274 1788 sprevi,
306 1718 407 1772 sterno
439 1716 545 1783 stravi,
579 1732 670 1775 cerno
702 1717 799 1782 crevi,
832 1732 899 1775 sero
927 1716 1003 1783 sevi,
1037 1721 1102 1773 tero
1136 1714 1220 1781 trivi,
1249 1730 1337 1791 pasco
1364 1715 1441 1792 pavi,

159 1829 270 1891 quaero
292 1815 439 1892 quaesivi,
462 1815 523 1874 lino
545 1814 612 1884 livi,
636 1818 756 1895 quiesco
778 1817 893 1895 quievi,
910 1814 925 1898 ΙΙ
942 1817 1030 1894 cupio
1051 1815 1165 1893 cupivi,
1189 1832 1351 1876 consuesco
1372 1832 1441 1874 con·

159 1914 258 1981 suevi,
281 1921 351 1992 peto
372 1918 478 1994 petivi,
502 1919 585 1995 sapio
607 1919 710 1996 sapivi.
748 1919 779 1977 in
802 1919 812 1977 i
834 1919 1003 1997 praeposita
1025 1921 1205 1977 consonante
1227 1917 1258 1975 in
1281 1917 1442 1994 praeterito

123 2035 148 2078 rs
160 2013 314 2084 desinunt,
337 2035 412 2096 quae
435 2021 466 2078 in
489 2020 639 2097 praesenti
661 2018 698 2079 do
720 2018 831 2099 syllaba
854 2020 1051 2079 terminantur
1072 2016 1268 2097 praecedente
1290 2036 1310 2076 n
1332 2017 1441 2086 littera,

160 2123 194 2176 ut
213 2116 323 2177 scando
344 2119 461 2188 scandi,
491 2119 618 2180 ascendo
640 2120 774 2190 ascendi,
804 2120 933 2181 accendo
961 2120 1098 2189 accendi,
1122 2118 1268 2180 descendo
1291 2118 1441 2187 descendi,

160 2217 276 2278 oliendo
303 2219 427 2290 aliendi,
457 2222 554 2300 pando
583 2222 688 2301 pandi,
717 2221 831 2302 prendo
857 2221 978 2301 prendi,
1007 2221 1114 2283 mando
1136 2221 1251 2283 mandi:
1289 2221 1346 2280 tria
1368 2239 1388 2280 n
1410 2223 1443 2281 in

160 2322 322 2399 praeterito
345 2324 498 2392 amittunt,
522 2324 613 2384 lunda
635 2324 714 2393 ludi,
736 2324 839 2404 linquo
860 2324 950 2404 liqui,
974 2323 1077 2385 scindo
1099 2323 1189 2384 scidi:
1220 2324 1263 2383 sie
1284 2321 1421 2384 Lucanus

311 2431 373 2483 aut
395 2423 510 2484 scidit
532 2431 568 2484 et
588 2424 728 2486 medias
750 2427 843 2486 lecit
864 2425 939 2485 sibi
961 2426 1075 2486 litora
1099 2431 1240 2484 terras:

121 2544 146 2587 ao
160 2531 190 2584 et
204 2542 278 2603 quae
294 2525 391 2585 miuus
407 2543 464 2586 una
479 2523 588 2604 syllaba
603 2528 810 2606 proferuntur,
827 2527 971 2607 producta
986 2529 1081 2606 prima
1096 2525 1207 2604 syllaba
1222 2528 1254 2586 in
1269 2527 1441 2605 praeterito,

159 2644 234 2705 quae
250 2629 447 2705 inpraesenti
463 2629 639 2707 corripitur,
663 2638 696 2690 ut
711 2632 796 2710 capio
810 2632 891 2710 cepi,
908 2632 984 2691 iecio
1000 2631 1072 2697 ieci,
1095 2629 1173 2688 lacio
1188 2628 1256 2697 ieci,
1273 2627 1354 2704 lugia
1369 2627 1440 2705 lugi,

159 2727 239 2788 lodio
266 2729 338 2788 lodi.
382 2747 474 2807 paura
502 2737 657 2808 praeterea
684 2728 815 2815 eauldem
844 2731 1004 2792 clausulam
1032 2727 1142 2789 habeut
1163 2730 1321 2788 novissima
1342 2729 1441 2789 littera

159 2832 325 2909 praesentis
354 2832 493 2909 temporis
520 2832 551 2889 in
578 2832 588 2890 i
615 2850 770 2903 conversa,
799 2834 883 2893 vinco
912 2835 984 2901 vici,
1013 2848 1118 2909 rumpo
1145 2831 1227 2908 rupi,
1256 2829 1336 2888 solvo
1358 2828 1440 2898 solvi,

159 2931 242 2992 volvo
270 2931 360 3000 volvi,
388 2932 464 2991 eudo
490 2932 569 2992 cudi.
614 2935 645 2993 in
672 2937 698 2995 si
725 2937 920 3014 praeteritum
947 2936 1068 2993 mittunt
1094 2931 1142 2991 illa
1170 2927 1277 2999 verba,
1306 2949 1381 3009 quae
1410 2932 1441 2990 in

120 3033 310 3111 apraesenti
332 3032 370 3093 do
392 3033 437 3093 vel
459 3053 507 3094 mo
529 3035 649 3114 syllabis
671 3038 882 3104 terminantur,
906 3037 932 3095 si
955 3036 995 3094 sit
1016 3040 1121 3092 natura
1143 3033 1228 3110 longa
1250 3031 1440 3111 paenultima,

160 3140 193 3192 ut
220 3133 289 3193 ludo
317 3132 389 3202 lusi,
418 3134 502 3195 laedo
532 3135 617 3205 laesi,
647 3138 719 3197 cedo
747 3139 838 3206 cessi,
868 3135 974 3215 plaudo
1001 3134 1111 3214 plausi,
1141 3133 1228 3194 trudo
1250 3135 1341 3203 trusi,
1369 3132 1442 3194 rado

159 3237 234 3303 rasi,
263 3235 356 3295 inlido
383 3235 479 3304 inlisi,
509 3236 607 3296 adlido
635 3238 735 3307 adlisi,
766 3256 869 3318 promo
902 3238 1048 3316 prompsi,
1077 3254 1162 3297 sumo
1195 3236 1323 3313 sumpsi,
1356 3233 1442 3295 demo

160 3334 288 3414 dempsi,
317 3354 436 3397 resumo
465 3340 622 3416 resumpsi.
667 3346 697 3399 et
722 3357 840 3417 premo,
868 3339 1002 3418 quamvis
1032 3345 1168 3417 correpta
1189 3339 1229 3398 sit
1250 3335 1440 3415 paenultima,

159 3438 191 3496 in
214 3437 337 3497 eandem
360 3438 500 3517 syllabam
524 3440 603 3512 exit,
626 3447 656 3499 ct
677 3440 817 3520 quicquid
834 3458 869 3501 er
885 3458 920 3500 eo
941 3439 1137 3518 componitur,
1162 3446 1194 3500 ut
1208 3456 1311 3518 premo
1332 3439 1439 3516 pressi,

119 3563 146 3605 ³0
159 3540 292 3617 exprimo
315 3542 646 3619 expressi-comprimo
668 3543 842 3619 compressi.
872 3548 902 3600 et
923 3559 998 3620 quae
1020 3541 1052 3600 in
1074 3541 1112 3601 bo
1136 3540 1180 3601 vel
1201 3540 1232 3600 in
1254 3558 1293 3618 po
1315 3537 1442 3618 syllabas

160 3639 315 3708 desinunt,
339 3643 534 3719 praeteritum
557 3642 693 3703 similiter
713 3645 746 3703 in
769 3644 793 3702 si
816 3642 958 3723 syllabam
980 3645 1114 3711 mittunt,
1145 3649 1179 3702 ut
1199 3637 1299 3703 scribo
1321 3641 1440 3719 scripsi,

229 3824 245 3875 3
262 3825 345 3875 adnuo
365 3854 399 3863 -
417 3826 478 3876 dilui
496 3835 521 3877 et
538 3827 615 3877 induo
630 3828 700 3878 indui
713 3844 758 3878 om.
771 3828 817 3884 Fs
885 3829 911 3877 in
930 3829 938 3878 i
956 3825 997 3877 bis
1015 3828 1065 3878 duo
1083 3834 1180 3877 tantvm
1195 3834 1323 3877 mutantur
1339 3826 1442 3890 (notam

159 3905 200 3945 tur
216 3896 242 3958 s)
260 3904 356 3945 tanturn
375 3897 399 3945 F
413 3911 446 3945 ex
464 3895 504 3946 his
522 3896 571 3947 duo
591 3906 719 3948 mutantur
734 3907 831 3947 mutum
842 3913 861 3963 p
877 3912 909 3947 ex
928 3896 968 3947 his
984 3897 1034 3947 duo
1052 3905 1306 3951 notamurtantumc·
1352 3895 1442 3947 linoln

160 3965 229 4015 nolui
241 3980 288 4019 om,
306 3964 331 4012 P
398 3964 415 4014 8
433 3965 515 4015 simile
533 3965 624 4030 (simili
636 3966 673 4029 F)
692 3968 866 4033 superioribus
883 3966 991 4033 babeant
1007 3967 1052 4023 rs
1068 3966 1193 4017 dissimile
1210 3966 1383 4033 superioribus
1397 3966 1443 4016 ha·

159 4035 264 4099 beantp
325 4043 351 4083 ut
369 4044 448 4085 tremo
468 4038 557 4084 tremui
575 4051 649 4102 gemo
669 4036 749 4086 tremo
768 4051 834 4102 pono
850 4037 891 4088 sui
907 4043 993 4101 strepa
1011 4037 1056 4100 pui
1073 4050 1135 4101 rapo
1154 4048 1288 4101 compesce
1307 4043 1380 4085 necto
1397 4037 1442 4085 xui

159 4111 237 4154 sterto
261 4105 297 4154 tui
319 4113 392 4169 pecto
415 4105 460 4152 xui
484 4114 543 4154 texo
568 4107 612 4155 xui
635 4107 714 4172 gigno
736 4107 848 4172 genuip
932 4104 949 4155 9
968 4106 1038 4172 rapio
1058 4104 1143 4171 rapui]
1159 4107 1231 4171 pario
1249 4106 1323 4172 parui
1338 4106 1364 4154 P
1380 4120 1442 4171 paro

160 4175 253 4238 (pareo
268 4172 296 4235 s)
314 4175 386 4238 perui
404 4176 435 4233 F,
454 4190 499 4227 om,
519 4189 536 4231 ς
608 4173 640 4226 16
658 4177 738 4242 gigno
757 4176 848 4243 gignui
865 4176 890 4224 P
906 4189 992 4242 gygno
1011 4176 1108 4241 gygnui
1124 4176 1150 4224 F
1166 4177 1245 4242 gigno
1265 4175 1342 4241 genui
1361 4176 1443 4225 inere·

159 4245 235 4292 besec
254 4244 375 4293 increbui.
395 4259 451 4291 narn
470 4244 570 4293 increbo
587 4259 636 4295 non
655 4247 783 4295 inuenitur
801 4259 819 4302 ς
890 4245 923 4296 12
941 4260 998 4296 sero
1015 4245 1084 4294 serui
1099 4253 1152 4294 tero
1170 4245 1234 4295 terui
1254 4245 1278 4294 F
1345 4244 1377 4295 1³
1391 4245 1442 4293 lino

161 4313 211 4361 leui
230 4314 270 4364 uel
290 4313 393 4378 liniuip
411 4314 468 4362 leno
486 4313 553 4362 tenui
570 4315 595 4363 F
645 4315 677 4366 11
695 4316 768 4382 sapio
786 4316 862 4380 sapui
880 4315 905 4364 F
921 4316 993 4380 sapio
1011 4314 1292 4382 sapuirepiosepuiy
1356 4312 1388 4365 16
1405 4313 1443 4362 sic

160 4382 255 4435 Lucan.
277 4383 302 4431 in
322 4383 353 4431 lll
372 4383 519 4432 Patrobios:
538 4383 574 4431 sic
590 4383 695 4434 lucanus
714 4386 749 4434 ait
763 4384 845 4435 Scidit
859 4392 885 4434 et
902 4385 927 4433 iu
941 4383 1037 4433 medias
1055 4382 1114 4433 iecit
1125 4383 1240 4434 sibilator
1258 4394 1353 4431 arerres
1370 4397 1387 4438 ς
1404 4382 1442 4431 sic

161 4453 267 4502 lucanus
285 4453 360 4501 scidit
378 4464 402 4502 et
421 4453 446 4500 in
467 4451 765 4520 nredias(rell,om.)p:
784 4454 955 4505 erueremur
975 4452 1008 4504 61
1078 4454 1111 4503 21
1137 4452 1202 4504 iaeio
1220 4452 1268 4502 ieci
1286 4466 1332 4502 om.
1351 4451 1377 4500 F

159 4522 194 4572 22
218 4520 293 4571 iodea
321 4519 375 4571 lodi
402 4535 457 4570 emo
484 4523 533 4570 emi
556 4522 581 4571 F
665 4523 872 4576 resoluuntur
899 4523 965 4574 endo
991 4523 1049 4572 cudi
1068 4517 1278 4586 uolu0(uoloF)
1296 4518 1365 4568 uolui
1382 4518 1442 4574 Fs':

161 4591 226 4639 endo
245 4592 384 4641 secuudum
403 4592 541 4640 Diomeden
560 4600 585 4640 et
601 4592 743 4645 charisium
760 4603 785 4644 et
801 4592 909 4644 Pboeam
925 4593 996 4674 cusi,
1014 4593 1152 4643 secundam
1172 4592 1237 4641 alios
1254 4588 1312 4638 cudi
1329 4587 1443 4638 Pn'rcia·
1521 4598 1523 4603 ·

160 4662 239 4713 nasi.
257 4661 281 4710 X
297 4662 399 4723 pora,
418 4662 458 4712 16.
479 4660 511 4710 de
530 4659 644 4714 cameto
661 4664 704 4729 (p.
722 4663 788 4725 246,
806 4663 835 4726 b)
853 4670 879 4713 et
895 4664 981 4715 Plora
996 4676 1100 4714 errasse
1117 4662 1215 4713 ridetur
1230 4658 1387 4709 nudans.
1411 4656 1444 4706 ab

160 4732 339 4792 interpolatore
361 4739 505 4794 corruptum
523 4746 579 4780 esre
600 4731 707 4784 Pbocam
721 4732 829 4796 putabat
840 4731 983 4783 Bondarmrr
1001 4746 1057 4786 oar.
1076 4735 1132 4785 lect.
1151 4747 1179 4794 p.
1197 4727 1249 4780 270
1335 4724 1442 4792 uitta]

161 4799 258 4862 syllaba
275 4799 468 4864 Fsyilabams
537 4815 587 4864 qua
605 4810 630 4851 et
647 4803 817 4868 praesentiP
884 4801 1014 4870 telunga
1033 4817 1066 4871 pa
1088 4797 1268 4870 penultima?
1335 4796 1443 4850 28601-

161 4877 236 4934 rupta
253 4871 278 4918 P
346 4869 377 4920 31
397 4869 538 4936 syllaba?
