3346 5498
1352 391 1437 457 ..45

1223 430 1262 461 ,.

1222 472 1255 563 i.
1279 498 1412 544 70700777

143 589 176 642 07
198 584 345 643 vocativus
366 581 477 642 similes
499 589 581 648 sunt,
602 577 697 662 1170777
721 581 833 641 dativus
849 588 879 640 et
893 578 1036 640 ablativus
1051 579 1162 642 similes
1177 599 1211 641 su
1305 583 1439 659 ¹uetivus

143 683 309 753 dissimilis,
333 682 443 744 7771700
466 681 618 762 tempium.
657 684 844 762 quaternaria
869 681 978 742 dicitur
1002 681 1111 752 1077770,
1136 681 1255 762 quando
1318 685 1436 745 minati-

142 805 197 846 vus
219 794 249 846 07
271 788 420 846 vocativus
441 804 528 864 pares
549 792 629 853 sunt,
653 786 723 845 item
747 786 901 862 genetivus
923 792 952 844 et
973 783 1087 844 dativus
1109 783 1220 844 similes
1242 790 1325 853 sunt;
1348 804 1435 881 770077-

143 889 252 948 satims
275 886 442 955 dissimilis,
465 886 610 947 ablativus
633 885 797 955 dissimilis,
821 893 853 946 ut
868 886 941 947 haec
956 888 1081 965 species.
1120 887 1283 965 quinarias
1380 895 1434 954 est,

121 990 280 1068 squotiens
308 988 423 1049 dativus
438 985 451 1071 7]
467 996 496 1048 07
524 988 665 1049 ablativus
692 995 805 1049 tantum
834 987 946 1049 similes
973 996 1056 1056 sunt,
1081 997 1122 1053 ,ut
1149 987 1198 1048 bic
1221 988 1341 1080 dpctus'
1366 966 1436 1049 mius

144 1090 222 1151 docti
245 1097 275 1151 et
296 1089 420 1171 reliqua.
459 1092 574 1151 senaria
598 1090 693 1151 iorma
716 1097 775 1160 est,
798 1092 938 1171 quotiens
961 1108 1064 1150 omnes
1079 1107 1166 1150 casus
1181 1076 1434 1257 dissimilasunt,

145 1202 175 1254 77
194 1192 245 1253 1710
267 1211 347 1254 unus
370 1192 458 1253 buius
480 1195 567 1253 unius
589 1194 640 1252 uni
664 1210 754 1252 unum
770 1211 787 1252 o
804 1210 863 1253 une
879 1190 916 1251 ab
931 1211 1007 1261 uno;
1031 1193 1073 1251 sic
1089 1200 1117 1252 et
1133 1190 1239 1251 nullus.
1255 1225 1299 1235 —
1340 1242 1344 1250 .
1367 1210 1436 1271 que
1449 1203 1508 1263 377,
1522 1203 1555 1252 05

146 1313 205 1374 per
229 1313 356 1355 casus:
383 1292 479 1374 [usias
500 1292 619 1374 sponte]
644 1293 712 1354 tabo
735 1300 856 1372 aptoton
880 1303 937 1362 est,
968 1295 1038 1355 licet
1066 1296 1224 1356 auctoritas
1246 1256 1436 1373 tabesprae·

146 1399 315 1477 sumpserit,
346 1405 378 1456 ut
406 1396 540 1457 Lucanus
578 1399 675 1457 ‘cum
703 1397 772 1457 iam
800 1395 886 1457 tabe
916 1397 1070 1465 fluunt',
1106 1401 1161 1457 ‘et
1187 1404 1324 1456 terram
1354 1394 1436 1456 tabo

118 1498 358 1559 tomaculaut'.
397 1507 503 1579 sponte
524 1500 683 1578 septimum
706 1506 819 1560 tantum
842 1497 945 1567 babet,
974 1507 1006 1559 ut
1030 1502 1180 1578 ‘sponte
1203 1517 1278 1559 mea
1301 1517 1437 1577 conpo-

149 1619 233 1662 nere
254 1604 393 1662 curas’.
418 1634 455 1644 --
480 1600 528 1661 Er
550 1620 617 1682 qua
640 1601 754 1661 forma
778 1611 876 1662 sunt:
900 1599 937 1660 ab
953 1619 1013 1660 uno
1029 1618 1122 1680 usque
1138 1598 1173 1660 ad
1190 1606 1251 1661 tres
1265 1618 1321 1678 7707
1335 1618 1438 1660 omnes
1450 1614 1483 1662 76

149 1721 229 1764 casus
248 1700 253 1785 Ι
273 1701 472 1770 declinamus:
495 1721 510 1762 a
534 1709 673 1782 quattuor
695 1721 785 1783 usquo
808 1701 843 1762 ad
867 1710 986 1763 centum
1010 1701 1160 1762 declinare
1182 1720 1242 1761 non
1264 1721 1437 1782 possumus;

150 1804 319 1874 educentis
342 1803 527 1865 declinamus
550 1812 580 1864 et
601 1803 743 1884 deinceps
764 1813 884 1883 praeter
900 1804 996 1873 mille,
1022 1812 1053 1865 ut
1068 1805 1108 1865 ait
1122 1803 1244 1864 Plinius.
1282 1802 1362 1864 mille
1378 1823 1437 1864 non

151 1905 341 1986 intellegitur,
370 1908 420 1985 qui
448 1923 533 1966 casus
556 1914 610 1965 est.
654 1907 779 1967 dicimus
808 1907 886 1966 enirn
915 1914 945 1966 07
973 1905 1070 1967 ‘mille
1099 1905 1234 1966 homines
1261 1906 1380 1966 docuit'
1409 1915 1439 1966 07

87 2084 90 2089 ¹
124 2007 244 2070 u‘mille
266 2009 424 2070 bominum
440 2010 581 2086 magister
597 2012 672 2068 est’:
697 2007 763 2069 talis
779 2015 823 2069 est
837 2011 1028 2078 accusativus,
1053 2007 1146 2089 qualis
1162 2015 1191 2068 et
1205 2010 1367 2085 genetivus.
1406 2009 1437 2068 177

151 2109 249 2190 plurali
261 2129 334 2172 vero
346 2109 522 2179 declinatur,
539 2108 619 2171 milia
632 2109 744 2171 milium
760 2109 887 2180 7011117770,
904 2129 963 2171 000
979 2110 988 2170 l
1003 2110 1129 2179 sublato,
1146 2118 1179 2171 ut
1193 2109 1309 2170 ‘milia
1325 2110 1436 2171 multa

152 2211 250 2275 daret
279 2211 388 2273 leto’.
416 2246 459 2256 -
487 2211 741 2274 Nominativus
774 2215 809 2274 in
838 2231 903 2273 usu
932 2232 1002 2273 non
1031 2220 1165 2283 est‚„ut
1192 2214 1312 2293 siquis
1341 2213 1483 2276 dicatis

152 2311 238 2375 bunc
257 2313 433 2375 laterem:
457 2313 572 2374 Probus
594 2315 625 2375 iu
647 2321 710 2377 arte
733 2333 822 2393 quam
844 2313 882 2375 de
903 2314 1015 2393 regulis
1036 2316 1153 2394 scripsit
1176 2314 1224 2374 hic
1240 2314 1314 2376 later
1329 2317 1436 2395 posuit.

153 2414 217 2478 baec
244 2424 344 2478 autem
373 2415 450 2477 dicio
477 2436 537 2477 non
566 2412 611 2478 es't
637 2416 722 2478 lecta.
746 2452 787 2461 -
810 2417 936 2479 Casus:
970 2425 1031 2478 tres
1058 2425 1172 2478 tantum
1205 2435 1290 2477 casus
1318 2416 1484 2483 1701700770

127 2521 355 2581 »nominativum
378 2519 549 2597 genetivum
572 2527 601 2579 et
615 2521 820 2582 accusatimm.
844 2553 886 2563 —
900 2518 980 2580 Haec
995 2521 1115 2580 nomina
1130 2527 1232 2581 cavent
1247 2521 1437 2590 nominativo,

143 2623 214 2702 777717
240 2640 296 2684 000
323 2621 374 2682 1710
402 2620 503 2682 lateris
530 2629 627 2702 potest
654 2622 791 2683 dicineo
817 2621 891 2684 baec
914 2621 1001 2682 dicio.
1024 2656 1065 2665 -
1087 2622 1176 2683 170777
1199 2640 1264 2701 per
1291 2629 1439 2683 ceteros

155 2742 251 2786 casus
271 2724 424 2786 nomina
446 2722 558 2784 multa
587 2723 787 2785 deliciunt:
817 2730 923 2803 sponte
946 2725 1106 2804 septimum
1128 2743 1230 2785 casum
1254 2722 1358 2793 1701707;
1386 2723 1437 2784 0071

154 2826 335 2888 inveniuntur
353 2823 359 2908 Ι
379 2827 498 2887 nomina
528 2844 603 2905 quae
627 2825 728 2896 binos,
755 2836 789 2888 ut
814 2827 862 2901 bic
885 2826 1014 2906 luppiter
1037 2845 1054 2886 o
1076 2825 1222 2906 luppiter;
1250 2828 1439 2887 inveniuntur

156 2938 353 3005 coaeternos,
369 2935 405 2989 ut
418 2927 476 2988 1700
491 2929 536 2989 17777
552 2927 639 2989 buius
652 2930 725 2990 iuris
738 2953 756 2985 7
779 2947 797 2988 0
812 2930 891 2996 iura:
914 2929 1105 2989 inveniuntur
1120 2947 1194 3008 quae
1210 2936 1383 3008 quaternos,
1407 2936 1440 2989 ut

128 3027 232 3092 abuius
247 3029 351 3092 lateris
373 3028 460 3090 lateri
487 3029 610 3096 laterem
633 3028 671 3090 ab
693 3031 750 3092 hoc
771 3030 879 3092 latere:
908 3032 1120 3091 nominativum
1142 3039 1173 3092 et
1195 3032 1356 3091 vocativum
1379 3049 1437 3090 non

154 3130 248 3202 171077
264 3151 324 3193 7700
341 3132 423 3193 enim
439 3132 509 3193 iacit
522 3131 607 3193 later.
626 3166 665 3176 -
681 3135 723 3194 Vt
744 3135 898 3212 ignarus
921 3133 1027 3194 belli:
1046 3143 1075 3193 et
1089 3134 1212 3210 ignavus
1228 3132 1297 3193 belli
1313 3134 1439 3192 dicimus
1451 3149 1484 3197 37

156 3225 187 3293 07
199 3236 318 3313 ignarus
341 3232 499 3296 bellorum.
515 3269 556 3280 -
572 3235 727 3296 Secundus
743 3235 797 3296 tibi
812 3255 871 3296 non
888 3235 1009 3304 dicitur,
1033 3234 1086 3295 sed
1108 3234 1273 3295 ‘secundus
1289 3253 1305 3293 a
1321 3241 1349 3294 te
1363 3237 1436 3294 est’.
1450 3251 1509 3311 378,
1527 3251 1537 3298 7

155 3368 186 3378 -
207 3335 317 3415 [tigrius
338 3335 420 3396 illam
445 3356 508 3397 70777
531 3336 702 3408 Terentius,
726 3337 876 3416 ‘dignus
904 3358 982 3399 cum
1010 3346 1071 3398 tua
1092 3335 1278 3414 religione
1301 3335 1467 3406 odium,‘2

152 3436 272 3497 nodum
295 3439 332 3498 in
355 3439 482 3518 scirpo
504 3441 680 3516 quaeris'.

124 3562 143 3601 77
227 3538 308 3599 177707
331 3549 528 3619 monoptoton
552 3550 582 3602 et
604 3549 725 3622 aptoton
748 3542 805 3603 boc
826 3544 964 3603 interest:
992 3549 1189 3620 monoptoton
1218 3546 1263 3601 est
1283 3540 1362 3621 quod
1385 3558 1468 3620 pert
1541 3589 1554 3635 7

153 3658 246 3701 omnes
263 3659 350 3703 casus
366 3641 446 3702 idem
463 3644 621 3720 significat,
637 3652 669 3704 ut
684 3645 775 3722 irugi;
799 3651 920 3723 aptoton
938 3651 982 3703 est
997 3643 1075 3721 quod
1090 3651 1204 3704 tantum
1221 3661 1312 3704 unum
1328 3661 1437 3717 casum,

151 3759 231 3820 7770777
251 3744 417 3812 invenerit,
448 3752 546 3804 servat
573 3753 602 3806 et
629 3765 689 3806 non
716 3748 857 3816 flectitur,
886 3754 919 3808 ut
941 3744 978 3807 ab
1000 3744 1055 3806 hac
1077 3744 1203 3807 dicione.
1241 3747 1439 3826 nequeenim

755 390 827 455 ARS

150 3878 251 3888 —-.-.„--
270 3883 291 3887 .-
302 3882 351 3887 ..,.-
370 3880 449 3888 ...ι-

210 3965 270 4017 Cor.
287 3965 369 4019 Bern.
391 3961 438 4014 Vll
455 3964 555 4015 6—7t
611 3967 622 4015 l
641 3966 768 4017 ablatiuus
787 3967 884 4016 similes
904 3967 961 4033 lege
980 3982 1054 4032 pares
1072 3976 1131 4017 sunt
1143 3968 1263 4033 gentibus
1317 3967 1333 4015 v.
1352 3963 1437 4033 pares]

150 4048 216 4100 pnes
268 4033 385 4102 5buius]
404 4033 464 4084 huie
516 4033 654 4102 6701177770]
670 4047 736 4085 recte
787 4036 1016 4103 8prnessumpeiit
1066 4034 1166 4103 titubo]
1185 4038 1243 4087 tobo
1297 4037 1328 4087 13
1341 4045 1441 4102 praeter
1496 4043 1512 4066 ”

148 4106 310 4156 miliesutem
329 4104 996 4172 implenivvs(corr.ai.man.inplouiuslmillenon
1070 4109 1100 4158 lu
1120 4105 1138 4173 l]
1162 4109 1198 4159 .i.
1270 4109 1302 4158 17
1322 4109 1346 4156 177
1365 4122 1439 4156 visum

209 4175 437 4225 eunomianum
456 4176 590 4238 genetiuus
609 4178 810 4227 etuceusatiuus
870 4179 898 4227 2]
924 4175 978 4242 pev]
1001 4193 1061 4242 prae
1124 4179 1158 4226 '22
1176 4176 1268 4227 babent
1320 4176 1436 4244 241070]

147 4244 246 4296 iream
264 4249 306 4297 1777
377 4242 633 4311 astronomiam
703 4246 737 4297 26
755 4246 849 4297 habent
919 4250 1035 4313 ignarum
1053 4249 1203 4309 7771777010ου
1273 4245 1404 4312 ’2117717770

355 4385 448 4392 ,ι’-

206 4466 366 4535 amanus]
391 4466 624 4518 Ρ1700001.11166
694 4477 718 4518 07
737 4465 839 4534 terram]
865 4471 942 4533 Verp.
963 4470 1029 4522 Aen.
1051 4467 1138 4520 111211
1210 4470 1243 4521 10
1260 4479 1349 4533 sponte
1368 4464 1433 4533 mea]

148 4538 220 4606 resq.
237 4541 304 4593 Aen.
326 4540 373 4589 llll
393 4537 446 4589 341
534 4537 565 4588 13
587 4547 613 4585 ut
631 4538 664 4585 ait
685 4539 780 4589 l’liuius
801 4541 896 4601 scripsi
917 4549 1020 4589 auctore
1038 4541 1155 4603 Pompeio
1172 4555 1199 4602 77.
1218 4541 1267 4590 172
1286 4547 1310 4590 07
1326 4539 1375 4588 ’262
1395 4540 1435 4587 ed.

146 4609 213 4662 tad.
230 4627 287 4662 77οι
305 4626 356 4662 77077
375 4611 458 4660 solum
484 4607 515 4656 de
531 4608 672 4670 scriptura,
700 4611 747 4658 ,7071
770 4612 842 4659 etium
864 4611 896 4658 de
919 4609 1085 4661 declinatione
1108 4610 1221 4659 ooenbuli
1242 4611 1322 4674 spisse
1339 4608 1439 4657 uidetur·

146 4678 239 4731 Plinius.
271 4695 427 4756 qumquam
453 4679 543 4728 07771770
565 4679 642 4727 Plinii
667 4681 763 4728 7707771770
790 4677 869 4728 scribi
894 4687 996 4741 poterut
1022 4689 1122 4745 praeter
1144 4681 1221 4728 mitte.
1258 4677 1325 4726 mille
1353 4688 1437 4726 autem

145 4748 166 4796 io
187 4752 207 4800 si
270 4752 309 4802 ari
334 4761 448 4800 7777777070
474 4761 522 4795 77077
547 4746 703 4812 intellegitur
780 4749 811 4799 16
836 4749 903 4797 mitia
926 4747 1013 4816 77777170]
1047 4751 1125 4814 Verp.
1152 4752 1215 4799 Aen.
1235 4749 1256 4795 V
1275 4747 1326 4797 too
1404 4747 1437 4796 18

144 4752 356 4890 insufflatum.
375 4834 406 4882 p.
429 4817 472 4877 17,
491 4820 506 4867 4
576 4816 610 4867 28
631 4817 775 4883 Terentius]
795 4818 879 4871 Andr.
902 4819 925 4867 V
943 4822 967 4879 4,
987 4818 1020 4869 37
1090 4820 1252 4883 asportasse
1272 4818 1436 4880 nequeenim

144 4889 207 4940 uim
