3346 5498
679 360 917 425 COMMENTVM
1387 362 1450 428 213

1266 470 1425 525 pem-ear.

157 553 278 614 modus:
307 554 332 613 si
360 550 465 612 medus
493 558 551 621 εει,
581 549 700 611 verbum
724 552 857 611 estsine
880 549 984 620 dubio;
1013 570 1083 612 ecce
1113 550 1205 613 lrabes
1227 551 1304 629 quod
1328 550 1450 613 verbum

158 665 211 716 εει.
256 654 308 715 sed
338 652 456 731 quaudo
484 652 550 713 dico
579 652 634 712 ‘da
657 652 731 713 milri
754 652 885 722 bibere',
914 651 972 713 tale
995 661 1040 714 εει
1066 673 1100 714 ac
1127 655 1153 714 si
1181 653 1276 715 dicam
1300 652 1355 716 ‘da
1377 654 1451 716 mihi

157 759 294 837 panem'.
338 775 444 836 panem
471 762 569 816 autem
598 757 780 816 accusativus
807 764 860 816 cst.
906 773 977 833 ergo
1000 755 1081 816 rides
1113 757 1252 836 quoniam
1277 756 1367 818 verbo
1389 776 1450 820 non

157 866 256 939 potest
284 860 365 937 iungi
394 859 450 919 nisi
473 859 654 918 accusativus
677 877 771 919 casus.
818 855 993 919 naturaliter
1015 859 1054 917 ita
1082 877 1115 917 se
1138 856 1226 918 lrabet
1248 859 1304 919 ista
1326 878 1389 929 res,
1419 866 1451 921 ut

129 962 320 1041 spraemisso
343 960 434 1021 verbo
462 968 623 1036 sequantur
651 961 786 1030 nomina,
815 959 844 1019 id
867 966 912 1020 εει
933 967 1073 1039 sequatur
1096 978 1189 1021 casus.
1235 958 1347 1021 nullom
1371 962 1450 1023 enim

157 1079 267 1123 nomeu
290 1062 354 1122 sine
374 1081 444 1123 casu
468 1069 521 1122 est.
554 1078 625 1138 ergo
648 1061 767 1138 quando
789 1061 856 1122 (lico
879 1061 933 1122 ‘cla
956 1061 1029 1122 milri
1059 1060 1146 1141 [oller
1175 1061 1248 1122 milri
1276 1061 1344 1143 quid
1368 1061 1449 1145 dico]

157 1163 354 1233 columnam',
384 1163 550 1224 columnam
579 1181 665 1224 casus
692 1172 736 1225 est
764 1165 960 1232 accusativum
990 1165 1082 1223 ‘oller
1110 1162 1181 1224 milri
1211 1163 1379 1235 arborem’,
1402 1184 1450 1226 ar-

157 1266 260 1327 lorem
285 1284 369 1327 casus
392 1273 436 1327 εει
458 1260 657 1346 accusativus.
702 1284 773 1344 ergo
797 1273 827 1325 ει
847 1268 872 1327 εἰ
895 1265 975 1326 dicas
998 1264 1116 1334 bibere,
1142 1264 1243 1327 bibere
1265 1267 1380 1327 ridetur
1402 1287 1449 1328 ac·

157 1371 305 1432 cosatirus
333 1387 397 1430 esse
426 1386 526 1438 casus
556 1370 695 1448 quoniam
722 1367 771 1429 illa
803 1369 917 1437 omnia,
947 1385 1023 1446 quae
1051 1369 1212 1447 iunguntur
1243 1370 1307 1430 istis
1340 1367 1448 1439 verbis,

117 1496 144 1533 ιε
158 1490 243 1533 casus
261 1480 341 1532 sunt.
388 1489 459 1549 crgo
488 1472 594 1548 nequis
616 1477 736 1550 putaret
756 1469 839 1531 illum
862 1471 1038 1530 infinitivum
1062 1469 1183 1532 modum
1206 1469 1363 1551 aliquando
1386 1471 1450 1532 lieri

158 1592 245 1654 posse
269 1582 301 1635 nt
323 1572 443 1633 caderet
464 1575 494 1632 in
517 1591 604 1633 casus
627 1581 656 1632 ει
677 1574 793 1634 ratione
809 1573 936 1634 nominis
952 1570 1166 1641 declinaretur,
1190 1571 1257 1633 ideo
1280 1571 1337 1632 hoc
1358 1570 1450 1634 inter·
1472 1578 1476 1588 '

157 1677 265 1755 posuit..
312 1676 389 1734 scire
418 1683 514 1736 autem
544 1673 635 1735 deltos
666 1677 804 1753 quoniam
827 1673 877 1743 ille
899 1674 1060 1735 intinitirus
1083 1673 1201 1750 quidem
1225 1678 1271 1733 εει
1292 1673 1451 1762 modusct

158 1779 229 1839 iacit
252 1776 448 1870 elocutionem
469 1794 621 1854 graecam,
645 1776 764 1837 latinam
782 1793 952 1853 numquam.
983 1776 1119 1852 quotiens
1134 1777 1175 1836 ita
1192 1774 1319 1836 volueris
1342 1777 1449 1848 iacere,

157 1898 262 1958 graece
285 1878 416 1960 loqueris
439 1886 556 1959 aperte.
586 1877 638 1939 ‘da
662 1879 735 1938 milri
758 1878 889 1948 bibcre',
913 1873 972 1951 δός
992 1898 1049 1958 μοι
1071 1883 1171 1940 πιεῖν.
1214 1885 1244 1938 ει
1266 1879 1322 1939 erit
1343 1895 1449 1957 graeca

117 2001 144 2041 15
159 1982 301 2051 elocutio,
330 1982 420 2042 latina
449 2001 507 2042 non
531 1968 583 2041 est.
629 1981 703 2042 haec
725 1989 822 2041 autem
846 1979 973 2042 elocutio
997 1989 1063 2060 apta
1087 1987 1132 2041 εει
1154 1981 1265 2061 poetis,
1289 1987 1356 2061 apta
1379 1978 1448 2060 lyri-

157 2086 215 2154 cis,
239 2081 326 2162 longe
350 2091 463 2144 remota
486 2091 532 2144 εει
553 2103 568 2143 a
591 2101 730 2143 sermone
753 2084 913 2144 communi.
958 2099 1030 2159 ergo
1051 2089 1175 2163 propter
1197 2084 1283 2144 istam
1307 2081 1448 2143 elocutio·

158 2205 225 2248 nem
248 2188 427 2267 interposuit
448 2187 530 2245 ‘siue
553 2187 649 2255 casu',
681 2185 785 2262 nequis
813 2183 867 2245 tibi
889 2184 1002 2246 diceret
1026 2182 1126 2265 [crgo]
1151 2184 1207 2246 ‘da'
1227 2183 1298 2245 milii
1322 2183 1448 2255 bibere’,

156 2289 261 2350 hibere
289 2307 360 2366 ergo
388 2289 571 2348 accusativus
599 2306 685 2347 casus
713 2294 771 2354 εει,
802 2287 939 2365 quoniam
968 2284 1017 2346 illa
1046 2288 1144 2347 omnia
1172 2305 1228 2366 per
1250 2287 1448 2350 accusativum

156 2390 358 2471 proteruntur.
405 2390 456 2450 sed
481 2407 539 2449 non
563 2397 621 2457 cst;
650 2388 699 2450 illa
722 2407 827 2467 graeca
850 2392 942 2466 ligura
966 2396 1024 2460 est,
1054 2407 1160 2468 graeca
1188 2389 1356 2451 elocutione
1377 2409 1447 2470 pro·

116 2495 259 2555 retertur.

242 2595 337 2657 Omne
364 2594 486 2656 verbnm
516 2602 565 2655 aut
593 2612 681 2673 agero
708 2593 818 2675 aliquid
852 2600 902 2655 aut
931 2595 991 2673 pati
1020 2595 1173 2673 significat.
1217 2594 1287 2672 quid
1314 2596 1351 2655 sit
1382 2596 1548 2669 hoctona

157 2705 259 2778 postea
286 2698 362 2760 dico.
400 2697 612 2777 interpositum
636 2705 697 2766 εει,
729 2704 760 2757 ιιι
788 2695 935 2758 diceretur
968 2698 1094 2757 activum
1128 2697 1274 2776 passivum
1308 2704 1448 2760 neutrum

158 2819 315 2862 commune
342 2808 372 2860 ει
399 2798 560 2879 deponens.
606 2801 715 2879 quare?
747 2798 805 2859 hoc
838 2797 904 2858 dice
938 2806 1049 2877 postea.
1094 2800 1212 2859 interim
1247 2800 1325 2860 scire
1357 2799 1449 2862 lebes
1475 2853 1478 2867 .

158 2902 235 2981 quod
265 2921 352 2963 omne
380 2900 502 2962 verbum
532 2901 611 2981 quod
640 2908 685 2962 εει
711 2902 742 2961 in
770 2919 870 2961 rerum
899 2908 1004 2962 natura
1036 2908 1086 2961 aut
1113 2918 1201 2980 agere
1229 2908 1278 2962 aut
1304 2903 1365 2981 pati
1394 2920 1448 2964 nos

119 3004 293 3065 sostendit.
339 3011 369 3063 et
396 3023 429 3064 re
456 3022 525 3065 vera
553 3004 616 3082 ipsa
646 3010 749 3064 natura
777 3021 877 3063 rerum
907 3004 949 3063 sic
977 3022 1009 3064 se
1037 3002 1136 3064 habet.
1182 3003 1323 3083 quicquid
1351 3011 1397 3065 εει
1418 3005 1448 3064 in

158 3115 219 3168 toto
242 3106 370 3174 mundo,
400 3112 451 3166 aut
472 3106 582 3185 patitur
604 3113 654 3166 aut
675 3107 735 3182 agit
756 3106 820 3165 sine
844 3103 948 3165 dubio:
978 3123 1088 3183 quaere
1109 3123 1213 3166 omnes
1235 3123 1298 3175 res,
1322 3113 1351 3166 et
1374 3100 1378 3188 Ι
1402 3106 1447 3167 ἰε-
1519 3166 1521 3171 .

157 3209 256 3269 venies
284 3208 361 3287 ‹prrod
390 3214 535 3284 coguntur
558 3209 658 3268 nescio
681 3224 737 3284 qua
766 3209 880 3267 ratione
908 3214 959 3266 εει
985 3209 1046 3286 pati
1068 3216 1120 3267 aut
1142 3216 1222 3268 certe
1244 3208 1327 3287 ipsae
1349 3225 1446 3285 agere

157 3331 245 3372 curre
267 3309 391 3390 perillo
415 3328 538 3388 genera,
563 3318 592 3370 et
614 3310 747 3370 invenies
768 3309 807 3368 ita
831 3328 896 3369 csse
919 3307 1051 3369 verbum.
1083 3328 1153 3369 ecce
1169 3309 1250 3388 lego:
1274 3308 1340 3386 lego
1356 3327 1446 3386 agen·

157 3415 194 3475 tis
207 3421 262 3472 ‘ost
283 3413 472 3490 significatio,
497 3410 579 3489 legor
602 3413 748 3491 passivum
773 3416 831 3479 εει,
856 3418 885 3471 ει
907 3419 1006 3472 tamen
1023 3420 1052 3473 ει
1074 3413 1187 3490 agentis
1202 3419 1247 3472 est
1262 3411 1444 3489 significatio.

119 3522 226 3575 conato
250 3513 327 3574 unde
351 3515 412 3574 εειι
435 3532 449 3573 a
474 3513 599 3575 neutrali
623 3522 682 3580 εει,
707 3521 856 3584 ettamen
879 3514 993 3590 agentis
1016 3522 1067 3574 est.
1113 3533 1202 3574 curro
1225 3513 1358 3575 neutrale
1381 3532 1446 3575 vor-

158 3618 225 3678 lium
250 3624 308 3685 εει,
341 3624 487 3676 ettamen
517 3611 632 3693 agentis
661 3625 713 3677 est.
752 3614 857 3695 vapulo
886 3616 1018 3677 neutrale
1047 3623 1105 3686 εει,
1136 3623 1164 3676 ει
1186 3623 1285 3676 tamen
1307 3617 1446 3696 patientis

157 3728 214 3786 εει;
238 3717 274 3778 ab
298 3717 355 3778 alio
378 3720 456 3778 eninr
480 3717 594 3797 vapulo.
640 3720 678 3778 ito
709 3718 817 3788 luctor,
847 3717 967 3797 loquor,
997 3719 1050 3778 ista
1073 3717 1179 3778 similia
1202 3717 1378 3797 deponentia
1401 3718 1444 3778 cli·

157 3828 265 3881 cuntur
288 3821 401 3888 omnia,
426 3828 455 3880 et
478 3807 842 3898 tamensiguificationem
866 3819 977 3882 habent
998 3822 1121 3898 agentis.
1152 3838 1223 3898 ergo
1239 3820 1446 3901 quodcumque

158 3930 202 3982 est
223 3922 360 4010 rerlurm,
392 3941 514 3982 necesse
537 3930 581 3983 εει
603 3930 634 3983 ut
655 3924 685 3983 in
709 3922 762 3983 has
783 3921 869 3982 cadat
891 3923 1133 4001 significationes,
1158 3931 1191 3983 ut
1212 3940 1299 3984 omne
1322 3921 1445 3984 verbum

119 4031 208 4084 earn
229 4026 343 4101 agentis
365 4025 403 4084 sit
425 4029 474 4083 aut
495 4025 648 4103 patientie,
672 4025 741 4084 licet
763 4022 842 4084 aliud
866 4023 973 4085 habeat
987 4042 1090 4103 gentis.

241 4125 340 4186 Verbo
368 4125 506 4186 accidunt
533 4135 661 4206 septem,
696 4126 822 4206 qualitas
855 4128 1023 4204 coniugatio
1056 4145 1150 4204 genus
1181 4145 1323 4188 ninnerus
1354 4130 1446 4206 figura
1458 4141 1518 4200 411,
1531 4138 1563 4186 26

157 4237 273 4308 tempus
295 4247 430 4307 persona.
475 4229 598 4307 qualitas
620 4226 779 4288 verborum
803 4227 941 4288 dividitur
963 4230 992 4288 in
1018 4230 1089 4290 (luas
1110 4236 1211 4308 partes
1232 4228 1444 4310 principaliter,
1458 4208 1563 4266 ⁵⁰³’25

156 4329 185 4389 id
209 4337 254 4390 εει
277 4331 306 4388 in
329 4330 433 4390 morlos
456 4333 536 4390 etin
561 4331 679 4391 iormas.
718 4330 798 4392 morli
822 4337 919 4390 autem
942 4338 1012 4391 suut
1034 4337 1116 4414 octo,
1145 4349 1250 4392 onmes
1273 4341 1339 4393 octo
1361 4338 1443 4399 sunt;

225 4585 319 4651 2sed]
342 4588 362 4635 si
383 4588 406 4634 Α
476 4588 492 4637 li
512 4587 571 4650 quid
588 4587 644 4636 dico
664 4589 688 4636 Α
707 4587 767 4650 quiel
787 4586 860 4635 cellro
878 4586 926 4635 na
944 4585 1005 4647 quid
1024 4585 1096 4634 edico
1115 4600 1183 4635 corr.
1205 4587 1265 4649 qum
1285 4586 1396 4634 earcuo

158 4659 187 4708 lt
207 4672 382 4706 nwcnernunu
398 4659 418 4706 G
435 4672 592 4706 nmcnoinnn
613 4657 636 4704 Α
644 4657 668 4705 Β
739 4660 771 4708 15
790 4652 886 4721 lyricis]
908 4665 946 4704 εει
964 4656 1049 4719 lyricis
1071 4656 1092 4704 G
1158 4656 1190 4705 21
1212 4655 1308 4718 aliquid
1325 4653 1359 4703 a*
1381 4656 1443 4718 quid

156 4728 239 4777 ABG
309 4725 424 4793 euagre]
446 4727 787 4791 iocitBCaugittacitA
842 4727 874 4775 27
894 4735 937 4774 am
953 4723 1016 4791 pati]
1035 4734 1059 4774 ει
1079 4726 1128 4789 poti
1151 4725 1233 4774 ABG
1285 4726 1339 4790 ipse
1358 4726 1443 4788 lacere

156 4800 190 4846 ita
208 4812 265 4846 esse
285 4798 389 4845 ererbum
406 4813 477 4846 cume
496 4814 541 4862 per
560 4796 601 4844 illa
621 4812 715 4861 genera
733 4805 757 4845 ot
774 4796 890 4845 intuentos
906 4811 964 4845 eece
983 4795 1041 4862 lego
1056 4795 1141 4845 ABG
1208 4795 1242 4845 29
1260 4795 1389 4860 pessiuum
1405 4804 1443 4846 εει

155 4877 179 4917 ει
197 4875 281 4917 tamen
299 4869 399 4933 agentis
419 4868 470 4917 BC
538 4865 572 4917 30
591 4881 663 4916 curro
682 4867 794 4916 neutrale
812 4866 917 4916 uerbum
936 4873 975 4916 est
993 4864 1137 4932 elegeritis
1157 4863 1241 4915 ABG
