3346 5498
284 383 343 450 138
853 383 1006 446 rourun

305 493 452 546 poa-err,

280 575 367 636 scire=
387 572 478 633 debes
505 574 644 653 quoniam
673 573 792 652 proprie
814 570 929 631 locutus
957 577 1002 630 est
1028 569 1141 630 nullum
1169 588 1278 630 nomen
1308 587 1373 629 εεεε
1401 571 1466 630 siue
1488 589 1568 630 casu.

281 694 319 736 uo
334 675 416 736 dieas
431 675 504 735 mibi
528 674 592 735 ‘sed
616 682 685 735 sunt
707 674 803 751 aliqua
827 675 948 733 nomina
971 690 1045 752 quae
1068 671 1185 733 casibus
1207 674 1349 732 careant’
1387 679 1483 751 potest
1504 672 1571 733 beri

279 787 312 839 ut
340 776 489 856 aliquibus
516 783 651 847 careant,
683 795 742 837 non
771 764 870 836 tamen
896 783 929 835 ut
956 774 1095 836 omuibus
1123 781 1251 835 careant
1296 792 1364 834 nam
1392 775 1568 858 invenitur}

279 897 403 949 nornen,
432 879 483 940 ubi
507 896 566 939 nou
590 886 634 938 est
655 880 686 939 in
709 896 763 939 usu
791 879 1003 943 nominativus,
1032 887 1064 937 ut
1091 885 1134 937 est
1160 876 1374 938 laterislateri
1401 875 1524 938 laterem
1553 895 1569 936 a

228 1060 232 1065 ἰ
278 981 387 1044 latere:
411 982 590 1042 nominativo
612 981 686 1042 later
702 999 761 1041 rvon
785 978 902 1051 dicitur,
927 982 1059 1058 quamvis
1081 979 1158 1060 apud
1180 978 1310 1040 Probum
1333 980 1499 1040 invenimus
1520 979 1596 1040 hies

278 1083 368 1145 later:
393 1103 448 1144 neo
472 1084 548 1146 lovis
570 1086 601 1144 in
624 1083 804 1143 nominativo
826 1081 977 1151 similiter,
1003 1082 1077 1142 lovis
1098 1082 1159 1142 lovi
1181 1072 1278 1142 lovem
1301 1099 1319 1141 a
1341 1081 1417 1141 love.
1455 1069 1570 1141 iuveni·

278 1185 524 1254 untur'nomina,
553 1193 668 1246 tantum
697 1184 786 1245 modo
815 1182 864 1244 ubi
886 1190 949 1244 tres
975 1191 1044 1244 sunt
1071 1202 1170 1252 casus,
1199 1183 1242 1243 las
1270 1183 1352 1244 nelas
1374 1201 1484 1262 nugas:
1513 1182 1571 1245 boo

280 1287 338 1358 las,
362 1287 419 1348 boe
443 1288 500 1356 las,
524 1307 542 1347 o
564 1288 620 1354 las:
645 1287 710 1364 boc
724 1286 823 1355 nelas,
847 1286 904 1346 boe
925 1286 1022 1353 nelas,
1047 1305 1064 1346 o
1087 1287 1184 1354 nefas:
1209 1303 1301 1364 nugas
1322 1284 1467 1347 similiter.
1491 1294 1569 1357 surrt,

277 1389 328 1450 ubi
352 1390 423 1458 duo,
448 1389 496 1449 bic
519 1389 663 1469 luppiter,
687 1408 705 1449 o
727 1389 874 1469 luppiter;
909 1387 959 1448 ubi
982 1407 1057 1449 uuus
1079 1390 1118 1449 sit
1141 1395 1267 1455 tantum,
1290 1394 1397 1467 sponte
1413 1395 1483 1448 natu
1500 1387 1570 1448 tabo

279 1491 403 1552 dicione.
451 1509 522 1569 ergo
545 1499 643 1569 potest
664 1491 728 1552 deri
751 1497 783 1550 ut
805 1489 896 1567 aliqui
918 1507 1002 1551 casus
1024 1490 1127 1552 deesse
1150 1490 1317 1560 videantur,
1342 1508 1402 1551 uon
1424 1497 1522 1551 tamen
1538 1497 1610 1552 ut1⁰
1663 1495 1665 1503 '

279 1612 381 1654 omnes
404 1592 509 1653 desint.

368 1696 486 1758 Nemini
514 1694 652 1756 accidunt
680 1713 747 1765 sex,
777 1693 901 1775 qualitas
930 1696 1102 1774 conparatio
1124 1713 1218 1781 genus
1241 1713 1383 1755 numerus
1405 1696 1498 1772 ligura
1521 1712 1570 1754 ca·

277 1818 340 1859 sus:
385 1797 470 1857 multi
500 1799 738 1877 vituperaverunt
764 1799 794 1857 iu
824 1798 880 1857 bac
902 1816 935 1858 re
962 1795 1036 1857 tales
1065 1796 1260 1857 definitiones.
1307 1798 1357 1875 qui
1380 1796 1483 1856 delinit
1505 1795 1571 1856 illas

279 1920 327 1960 res
350 1898 439 1959 debet
460 1899 574 1968 dicere,
599 1918 674 1979 quae
697 1917 815 1978 semper
838 1901 1029 1977 contingunt,
1054 1906 1103 1959 aut
1123 1897 1187 1959 illas
1203 1917 1252 1972 res
1268 1898 1377 1966 dicere,
1395 1918 1469 1978 quae
1485 1917 1571 1960 num·

279 2021 367 2081 quam
392 2003 574 2079 contingunt
621 2001 687 2062 vide
717 2002 806 2078 nequi
835 2000 888 2061 tibi
917 2001 1005 2060 saciat
1027 2003 1231 2080 quaestionem
1255 2002 1285 2060 in
1308 1999 1418 2060 haere
1441 2000 1610 2061 erotema

279 2103 349 2164 tibi:
373 2122 464 2184 quare
488 2104 619 2164 Donatus
641 2105 680 2164 ita
704 2102 790 2171 dixit,
817 2099 822 2183 Ι
849 2104 961 2163 nomini
984 2103 1120 2163 accidunt
1142 2101 1198 2163 bae
1220 2121 1283 2170 res,
1314 2101 1439 2181 qualitas
1462 2120 1571 2181 eonpa-

278 2207 352 2267 ratio
376 2223 468 2284 genus
491 2224 632 2265 numerus
653 2207 747 2283 ligura
770 2206 873 2266 casus?
902 2207 941 2266 ita
970 2206 1101 2266 delinivit
1123 2205 1268 2273 Donatus,
1293 2205 1405 2264 nomini
1433 2203 1573 2265 accidunt

278 2307 334 2367 bae
367 2326 429 2377 res,
465 2306 589 2384 qualitas
622 2308 794 2386 conparatio
825 2325 920 2385 genus
953 2325 1097 2369 numerus
1131 2308 1224 2386 figura
1257 2288 1380 2367 casus.⁵
1397 2313 1427 2367 et
1453 2305 1572 2368 Probus

278 2408 386 2470 adiecit
408 2408 478 2469 ‘sed
499 2409 642 2471 accidunt
664 2412 752 2470 etiam
776 2414 938 2470 accentus!
970 2408 1114 2470 babemus
1136 2411 1166 2470 in
1182 2407 1281 2470 Probo
1303 2416 1457 2469 accentum
1481 2410 1570 2469 etiam

278 2513 391 2573 nomini
418 2511 570 2579 accidere;
599 2512 689 2590 legite
717 2520 810 2572 artem
839 2511 928 2572 Probi
957 2519 986 2572 et
1013 2513 1180 2572 invenietis,
1224 2511 1391 2590 quaeritur,
1420 2512 1471 2590 qui
1493 2510 1611 2571 uenero

278 2613 433 2674 detiuierit.
480 2615 506 2674 si
535 2632 636 2675 verum
665 2631 805 2693 quaeras,
836 2621 864 2672 ot
892 2614 947 2674 iste
974 2616 1122 2692 peccavit,
1152 2612 1204 2673 sed
1238 2615 1268 2672 in
1301 2631 1360 2673 uua
1386 2631 1435 2681 re,
1466 2620 1495 2672 et
1521 2611 1572 2672 ille

278 2716 308 2775 in
342 2713 397 2774 alia
432 2734 475 2775 re.
520 2715 569 2775 ille
601 2717 631 2775 iu
665 2715 722 2774 boc
759 2717 904 2794 peccavit,
948 2714 1026 2792 quod
1061 2715 1176 2776 adiecit.
1222 2716 1298 2791 siqui
1332 2723 1429 2775 tamen
1462 2713 1572 2774 obiciat

279 2819 306 2877 ei
339 2817 395 2877 boc
424 2818 535 2896 ipsum,
570 2824 667 2897 potest
694 2817 793 2877 dicere
821 2816 937 2879 l‘robus
964 2816 1049 2877 ‘ideo
1079 2817 1139 2877 diri
1168 2825 1324 2878 accentum
1354 2815 1491 2877 accidere
1518 2834 1571 2877 no·

278 2920 366 2987 mini,
396 2920 478 2998 quia,
513 2937 600 2996 quern
628 2919 664 2979 ad
699 2918 819 2980 modum
853 2918 978 2998 qualitas
1010 2938 1128 2998 semper
1161 2921 1293 2996 sequitur
1328 2937 1451 2988 nomeu,
1482 2936 1571 2996 quem

279 3020 316 3081 ad
344 3021 464 3081 modum
497 3039 590 3098 genus
617 3040 736 3101 semper
770 3023 905 3099 sequitur
939 3039 1061 3090 nomeu,
1092 3040 1178 3101 quem
1212 3020 1248 3081 ad
1282 3021 1404 3081 modum
1430 3036 1612 3082 numerusro

277 3142 395 3203 semper
417 3124 550 3199 sequitur
574 3141 698 3192 nomen,
728 3125 771 3184 sic
794 3141 912 3202 sempor·
935 3132 1075 3183 accentus
1105 3126 1238 3201 sequitur
1266 3127 1399 3185 nomen’
1444 3132 1573 3184 nonest

278 3225 350 3295 boc,
374 3224 450 3285 male
474 3225 596 3285 deliniit.
643 3244 710 3285 nam
735 3227 759 3285 si
781 3224 917 3304 placebat
939 3227 966 3284 ei
990 3244 1023 3285 ea
1046 3225 1162 3294 dicere,
1187 3244 1263 3303 quae
1285 3243 1404 3305 semper
1419 3225 1571 3295 accidunt,

278 3327 381 3389 debuit
403 3328 503 3387 dicere
525 3327 682 3389 ‘accidunt
705 3329 817 3391 nomini
841 3327 965 3404 qualitas
982 3346 1075 3406 genus
1099 3346 1242 3388 numerus
1257 3329 1350 3404 ligura
1366 3346 1452 3388 casus
1467 3346 1573 3389 aecen-

278 3434 348 3490 tus'
389 3438 543 3490 accentum
572 3430 659 3498 dixit:
689 3430 768 3491 dicat
795 3438 919 3509 ergoet
947 3428 1088 3490 litteram:
1119 3448 1186 3491 nam
1212 3428 1363 3509 numlquid
1387 3416 1573 3508 potestesse

279 3551 386 3592 nomen
410 3534 475 3593 sine
498 3532 620 3591 litteris?
642 3531 797 3611 syllabam:
828 3552 895 3592 nam
919 3532 1061 3611 numquid
1085 3539 1270 3611 potestesse
1293 3550 1402 3592 nomen
1426 3535 1491 3592 siue
1513 3532 1571 3611 syl·
1586 3550 1613 3589 ao

279 3632 362 3692 laba?
386 3641 416 3693 ct
438 3632 494 3692 boe
517 3632 618 3693 debuit
640 3632 749 3702 dicere,
774 3641 803 3694 et
824 3635 923 3694 omnia
946 3651 1022 3710 quae
1045 3653 1163 3713 semper
1185 3634 1321 3694 accidunt
1344 3634 1445 3694 debuit
1460 3633 1572 3696 dicere.

278 3733 329 3793 sed
352 3733 556 3794 stultissimum
579 3746 632 3794 est.
663 3754 720 3814 qua
743 3737 860 3795 ratione
881 3735 1085 3797 stultissimum
1109 3738 1171 3797 est?
1194 3737 1334 3815 quoniam
1355 3735 1405 3796 illa
1429 3735 1573 3796 debemus

279 3835 378 3895 dicere
401 3835 579 3904 accidentia,
609 3855 684 3916 quae
712 3836 879 3916 specialiter·
907 3839 1054 3900 accidunt.
1101 3838 1212 3899 litteras
1240 3846 1340 3899 autem
1367 3845 1419 3898 aut
1445 3837 1573 3918 syllabas

279 3955 339 3996 nou
361 3936 493 3998 videmus
516 3939 650 3998 accidere
673 3937 841 4017 specialiter
863 3941 990 4010 nomini,
1021 3940 1073 4001 sed
1095 3939 1275 4018 generaliter
1298 3947 1376 4001 totae
1400 3938 1571 4000 elocutioni.

280 4037 404 4118 [nomini
433 4041 529 4099 omnia
558 4039 725 4119 specialiter
754 4041 888 4100 accidere
911 4041 1026 4112 volunt,
1057 4061 1115 4102 non
1139 4041 1332 4120 generaliter:
1369 4060 1436 4102 nam
1459 4043 1613 4103 litterasue

279 4159 400 4220 semper
423 4140 558 4201 accidere
581 4143 694 4202 nomini
716 4144 841 4210 scimus,
871 4142 998 4221 syllabas
1024 4162 1144 4222 semper
1166 4144 1302 4205 accidere
1325 4142 1461 4223 scimus]
1500 4162 1574 4223 ergo
1658 4210 1661 4215 ,

348 4332 365 4378 4
383 4345 397 4377 a
416 4329 493 4377 latere
513 4330 629 4391 quamuis
645 4330 713 4395 apud
734 4330 839 4395 probum
857 4331 1000 4380 inueuimus
1020 4331 1060 4380 bie
1076 4331 1138 4381 later
1153 4332 1309 4382 nominatiuo
1327 4329 1385 4393 (·uo
1402 4346 1471 4384 corr,
1485 4334 1521 4382 ur'r
1535 4331 1573 4394 B)

280 4399 343 4449 later
363 4415 411 4448 nun
433 4399 495 4447 dleit
514 4414 560 4448 nee
577 4399 661 4449 Alto
728 4402 745 4451 b
764 4400 831 4464 apud
851 4397 969 4464 Probum]
988 4402 1080 4455 ratbol,
1098 4420 1125 4466 p.
1146 4401 1187 4461 17,
1207 4404 1222 4451 l
1295 4402 1326 4451 te
1349 4416 1413 4463 quae
1432 4416 1572 4464 numquam

280 4471 322 4522 Oa
340 4485 405 4532 quae
423 4483 614 4532 nonnumquam
632 4471 687 4519 AB
759 4471 788 4520 17
809 4472 842 4518 ita
862 4470 976 4519 debuiuit
993 4470 1061 4520 Gita
1080 4472 1168 4521 delinit
1184 4473 1222 4520 A:
1243 4474 1277 4520 tm
1296 4502 1328 4511 -
1343 4471 1376 4522 18
1393 4486 1468 4519 casus
1486 4486 1533 4525 om.
1547 4473 1573 4521 B

352 4541 384 4592 18
403 4537 509 4606 Probus]
530 4542 588 4592 inst.
608 4549 657 4592 ert.
677 4555 704 4601 p.
725 4541 769 4604 51,
784 4540 815 4590 21
870 4539 904 4589 20
921 4541 1056 4589 inuenietis
1072 4541 1097 4590 B
1104 4543 1144 4592 Ca
1163 4542 1281 4590 lorrerritis
1300 4542 1324 4589 A
1394 4542 1429 4593 23
1444 4542 1502 4591 ideo
1517 4543 1572 4591 dlxi

280 4611 305 4660 A
322 4611 380 4660 ideo
396 4610 460 4659 dixit
475 4607 539 4658 ua*
555 4609 678 4670 ideqdia‘
696 4610 716 4659 C
783 4611 818 4660 29
837 4619 968 4658 accentum
984 4611 1048 4658 dixit
1065 4613 1086 4661 C
1105 4621 1224 4662 accentus
1246 4613 1311 4660 dixit
1331 4610 1354 4658 sl
1374 4613 1433 4674 quia
1454 4621 1573 4661 accentus

277 4680 362 4743 (corr.
379 4681 455 4740 -tuml
474 4679 539 4728 dixit
555 4679 579 4728 B
650 4690 674 4728 et
693 4678 828 4729 litteramd
846 4688 870 4728 et
888 4679 970 4728 littera
984 4681 1068 4730 Alto
1135 4682 1169 4733 30
1184 4680 1307 4744 syllabam
1325 4697 1381 4730 uam
1401 4698 1448 4732 om.
1468 4682 1522 4732 BC

279 4749 311 4800 31
332 4750 479 4800 diceresed
500 4758 524 4799 et
540 4750 624 4798 omnia
644 4749 666 4796 Α
738 4750 772 4799 33
789 4764 853 4812 quae
871 4750 992 4814 specialia
1010 4752 1093 4801 ABG
1161 4749 1193 4800 34
1212 4762 1278 4801 totae
1291 4752 1426 4802 elocutioni
1445 4752 1507 4802 Gala
1527 4754 1572 4800 toti

279 4820 416 4870 elocutioni
430 4818 454 4867 B
470 4826 521 4868 tota
539 4820 679 4868 elocutione
697 4820 721 4870 ,4
791 4820 825 4869 35
844 4820 945 4869 nomine
962 4822 985 4870 Α
1005 4837 1073 4874 corr,
1090 4823 1127 4870 -ni
1147 4839 1178 4872 u:
1197 4823 1292 4872 nomini
1306 4848 1341 4861 -·
1357 4822 1510 4887 generaliter
1528 4821 1574 4871 doc

279 4891 334 4941 loeo
351 4892 443 4940 andrea
457 4891 482 4939 in
501 4906 579 4955 rnarp.
598 4891 634 4939 ud
649 4905 711 4956 ergo
727 4890 788 4944 add,
808 4889 861 4942 BC

1072 5079 1084 5104 Χ
