3346 5498
758 397 829 466 ARS
1396 394 1436 464 51

1248 509 1414 565 pmnn

147 596 213 676 quia
236 594 428 675 producitur,
456 593 534 655 sieut
561 592 702 671 legimus,
739 598 856 652 ‘totus
891 598 926 650 et
952 590 1017 651 ille
1048 591 1145 651 dies’
1184 599 1214 652 et
1243 591 1327 651 ‘hos
1360 599 1439 650 tota

124 707 313 759 ‘armenta
336 697 544 758 secuntur'.
582 712 654 771 ergo
677 696 707 753 in
730 691 856 773 simplici
879 701 1039 770 utrumque
1062 695 1237 773 corripitur,
1267 700 1297 752 et
1318 700 1389 772 quot
1412 703 1441 752 et

147 809 202 868 tot;
230 801 262 859 in
292 798 475 860 derivatione
497 805 576 857 totus
599 796 781 876 producitur.
807 829 845 840 -
868 794 1027 856 Infinita
1049 803 1088 856 ut
1109 796 1228 856 cuius:
1252 795 1438 855 indefinitum
1450 800 1540 862 380,4

147 900 248 962 estad
273 900 402 978 aliquid,
436 917 493 977 qua
517 897 642 959 ostendo
664 916 712 959 me
735 896 845 974 aliquid
872 896 1025 976 possidere
1048 897 1128 976 quod
1150 899 1238 977 cupio
1261 905 1290 959 et
1312 915 1439 976 persona

126 1001 325 1083 spossidentis
346 1004 492 1070 retertur,
517 1010 549 1062 ιιι
577 1000 733 1062 Terentius
761 999 881 1079 ‘quid
909 999 1045 1060 mulier
1068 1002 1149 1062 cuia
1172 1000 1263 1060 estl'
1285 1006 1315 1058 et
1339 1000 1439 1076 Vergi-

148 1104 200 1165 bus
223 1106 374 1165 ‘cuium
396 1104 548 1184 pecusl'
569 1138 610 1146 —
633 1103 721 1164 Cuia
745 1104 885 1162 cuium:
909 1100 945 1161 ad
969 1100 1079 1179 aliquid
1101 1101 1169 1163 ideo
1192 1101 1277 1176 dixit,
1302 1102 1468 1178 quianon

147 1225 228 1267 cesse
252 1213 299 1267 est
321 1215 354 1266 ut
376 1223 502 1285 persona
525 1205 654 1285 possessi
679 1221 738 1263 non
759 1202 947 1282 intellegatur
974 1205 1030 1263 nisi
1058 1205 1158 1264 iuncta
1179 1221 1323 1282 personae
1346 1205 1439 1282 possi·

148 1308 240 1369 lentis
266 1330 284 1360 ι
309 1316 342 1368 ut
364 1310 388 1367 si
411 1306 546 1367 dicamus
568 1305 651 1366 verbi
669 1305 675 1388 Ι
693 1308 787 1384 gratia
816 1311 941 1385 ‘quotus
963 1305 999 1366 ab
1022 1305 1072 1365 illo
1096 1306 1175 1366 estl’
1197 1339 1237 1349 -
1261 1307 1308 1366 Vt
1329 1309 1470 1383 quan-6

149 1418 201 1471 tus
224 1418 367 1470 tantus:
391 1408 520 1471 notanda
541 1410 598 1468 ista
619 1409 809 1487 pronomina,
834 1409 900 1485 quia
924 1415 952 1468 et
975 1406 1113 1469 adverbia
1136 1409 1261 1477 iaciunt,
1285 1416 1317 1467 ut
1339 1408 1441 1485 quanti

120 1514 230 1581 utenti,
254 1513 376 1589 ‘quanti
391 1521 420 1571 te
436 1510 565 1580 lrabuit',
582 1513 701 1587 ‘quanti
719 1517 746 1570 te
763 1509 872 1580 duxit',
890 1511 975 1571 etsie
991 1509 1116 1570 dicenda
1132 1528 1191 1588 quo
1206 1509 1294 1570 modo
1310 1511 1438 1570 maximi.

148 1614 303 1674 -Sunt
325 1612 397 1674 alia
420 1612 727 1675 demonstrativa:
752 1611 998 1681 demonstrativa,
1023 1629 1099 1688 quae
1121 1619 1295 1691 praesentes
1318 1630 1366 1672 res
1390 1611 1440 1671 de-

148 1723 324 1784 monstrant,
355 1723 386 1776 ut
413 1715 461 1774 bie
493 1713 568 1774 haee
597 1713 661 1774 lroc.
708 1732 776 1775 nam
805 1715 830 1774 si
862 1713 943 1774 dieas
966 1712 1002 1773 de
1031 1721 1189 1793 praesente
1216 1731 1344 1793 persona
1367 1715 1441 1774 ‘iste

149 1820 261 1895 estqui
285 1816 432 1877 tibileeit
453 1817 621 1884 iniuriam',
650 1815 857 1876 soloecismum
887 1815 968 1876 lacis.
1013 1817 1111 1876 minus
1139 1833 1227 1893 quam
1262 1817 1343 1876 linita
1371 1835 1439 1895 pro-

150 1922 280 1988 nomina,
304 1935 380 1994 quae
402 1918 715 1978 commemorationem
730 1919 843 1979 iaciunt
857 1936 958 1978 earum
974 1937 1184 1996 personarum,
1209 1917 1246 1978 de
1261 1917 1367 1997 quibus
1382 1919 1440 1978 iam

125 2020 234 2082 elocuti
256 2039 375 2089 sumus,
398 2027 431 2079 ut
454 2029 498 2079 est
519 2021 584 2097 ipse
607 2021 662 2079 iste
684 2022 719 2080 is.
764 2020 837 2081 baec
861 2022 948 2082 etiam
971 2019 1155 2081 subiunctiva
1178 2018 1378 2100 appellantur,
1409 2028 1441 2079 nt

150 2131 212 2202 puta
235 2123 300 2202 ‘qui
323 2120 395 2182 illud
418 2121 502 2191 lecit,
525 2123 588 2200 ipse
611 2128 640 2181 et
655 2121 711 2181 hoc
727 2121 811 2182 lecit'
838 2120 852 2202 [
852 2124 1166 2184 commemorationem
1180 2122 1314 2183 videatur
1329 2121 1441 2196 habere

150 2223 314 2304 personae}
339 2257 381 2266 -
404 2224 446 2282 Vt
474 2241 601 2283 eccum
632 2242 756 2284 eccam
787 2223 900 2285 ellum
928 2224 1052 2285 ellam:
1081 2226 1256 2304 pronomina
1279 2225 1332 2285 ista
1355 2225 1469 2303 quasia

151 2333 318 2406 monoptota
341 2333 420 2386 sunt.
456 2325 510 2385 sed
531 2325 605 2385 haec
627 2334 750 2406 propter
772 2325 946 2388 latinitatem
962 2330 1125 2407 composita
1144 2327 1148 2402 Ι
1167 2325 1346 2407 proterenda
1361 2335 1439 2396 sunt,

152 2436 269 2508 utputa
291 2445 392 2488 cecam
415 2445 485 2488 eece
507 2446 586 2497 eam,
617 2446 719 2489 eceum
744 2447 813 2489 eece
836 2448 918 2500 eum,
949 2431 991 2491 sic
1014 2436 1044 2490 et
1066 2428 1163 2490 ellum.
1201 2426 1297 2490 sicubi
1318 2431 1373 2491 ista
1394 2431 1440 2490 in·

127 2540 231 2592 acerna
253 2531 381 2598 tuerint,
405 2530 575 2608 usurpativa
598 2538 681 2599 sunt;
714 2538 743 2590 et
764 2532 832 2592 ideo
854 2532 1084 2594 demonstrativa
1107 2533 1234 2593 maxime
1249 2524 1338 2602 sunt,
1371 2535 1439 2609 quia

152 2632 318 2693 adverbium
334 2631 566 2692 demonstrantis
580 2631 700 2701 habent,
724 2640 758 2693 ut
773 2652 856 2705 eece,
881 2644 910 2695 et
925 2654 1101 2715 prenomen,
1124 2642 1158 2695 ut
1173 2653 1239 2694 eum
1256 2633 1348 2694 illum.
1387 2633 1439 2694 sed

154 2732 339 2795 haecomnia
363 2752 398 2795 ex
420 2734 485 2794 istis
507 2741 646 2811 quattuor
667 2736 822 2815 speciebus
839 2746 923 2806 suut,
947 2737 1053 2811 finitis,
1077 2738 1214 2806 infinitis,
1238 2738 1336 2797 minus
1351 2754 1438 2814 quam

153 2836 235 2896 initis
259 2833 367 2916 [servi]
391 2842 421 2896 et
441 2837 627 2915 possessivis.

230 2939 447 3006 Commune,
472 2947 510 2998 ut
531 2937 655 3017 qualis
679 2937 782 2999 talis:
807 2939 901 3017 qualis
924 2947 954 3000 et
975 2941 1041 3002 talis
1064 2943 1231 3002 communia
1248 2950 1318 3003 sunt
1332 2960 1440 3021 prono·
1454 2945 1484 2994 11

127 3041 233 3101 anina.
272 3048 378 3101 neuua
401 3041 432 3099 in
456 3059 472 3100 e
495 3049 666 3120 correptum
690 3048 813 3109 exeunt,
844 3048 877 3101 ut
899 3040 984 3118 quale
1008 3041 1080 3111 tale,
1109 3044 1185 3103 sicut
1211 3045 1241 3103 in
1269 3042 1440 3103 nominibus

154 3159 234 3201 suave
257 3141 359 3214 dulce,
383 3159 459 3219 quae
483 3151 512 3202 et
534 3152 748 3222 conparantur,
773 3150 806 3203 ιιι
822 3145 940 3204 suavius
955 3142 1079 3204 dulcius.
1117 3146 1171 3205 ista
1187 3147 1363 3224 pronomina
1379 3163 1438 3205 non

156 3251 361 3323 conparantur,
391 3245 459 3320 quia
488 3243 602 3305 nullum
631 3263 796 3324 pronomen
819 3246 925 3324 recipit
946 3248 1197 3324 conparationem.
1235 3263 1331 3322 neque
1359 3248 1437 3305 enim

156 3353 243 3422 potest
263 3344 322 3405 diei
345 3344 461 3423 qualior
484 3345 584 3415 talior,
614 3365 672 3425 quo
695 3347 784 3407 modo
806 3349 922 3409 suanm
944 3348 1067 3408 dulcior.
1106 3348 1184 3409 unde
1207 3347 1343 3409 Lucanus
1362 3344 1368 3429 Ι
1387 3347 1437 3406 ad·

158 3427 280 3508 corbium
302 3447 387 3515 lecit,
528 3442 531 3449 ’

130 3571 149 3608 ιι
296 3548 461 3629 qualiter
483 3567 706 3629 expressum
731 3554 850 3612 ventis
871 3572 937 3632 per
959 3551 1084 3613 nubila
1107 3553 1254 3614 lulmen.

160 3667 216 3710 nam
237 3669 296 3711 non
323 3668 484 3732 possumus
506 3649 553 3711 nis
575 3653 803 3731 pronominibus
830 3657 1080 3734 comparationem
1109 3654 1275 3734 adponere,
1305 3657 1438 3733 quamvis
1533 3675 1536 3679 ·

217 3854 373 3914 ΜΒΝ.
395 3852 625 3906 V11117*-v111
651 3858 673 3907 l.
745 3858 866 3924 asimpti
883 3875 951 3914 corr.
969 3863 1003 3910 ul.
1022 3876 1088 3908 ιιιαιι.
1107 3860 1217 3924 simplici
1287 3863 1438 3923 etquodet

162 3930 228 3971 totum
244 3925 269 3973 in
288 3926 446 3974 deribatioue
517 3926 584 3976 ‘tad
602 3927 705 3988 aliquod
771 3929 839 3979 bod
858 3928 965 3994 aliquid]
987 3930 1076 3991 aliquit
1091 3928 1171 3992 aliqui
1223 3929 1366 3995 ssgratiam

163 3991 266 4060 quantus]
287 3996 337 4058 quai
356 4005 382 4042 tu
452 3993 665 4062 iiquautitanti]
689 3999 823 4059 quotititati
895 3998 928 4048 10
945 3999 1022 4048 habui
1086 3998 1115 4048 ll
1134 3999 1316 4066 demonstrant]
1334 4002 1438 4052 demon-

162 4071 212 4111 suat
261 4063 291 4114 13
308 4065 474 4128 solyeismum
529 4067 719 4128 quamintinna
769 4067 801 4117 14
820 4069 1056 4117 commemoratione
1109 4069 1140 4118 lb
1157 4071 1220 4119 istae
1271 4071 1438 4136 appellantur

162 4143 217 4185 corr.
236 4135 269 4187 al.
294 4150 359 4184 maa.
379 4134 549 4200 appellabitur
619 4137 650 4187 17
670 4150 779 4201 persona
851 4139 935 4200 ellam]
957 4139 1008 4187 iam
1081 4139 1114 4188 18
1137 4139 1290 4202 proferenda
1362 4144 1393 4194 to
1412 4151 1438 4191 ιιι

163 4211 212 4261 puta
228 4219 308 4253 eccam
328 4219 428 4253 coccam
448 4220 534 4254 cecum
554 4221 654 4255 eecenm
673 4207 710 4255 sie
780 4207 811 4256 21
837 4225 895 4258 eum
914 4206 993 4274 illum]
1015 4224 1103 4257 eccum
1122 4209 1199 4257 ellum
1270 4212 1437 4262 25ueutrum

217 4271 250 4324 26
263 4284 290 4322 ιιι
308 4274 432 4324 suauibus
502 4273 538 4325 30
554 4290 720 4340 expraessum

218 4478 230 4528 l
250 4488 317 4530 totus
334 4477 370 4544 et]
394 4480 574 4546 Verppeorp.
592 4480 671 4531 1434
741 4478 799 4547 hos]
823 4483 900 4547 Verp.
922 4483 986 4532 Aen.
1007 4482 1082 4533 1185
1154 4486 1235 4547 dqrro
1255 4487 1360 4537 ostendo
1376 4488 1436 4536 Pne-

160 4544 236 4600 ὼε.
262 4550 364 4613 qnando
383 4550 440 4599 dieo
461 4566 545 4615 meus,
564 4566 605 4600 me
623 4551 721 4613 aliquid
742 4552 873 4615 possidere
890 4553 995 4602 ostendo
1013 4553 1038 4600 in
1054 4553 1223 4614 explicatione
1239 4560 1436 4619 possessivorum

159 4613 222 4667 lebet
239 4618 370 4682 Pompeius
383 4636 411 4682 p.
431 4620 483 4671 243
497 4621 537 4670 ed.
555 4621 631 4673 Laid.
646 4639 726 4686 quere
740 4622 810 4670 bend
826 4625 877 4672 seio
895 4638 928 4671 un
944 4621 1005 4672 leoec
1018 4623 1050 4672 ob
1068 4622 1114 4672 boc
1128 4624 1182 4673 loeo
1199 4629 1282 4676 aliena
1295 4629 1352 4685 sint,
1365 4635 1390 4674 et
1402 4627 1438 4674 oet

160 4686 262 4747 infiaiwn
280 4704 418 4752 pronomen
439 4692 512 4739 cuins
532 4692 595 4741 illud
614 4699 708 4741 tuntum
723 4695 859 4754 pertineat,
873 4693 932 4755 quia
950 4693 982 4741 nd
1001 4707 1137 4757 personam
1156 4697 1311 4759 possidentis
1329 4695 1437 4744 refertur

216 4756 394 4825 stercutius]
415 4758 527 4813 Eameeb.
547 4761 568 4809 ll
586 4759 617 4824 3,
636 4760 670 4810 30
686 4762 746 4823 quid
767 4763 840 4827 virgo
859 4764 916 4811 eoin
936 4774 973 4812 est
1043 4763 1187 4829 Vergilius]
1207 4765 1284 4818 bucol.
1306 4765 1332 4826 3,
1353 4765 1365 4815 l

158 4823 209 4875 tm
224 4830 245 4878 si
257 4859 292 4868 —
310 4839 349 4879 est
367 4845 404 4879 ex
422 4831 590 4892 explicatione
602 4833 772 4895 proumninnrn
790 4842 882 4896 (perotus
899 4841 1005 4883 eltutus
1022 4834 1110 4883 relicte
1127 4842 1185 4883 sunt
1254 4835 1288 4885 28
1305 4833 1434 4902 Lucanus]

158 4893 264 4951 Pteron.
284 4901 295 4948 l
315 4900 363 4951 151

1187 4986 1232 5049 4*
