3346 5498
704 440 707 445 ,
754 377 825 441 aits
1396 373 1438 437 43

1246 498 1267 538 p.
1281 486 1338 526 rece.
1351 485 1376 524 oe
1390 482 1412 523 r.

151 586 242 646 quae
263 586 305 628 ex
325 567 410 627 Asia
433 565 616 628 facillime
639 568 942 645 conportantur'.
962 567 1059 626 —Vt
1081 567 1161 626 vina
1184 562 1554 631 nrellaordea:376,3t

150 670 321 732 Cornificius
343 668 446 732 Gallus
467 668 537 729 inde
559 668 753 748 reprehendit
774 668 949 747 Vergilium,

298 771 411 834 ordea
432 773 492 851 qui
515 770 626 840 dixit,
650 779 825 851 superest
847 779 886 832 ut
907 772 1035 832 tritica
1059 770 1168 831 dicat.

151 876 363 952 -Semper
389 872 552 953 pluralia
581 874 744 934 eiusdem
772 875 936 952 generis,
965 881 1003 932 ut
1029 891 1141 934 arma:
1171 873 1437 951 quotienscumque

116 979 201 1038 ,sista
229 977 350 1037 nomina
377 977 408 1035 in
438 976 618 1037 nominativo
645 974 752 1055 plurali
779 984 848 1037 aute
878 973 1010 1036 ultimam
1039 974 1170 1036 vocalem
1192 977 1241 1035 ai
1268 973 1436 1043 habuerint,

148 1097 263 1159 semper
284 1080 453 1157 genetivum
481 1080 512 1138 in
539 1080 601 1138 ium
625 1079 759 1145 mittunt:
782 1079 806 1138 si
833 1085 1060 1146 consonantem,
1088 1078 1119 1138 in
1148 1095 1229 1148 rum,
1259 1086 1292 1139 ut
1320 1078 1437 1137 moenia

150 1184 309 1251 moenium,
334 1188 428 1243 castra
451 1189 631 1251 castrorum,
656 1181 727 1242 licet
747 1187 864 1241 veteres
880 1188 983 1241 contra
998 1188 1092 1242 artem
1109 1181 1294 1241 moeniorum
1309 1178 1439 1240 dixerint

150 1282 386 1353 sauchiorum,
410 1290 443 1343 ut

297 1384 524 1447 anciliorum
548 1384 691 1446 oblitus
712 1385 872 1446 nominis
896 1393 931 1446 et
953 1392 1068 1463 togae.

121 1490 187 1549 ul't
206 1487 386 1568 populus:
410 1486 480 1549 dum
502 1489 563 1549 sint
583 1485 741 1565 singularis
764 1489 881 1548 numeri
903 1486 1029 1567 populus
1045 1493 1075 1547 et
1089 1488 1203 1556 contio,
1227 1485 1335 1567 plurali
1350 1484 1437 1547 intel·
1452 1492 1538 1575 3‘17‘1

111 1646 113 1651 .
150 1589 299 1668 leguntur,
323 1591 390 1670 quia
413 1588 539 1668 populus
561 1598 591 1650 et
613 1590 712 1650 contio
735 1608 772 1650 ex
793 1589 894 1650 multis
916 1597 974 1658 est,
1001 1586 1085 1670 loon
1108 1609 1144 1650 ex
1166 1607 1235 1650 uno.

229 1690 482 1770 Nugigerulus
504 1700 785 1772 conponuntur:
820 1693 913 1771 ligura
935 1692 1089 1771 conposita
1110 1693 1229 1753 inventa
1252 1700 1297 1753 est
1319 1697 1468 1752 ornatus?

150 1813 241 1856 morsa.
275 1813 346 1856 nam
361 1796 470 1855 maxim
487 1813 522 1856 ea
537 1796 612 1856 iuris
626 1795 731 1875 peritis
745 1796 864 1855 inventa
879 1802 939 1866 est,
962 1796 1013 1874 qui
1028 1794 1087 1855 duo
1102 1794 1193 1855 verba
1208 1800 1441 1874 composuerunt

151 1895 191 1957 vel
212 1899 348 1967 nomina,
371 1897 646 1967 fideicommissum,
669 1898 895 1976 iurequiritium.
919 1931 962 1941 -
982 1895 1309 1977 lnexpugnahiiis:
1335 1901 1469 1956 notan-8

123 1999 215 2060 udum
237 2001 307 2077 quia
330 2017 532 2081 quaecumque
548 2000 659 2060 luerint
681 2000 800 2060 nomina
824 2001 1000 2079 composita,
1024 2000 1049 2060 si
1072 1998 1214 2079 aduplici
1229 2000 1357 2079 conponi
1373 2016 1439 2077 pos-

151 2110 227 2171 suut,
249 2101 399 2181 simplicia
421 2110 504 2171 suut;
528 2103 595 2182 quia
619 2120 685 2162 cunr
708 2101 776 2163 dico
792 2100 1004 2181 expugnabilis,
1026 2104 1221 2182 compositum
1238 2109 1282 2161 est
1297 2108 1440 2161 ettamen

151 2202 272 2284 simplex
295 2212 355 2274 est,
385 2206 453 2284 quia
476 2205 546 2265 lacit
567 2203 814 2284 inexpugnabilis.
831 2200 844 2287 ΙΙ
859 2203 938 2265 aliud
962 2206 1041 2265 enim
1069 2205 1214 2285 significat
1235 2201 1440 2282 expugnabilis

152 2312 177 2365 et
196 2305 275 2366 aliud
296 2305 544 2385 inexpugnabilis.
583 2315 742 2386 propterea
764 2306 880 2367 videtur
903 2326 962 2368 oon
984 2307 1147 2368 secundum
1175 2307 1370 2385 conpositum.
1398 2338 1439 2347 —
1452 2311 1479 2358 9⁴

153 2407 244 2478 Quae
268 2426 310 2468 ex
332 2407 477 2469 duobus
500 2410 743 2470 nominativis
765 2411 973 2488 composita
996 2412 1084 2470 sint:
1109 2409 1175 2486 quia
1191 2409 1250 2469 duo
1267 2408 1440 2468 nominativi
1479 2419 1481 2422 ’

125 2529 144 2570 s
153 2528 202 2589 per
215 2527 320 2571 omnes
334 2528 422 2572 casus
436 2510 642 2579 inflectuntur:
664 2512 689 2571 si
705 2491 901 2572 nominativus
917 2531 983 2573 curn
1000 2510 1058 2572 alio
1073 2530 1144 2572 casu
1159 2511 1263 2579 luerit,
1280 2510 1438 2571 nominati·

153 2629 200 2672 rus
213 2619 329 2673 tantum
344 2612 521 2683 inflectitur,
544 2611 617 2674 alius
632 2612 784 2675 inmobilis
799 2623 907 2675 manet.
931 2614 980 2675 hic
995 2612 1223 2695 paterfamilias:
1242 2613 1380 2688 famelius
1393 2613 1439 2671 in·

154 2712 325 2775 declinabile
340 2707 394 2784 est,
416 2712 420 2796 Ι
440 2733 618 2795 quamquam
635 2715 719 2776 multi
740 2716 839 2777 dicant
859 2736 924 2778 esse
945 2719 1112 2796 genetivum
1128 2735 1252 2794 graecae
1267 2713 1440 2776 declinatio-

153 2816 202 2877 nic
231 2815 284 2878 scd
307 2816 413 2878 melius
435 2816 549 2879 dicetur
564 2836 673 2879 nomen
688 2836 754 2879 esse
768 2817 987 2889 indeclinabile,
1004 2820 1144 2900 quoniam
1160 2837 1219 2880 non
1235 2817 1305 2879 licet
1318 2816 1441 2878 latinum

153 2934 253 2995 graeca
275 2917 377 2998 regula
405 2917 558 2981 declinari.
584 2956 622 2965 —
647 2922 688 2981 vt
715 2921 936 3000 praelectus
965 2923 1145 3000 equitum:
1169 2943 1187 2976 a
1217 2928 1250 2981 ut
1271 2919 1440 3000 praelectus
1454 2924 1485 2974 12

124 3039 144 3079 s
154 3019 283 3098 vigilibus
297 3020 426 3082 elocutio
441 3031 494 3092 est,
517 3040 576 3083 non
592 3041 711 3091 nomen,
734 3022 792 3084 hoc
808 3025 916 3103 estqui
931 3033 1049 3102 praeest
1065 3022 1209 3102 vigilibus,
1233 3024 1301 3104 quia
1316 3040 1440 3083 necesse

154 3128 195 3182 est
213 3123 326 3202 aliquid
348 3125 514 3203 interponi,
539 3125 606 3202 quia
629 3127 723 3202 magis
746 3125 781 3186 ad
805 3127 992 3206 participium
1015 3127 1158 3196 refertur,
1189 3127 1256 3206 quia
1283 3126 1440 3205 praelicior

152 3222 217 3283 lacit
236 3225 419 3304 praelectus,
442 3235 475 3287 ut
496 3226 688 3288 commender
710 3227 947 3297 commendatus,
972 3227 1073 3288 trador
1095 3227 1218 3288 traditus
1242 3226 1294 3308 [ita
1311 3235 1340 3287 et
1354 3244 1440 3306 prae·

153 3325 240 3387 tectis
261 3325 356 3389 urbis.
393 3329 529 3406 genetivo
551 3329 698 3407 iungitur,
726 3337 759 3390 ut
789 3331 953 3390 ‘inmitis
982 3328 1165 3410 Achilli'}
1188 3365 1230 3375 -
1252 3327 1349 3399 Quae
1378 3332 1485 3388 autu

153 3429 351 3508 composita
379 3438 477 3491 sunt:
506 3449 544 3491 ne
567 3430 699 3493 videatur
727 3450 793 3494 esse
815 3432 997 3493 contrarium
1025 3431 1103 3510 quod
1125 3431 1199 3492 dicit
1221 3431 1339 3492 nomina
1367 3448 1438 3490 con·

124 3531 243 3608 reposita
265 3549 326 3592 non
348 3531 459 3594 debere
482 3534 634 3613 componi,
659 3536 769 3615 quippe
791 3553 858 3595 cum
881 3535 1017 3614 superius
1032 3533 1139 3595 dixerit
1154 3554 1190 3594 er
1204 3532 1339 3614 pluribus
1353 3551 1440 3613 posse

155 3634 290 3712 conponi,
314 3634 385 3695 inde
406 3633 639 3713 intellegendum
663 3644 721 3706 est,
745 3636 822 3717 quod
845 3638 903 3698 iarn
926 3638 1123 3716 compositum
1145 3646 1190 3698 est
1213 3639 1243 3696 in
1259 3636 1439 3696 contrarium

155 3751 266 3796 sensim
282 3754 342 3796 non
364 3755 451 3816 posse
474 3739 612 3817 conponi.
641 3746 674 3799 ut
695 3746 765 3818 puta
788 3739 858 3800 felix
873 3756 994 3800 sensum
1010 3757 1095 3800 suum
1108 3737 1212 3807 habet;
1233 3738 1238 3819 1
1258 3738 1440 3799 contrarium

218 3974 279 4026 oon
298 3974 380 4026 Bern.
402 3974 446 4022 Vll
466 3973 567 4028 325.
639 3972 747 4041 lquae]
768 3992 818 4039 que
872 3977 999 4028 ‘facillima
1070 3976 1183 4045 3dicat]
1206 3977 1263 4027 dico
1312 3979 1441 4043 lgenere

217 4043 315 4112 bium]
333 4055 386 4094 turn
400 4058 468 4094 corr.
487 4045 540 4094 ium
610 4044 643 4112 si]
663 4060 703 4097 .e.
775 4045 900 4113 tactem]
922 4063 980 4097 aree
1049 4047 1109 4097 8et
1125 4047 1292 4097 archiliorum
1309 4046 1441 4097 utanclro·

157 4110 239 4162 tiorum
311 4115 343 4166 12
362 4123 464 4165 ornatos
536 4117 567 4165 11
587 4116 788 4179 iuraequiritium
808 4118 987 4183 expugnauilis
1044 4117 1075 4168 15
1095 4118 1116 4166 si
1134 4118 1263 4184 adduplici
1334 4119 1365 4170 17
1380 4117 1442 4166 nliut

219 4183 251 4236 10
265 4185 327 4235 aliut
397 4186 509 4236 secundo
526 4201 594 4240 corr.
615 4189 650 4240 ol.
668 4203 732 4236 man.
750 4187 827 4238 dum·
894 4189 925 4239 21
946 4186 1057 4237 tantillas
1074 4202 1120 4240 om.
1192 4189 1226 4238 24
1243 4186 1341 4255 regula]
1363 4188 1441 4237 multe

218 4254 252 4306 20
268 4257 327 4320 quia
345 4254 465 4321 praeficio
534 4256 568 4305 27
586 4265 613 4306 ut
629 4257 793 4307 commeodos
862 4257 896 4308 ²8
912 4255 965 4324 aut]
987 4267 1070 4308 autern

215 4461 384 4513 hcomelius
403 4461 490 4512 Gallus
512 4464 618 4513 coniecit
634 4462 799 4528 Spaldinpiua
814 4466 839 4513 io
856 4461 958 4523 Quintil.
975 4463 984 4511 l
1004 4464 1029 4521 b,
1051 4462 1096 4514 to:
1116 4465 1150 4527 cf.
1175 4465 1292 4528 Vnpem
1309 4463 1341 4512 de
1363 4464 1439 4526 Valp.

151 4544 223 4593 m.
238 4549 266 4598 p.
279 4532 340 4585 392.
360 4532 385 4582 Ι.
400 4531 531 4582 Beckerus
546 4531 639 4594 ephem.
659 4534 736 4597 antip
754 4531 866 4596 (zoco.
878 4533 899 4595 s.
915 4532 1039 4597 Altertlr.)
1054 4550 1079 4586 a.
1094 4533 1160 4584 1817
1174 4551 1204 4598 p.
1223 4534 1298 4586 1005.
1317 4532 1438 4582 Ribbeck.

150 4605 211 4664 ml.
225 4605 253 4653 in
271 4604 353 4668 Very.
370 4619 399 4666 p.
414 4600 449 4653 96
500 4602 517 4652 0
532 4600 691 4668 anciliorum]
712 4603 779 4654 Hor.
797 4618 874 4653 carm.
892 4604 923 4652 ill
942 4605 968 4663 b,
983 4604 1016 4653 10
1068 4605 1101 4654 24
1120 4619 1211 4668 graeco
1229 4619 1297 4653 more
1314 4602 1440 4652 declinare

151 4671 290 4726 Matium·
305 4674 342 4738 cs.
365 4674 475 4735 Pompei.
493 4688 521 4736 p.
540 4672 590 4723 190
607 4672 648 4725 ed.
667 4674 744 4728 Lind.
765 4674 833 4737 opud
851 4674 960 4722 maiores
983 4674 1049 4722 enim
1071 4684 1171 4724 nostros
1195 4673 1315 4739 pleraque
1338 4673 1440 4721 nomina

150 4744 178 4792 ad
192 4745 265 4794 ritum
283 4758 409 4811 graecum
434 4742 625 4792 declinabantur
676 4743 711 4794 28
728 4745 824 4793 inmitis
839 4740 943 4809 Achilli]
963 4745 1042 4807 Verp.
1062 4747 1127 4795 Aen.
1148 4744 1218 4797 130.
1238 4743 1331 4792 urst.
1352 4741 1439 4801 verbm

150 4816 194 4866 nbi
206 4818 302 4870 omino
319 4814 353 4865 ab
367 4812 418 4864 doc
433 4814 489 4863 loco
503 4814 588 4864 aliena
604 4823 674 4868 runt,
694 4829 724 4863 eo
742 4815 844 4863 oonsilio
862 4813 992 4877 adscripto
1009 4828 1065 4864 eave
1081 4815 1206 4877 videntur,
1225 4821 1252 4863 ut
1268 4813 1373 4865 datiorcu
1390 4828 1440 4878 pro

146 4889 259 4952 paetino,
276 4885 336 4936 nrhi
346 4899 400 4951 pro
418 4883 498 4948 orbis,
510 4885 571 4952 poni
583 4898 661 4947 poste
678 4883 725 4934 boc
743 4886 857 4950 exerrvplo
872 4882 1035 4947 probaretur.
