3346 5498
299 1407 354 1511 Q.
381 1407 675 1505 RHEMNH
702 1409 1071 1510 PALAEMON
1074 1414 1130 1511 IS
1158 1415 1283 1513 ARS

510 1630 819 1716 narni
895 1632 930 1715 l
973 1635 1075 1720 ns

706 1870 872 1880 ——.

230 2001 435 2069 Palaemonis
464 2015 497 2069 et
518 2005 617 2091 Aspri
640 2016 726 2070 artes
749 2005 889 2091 primum
911 2004 1019 2070 editae
1041 2017 1117 2070 sunt
1138 2006 1221 2070 Fani
1243 2028 1328 2072 anno
1354 2008 1435 2073 1503

147 2105 207 2170 hoc
228 2106 340 2187 titulo,
371 2105 429 2186 Ὦ.
453 2105 602 2170 Rhemnii
625 2104 828 2171 Palaemonis
856 2128 909 2170 ars
936 2107 1151 2192 grammatica
1172 2107 1325 2174 secunda.
1369 2113 1434 2176 Ars

145 2209 246 2294 Aspri
272 2208 410 2273 iunioris
439 2208 651 2292 grammatici.
696 2206 784 2271 Aelii
805 2207 926 2273 Donati
953 2207 1054 2274 editio
1081 2210 1197 2296 prima.
1241 2210 1365 2276 Donati
1394 2211 1435 2276 de

147 2320 219 2375 octo
242 2311 392 2397 partibus
415 2309 572 2374 orationis
594 2308 694 2375 editio
715 2311 870 2374 secunda.
901 2311 1049 2377 Donatus
1066 2314 1106 2378 de
1121 2313 1335 2378 barbarismo.
1361 2313 1435 2379 Ser·

146 2413 219 2476 vius
242 2421 274 2475 et
297 2412 430 2496 Sergius
453 2412 486 2475 in
508 2411 684 2476 secundam
699 2412 823 2477 Donati
845 2411 1031 2479 editionem.
1075 2415 1174 2488 Fani,
1196 2416 1332 2480 Hieron.
1355 2417 1434 2482 Son-

145 2517 237 2578 cinus
259 2513 353 2577 nonis
376 2513 465 2600 Sept.
492 2512 601 2579 1503’.
637 2515 672 2577 in
693 2514 786 2579 initio
807 2513 884 2580 libri
906 2526 982 2581 ante
1003 2514 1208 2582 Palaemonis
1231 2527 1334 2582 artem
1356 2515 1433 2602 legi·

147 2626 200 2680 tur
222 2617 420 2703 epigramma
441 2614 569 2682 Ioviani
590 2615 743 2699 Pontani,

146 2804 282 2852 lOVlANI
311 2804 464 2852 PONTANI
492 2803 632 2851 CARMEN
660 2805 708 2851 DE
736 2806 828 2852 ARTE
850 2803 1073 2852 PALAEMONIS
1095 2804 1163 2853 PER
1185 2805 1258 2852 Evu
1280 2804 1433 2852 INVENTA

541 2906 589 2953 AD
612 2907 793 2955 ANTONIVM
815 2906 1046 2955 PANORMITAM

298 3012 539 3076 Grammaticae
560 3022 670 3097 partes
693 3033 788 3074 casus
810 3022 843 3074 et
865 3011 997 3074 nomina
1017 3018 1180 3073 monstrat

347 3136 399 3177 ars
423 3135 510 3195 mea,
534 3111 780 3200 quoquomodo
804 3110 904 3176 dictio
927 3133 1073 3197 quaeque
1095 3110 1189 3191 fluat,

297 3215 416 3301 quidve
440 3237 576 3300 sequens
599 3212 705 3300 possis
727 3212 903 3278 verborum
923 3235 1057 3278 noscere
1079 3213 1217 3293 formas,

349 3327 405 3381 aut
426 3339 567 3403 quonam
589 3315 712 3378 fuerint
733 3314 835 3379 verba
856 3314 1036 3400 premenda
1057 3315 1146 3399 iugo.

298 3428 426 3482 caetera
448 3428 524 3483 sunt
545 3438 647 3504 parvo
669 3417 809 3503 carptim
830 3427 1010 3482 memorate
1030 3415 1157 3499 libello,

347 3520 475 3606 plenius
497 3531 573 3584 ante
595 3528 681 3584 artes
703 3540 785 3606 quae
807 3518 945 3584 docuere
967 3539 1069 3583 meae.

298 3638 333 3691 at
354 3647 405 3688 me
427 3621 612 3689 confectum
634 3621 720 3686 carie
742 3623 894 3708 turpique
917 3631 1049 3686 senecta

348 3724 485 3793 rodebat
505 3747 633 3790 murum
656 3723 753 3789 dente
775 3723 921 3788 timenda
942 3723 1072 3804 cohors,

298 3832 515 3916 sensissetque
536 3829 654 3892 iterum
676 3824 822 3891 crudelia
841 3825 913 3891 fata
934 3822 1125 3907 Palaemon,

348 3934 487 3998 iuvisset
508 3932 613 4019 pietas
636 3928 670 3993 ni
676 3977 686 4011 ‚
708 3925 846 3994 Ioviane
852 3975 862 4010 ,
886 3937 958 4011 tua,

298 4037 389 4102 euius
411 4058 498 4100 nunc
519 4032 643 4098 meritis
665 4042 779 4119 optata
800 4030 950 4118 perfruor
972 4051 1069 4111 aura,

348 4139 473 4204 Antoni
493 4137 605 4202 doctos
627 4135 733 4198 iussus
756 4132 847 4198 adire
869 4131 965 4197 lares.

146 4267 209 4307 non
238 4239 340 4306 multo
369 4240 568 4325 antiquiores
594 4247 703 4301 autem
730 4255 827 4322 quam
852 4233 976 4299 editum
1003 4233 1169 4321 exemplar
1197 4247 1272 4299 sunt
1305 4235 1433 4300 codices

147 4368 245 4408 manu
268 4343 395 4429 scripti,
419 4342 474 4428 qui
498 4350 670 4425 utrumque
692 4337 811 4402 librum
833 4335 1006 4419 exhibent,
1029 4334 1181 4402 Vaticani
1207 4337 1284 4400 1491
1302 4337 1433 4401 et1492

147 4460 180 4512 et
202 4445 393 4531 Reginensis
418 4443 515 4524 1818,
538 4441 697 4506 chartacei
721 4461 832 4504 omncs
859 4448 893 4503 et
920 4446 1059 4504 exeunte
1080 4439 1194 4526 quinto
1217 4438 1342 4504 decimo
1364 4461 1432 4503 sae-

146 4549 219 4615 culo
249 4547 380 4634 scripti,
409 4569 451 4610 ex
478 4545 596 4631 quibus
624 4565 663 4608 ea
690 4563 773 4630 quae
799 4541 864 4606 huc
891 4541 1055 4627 pertinent
1076 4539 1261 4606 adscribam
1272 4541 1315 4625 *).
1359 4538 1431 4606 cod.

145 4746 151 4779 1
232 4737 258 4802 *l
277 4739 386 4789 Indices
405 4738 485 4785 trium
504 4735 637 4797 codicum,
656 4747 725 4798 quos
743 4730 808 4782 olim
827 4730 938 4781 exhibui
956 4731 1029 4782 snei.
1048 4745 1160 4797 gramm.
1178 4729 1259 4780 Hslis
1278 4746 1303 4780 s.
1323 4731 1388 4781 1848
1406 4747 1431 4796 p.

148 4826 180 4874 15
199 4830 227 4873 et
242 4825 276 4875 25
293 4823 339 4872 hic
356 4829 495 4888 repetam,
514 4825 545 4870 ut
556 4834 649 4870 omnes
667 4833 701 4868 ex
713 4833 765 4869 uno
783 4817 858 4868 fonte
870 4818 965 4870 ductos
976 4832 1038 4870 esse
1050 4816 1194 4885 adparent.
1218 4815 1277 4869 cod.
1289 4815 1354 4866 Vat.
1367 4817 1431 4866 1491
