3346 5498
674 375 911 463 contruvvvu
1311 419 1315 428 .
1380 336 1443 440 2⁹29

1244 485 1417 539 pum-3011„

148 567 229 626 enim
250 565 328 644 apud
352 560 498 642 Stadium,
521 584 589 625 cum
612 565 672 624 sint
695 563 782 624 verba
812 565 1006 644 deponentia,
1038 575 1135 626 tamen
1165 567 1297 628 loturum
1326 574 1443 645 ternpus

149 670 236 730 etiam
265 670 295 728 iu
325 667 380 727 dus
408 668 534 725 mittere.
585 664 655 743 quid
687 668 775 743 ergo?
816 665 947 727 dicemus
975 687 1041 729 curn
1075 670 1283 730 soloecismum
1318 668 1442 729 lecisset

147 769 283 830 dabimus
306 772 333 829 ei
356 771 573 829 excusationes:
609 770 759 829 excusatio
788 770 866 828 enim
895 769 963 830 buic
985 772 1030 829 rei
1053 769 1147 830 danda
1178 778 1230 830 est.
1276 773 1302 831 si
1324 773 1367 830 vis
1390 769 1442 830 ali·

147 872 219 952 quid
243 870 350 950 eloqui,
373 873 491 950 penitus
513 873 555 931 uti
579 889 638 930 non
661 870 764 939 debes;
794 872 818 930 si
842 877 940 931 autem
963 873 1005 932 vis
1028 892 1155 951 ponere,
1184 871 1291 932 adhibe
1314 872 1442 952 aliquam
1490 939 1492 942 ,

120 976 380 1036 sexcusatiouem.
411 975 541 1053 primum
564 974 753 1053 participium
776 974 841 1032 sine
864 972 945 1033 verbi
968 975 1083 1052 origiue
1099 975 1220 1044 fecisse,
1244 974 1312 1034 ideo
1328 975 1441 1045 iecisse,

147 1079 285 1154 quoniam
312 1075 456 1136 babemus
483 1076 724 1156 usurpandorum
753 1077 977 1155 participiorum
1005 1075 1170 1146 licentiam,
1200 1084 1232 1136 ut
1259 1077 1387 1136 diximus
1414 1084 1444 1136 et

146 1181 177 1239 iu
200 1179 341 1239 Terentio
365 1175 546 1256 [loquendus
568 1178 757 1257 participium
782 1179 913 1237 estsine
936 1176 1017 1237 verbi
1041 1176 1182 1258 origiue}
1229 1197 1301 1256 ergo
1324 1177 1441 1258 quando

146 1280 213 1342 dico
234 1279 412 1359 loquendus
443 1280 633 1359 participium
663 1281 794 1340 estsine
817 1278 900 1340 verbi
928 1281 1058 1358 arigium
1095 1282 1233 1356 quoniam
1256 1289 1302 1341 est
1323 1280 1441 1341 licentia

144 1382 369 1443 formandorum
397 1384 636 1462 participiorum,
672 1381 834 1442 licet-mibi
862 1383 992 1442 formare
1021 1383 1209 1461 participium
1242 1384 1308 1443 sine
1339 1383 1441 1444 verbo.

106 1484 254 1545 rodeinde
280 1483 368 1544 illud:
399 1482 516 1563 quando
543 1485 614 1544 lacit
643 1485 832 1564 participium
861 1482 953 1543 loturi
976 1486 1120 1563 temporis
1142 1486 1172 1544 in
1196 1484 1265 1556 dus,
1294 1487 1352 1546 iam
1381 1505 1441 1546 non

143 1592 243 1668 potest
265 1585 387 1646 verbum
411 1585 565 1665 deponens
588 1605 668 1655 esse,
692 1585 745 1646 sed
769 1604 941 1656 commune,
969 1593 1010 1656 ut,
1034 1585 1153 1666 quando
1176 1586 1242 1647 dico
1264 1587 1438 1665 loquendus,

144 1708 205 1749 non
227 1691 266 1750 sit
287 1688 393 1768 loquor
415 1696 460 1758 te,
485 1688 536 1749 sed
560 1690 603 1748 sic
626 1689 676 1757 sit,
700 1687 805 1766 loquor
827 1707 843 1748 a
867 1696 904 1748 te.
950 1707 1017 1748 cum
1045 1691 1123 1749 enim
1151 1689 1254 1750 lecerit
1283 1709 1439 1752 commuue

143 1791 284 1860 verbum,
320 1792 444 1870 accipiet
473 1798 611 1870 quattuor
645 1791 799 1869 participia
834 1799 862 1850 et
896 1789 953 1849 duo
986 1791 1085 1850 lutura
1119 1792 1239 1872 incipiet
1271 1791 1437 1853 admittere.

144 1895 280 1954 novimus
304 1895 382 1953 enim
405 1912 562 1953 commune
586 1893 707 1954 verbum
730 1911 805 1962 esse,
829 1893 972 1954 criminor
993 1899 1023 1953 te
1046 1902 1076 1952 et
1097 1894 1240 1954 criminor
1262 1901 1333 1954 ate.
1366 1912 1438 1972 ergo

104 2012 129 2052 ra
143 2015 213 2056 cum
237 1994 353 2055 desinet
374 1994 496 2056 verbum
520 1996 674 2075 deponens
695 2013 758 2055 esse
779 2003 809 2055 et
830 1994 879 2054 stet
902 2013 1074 2065 commuue,
1103 1997 1217 2074 agentis
1246 2003 1274 2056 et
1300 1984 1438 2075 patientis

142 2098 387 2176 significationem
417 2097 514 2158 babet.
561 2117 719 2158 commuue
743 2114 814 2174 ergo
838 2092 842 2175 Ι
867 2090 990 2156 verbum
1020 2104 1079 2164 est,
1110 2096 1189 2175 qrvod
1212 2105 1241 2156 et
1268 2100 1382 2176 agentis
1408 2107 1438 2158 ct
1449 2110 1539 2171 41⁴‚3

141 2201 283 2280 patientis
311 2200 554 2277 signiticationevvr
584 2200 720 2261 similiter
747 2200 875 2279 profert,
906 2204 938 2258 ut
964 2200 989 2258 si
1017 2198 1097 2259 dicas
1124 2201 1283 2260 criminor:
1318 2219 1384 2260 nam
1408 2184 1437 2262 bt

141 2304 286 2362 criminor
315 2300 396 2362 illum
425 2321 544 2381 possum
568 2302 667 2363 dicere
696 2310 725 2361 et
748 2302 890 2362 criminor
912 2299 949 2360 ab
971 2289 1031 2361 illo.
1078 2300 1150 2363 baec
1175 2309 1275 2363 autem
1301 2304 1437 2364 conlusio

140 2405 321 2465 discernitur
350 2402 474 2464 casibus.
525 2423 594 2464 nam
621 2406 646 2463 si
674 2406 778 2482 iungas
806 2387 1018 2473 accusativum,
1052 2405 1165 2480 agentis
1200 2411 1261 2473 est,
1294 2407 1437 2466 criminor

99 2497 243 2574 suillum
267 2507 291 2565 si
312 2507 418 2584 iungas
441 2505 608 2573 ablativum,
632 2507 770 2585 patientis
794 2511 847 2574 est,
871 2506 1014 2565 criminor
1036 2504 1073 2565 ab
1095 2505 1156 2576 illo,
1179 2524 1236 2566 nec
1259 2506 1353 2568 aliter.

228 2608 304 2668 Sunt
326 2607 423 2687 aliqua
445 2607 535 2668 verba
559 2615 663 2669 nevxtra
686 2607 730 2668 vel
754 2605 908 2677 neutralia,
931 2607 1008 2667 sicut
1030 2608 1171 2677 diximus,
1195 2616 1227 2669 ut
1249 2611 1341 2670 activa
1363 2611 1395 2670 in
1418 2621 1536 2683 otum

141 2713 248 2790 etipsa
265 2713 412 2771 exeuntia.
444 2709 600 2770 voluerunt
616 2711 694 2770 enim
714 2718 743 2770 et
757 2712 788 2769 iu
805 2709 861 2770 boc
878 2711 943 2788 ipso
959 2709 1169 2771 discretionem
1184 2711 1293 2781 lacere,
1317 2712 1435 2791 quaudo

140 2820 189 2873 est
210 2820 358 2883 neutrum,
382 2813 498 2890 quando
521 2812 666 2873 neutrale.
710 2821 849 2873 nentrum
872 2831 981 2873 nomen
1005 2811 1106 2873 volunt
1127 2813 1195 2883 dici,
1219 2813 1352 2874 neutrale
1368 2832 1433 2874 ver·

140 2915 212 2975 bum
242 2915 342 2975 volunt
370 2915 437 2976 dici.
483 2923 552 2995 puta
581 2917 605 2974 si
636 2914 716 2977 dicas
743 2916 800 2975 boo
828 2933 935 2976 nomeu
964 2912 1049 2993 quale
1079 2917 1142 2975 est?
1183 2925 1332 2976 neutrum.
1377 2916 1435 2977 hoc

94 3036 125 3075 ss
141 3016 265 3077 verbum
298 3017 385 3097 quale
415 3019 475 3077 est?
520 3016 664 3078 neutrale.
714 3017 766 3077 sed
794 3015 991 3076 adhibuerunt
1021 3018 1107 3076 istam
1141 3016 1336 3078 differentiam
1369 3019 1434 3079 siue

139 3138 230 3180 causa
260 3118 337 3180 nulla
365 3126 491 3189 extante¹
512 3121 637 3180 ratione.
683 3136 754 3194 ergo
782 3118 871 3179 verba
899 3125 1002 3179 neutra
1032 3125 1101 3178 sunt
1122 3138 1198 3197 quae
1221 3121 1251 3178 in
1273 3139 1290 3179 o
1314 3128 1432 3191 exeunt,

141 3227 174 3280 ut
202 3227 248 3281 est
275 3229 343 3280 nato
372 3223 485 3299 cogito;
520 3229 588 3280 suot
615 3239 689 3300 quae
712 3221 742 3279 iu
770 3222 780 3279 i
808 3229 931 3289 exeunt,
962 3228 994 3280 ut
1021 3219 1070 3279 odi
1098 3223 1165 3280 novi
1189 3223 1326 3292 memiui;
1364 3231 1434 3283 suot

139 3323 269 3399 quaein
293 3341 343 3382 um
366 3331 488 3393 exeunt,
519 3332 551 3382 ut
573 3341 636 3382 sum
658 3341 794 3402 prosum;
824 3331 893 3383 sunt
915 3342 991 3401 quae
1018 3323 1048 3381 in
1077 3330 1107 3381 et
1135 3331 1256 3392 exeunt,
1287 3333 1321 3384 ut
1341 3324 1435 3404 pudet

138 3423 247 3485 taedet.
293 3424 347 3483 sed
368 3427 443 3484 scire
467 3424 610 3486 debemus
638 3443 698 3484 non
727 3443 791 3484 esso
819 3423 963 3484 neutralia
985 3425 1069 3484 firma
1092 3432 1122 3483 et
1142 3424 1245 3504 plena,
1277 3427 1332 3486 uisi
1358 3446 1433 3506 quae

91 3528 171 3589 aoin
196 3545 213 3584 o
237 3535 355 3595 exeunt,
379 3538 411 3587 ut
434 3534 477 3587 cst
500 3537 578 3587 nato.
624 3526 672 3587 illa
696 3546 765 3586 vero
788 3529 915 3606 quaein
938 3528 947 3586 i
971 3535 1088 3596 exeunt,
1112 3534 1144 3586 ut
1169 3527 1227 3596 odi,
1252 3527 1296 3588 vel
1319 3530 1432 3599 inum,

137 3635 174 3688 ut
196 3646 328 3705 prosum,
353 3628 397 3687 vel
418 3630 448 3689 iu
473 3637 510 3699 et,
534 3637 567 3690 ut
589 3630 693 3709 pudet,
717 3631 771 3688 ista
793 3630 886 3689 activa
908 3629 1085 3688 iudicantur.
1129 3631 1184 3689 ista
1206 3632 1271 3700 tria,
1294 3631 1344 3692 odi
1365 3633 1434 3692 novi

136 3731 276 3798 memini,
300 3732 465 3791 invenimus
487 3731 564 3811 apud
587 3713 722 3792 auctores
749 3733 828 3790 varie
850 3732 954 3811 posita.
1000 3730 1057 3790 boc
1078 3731 1175 3808 ipsum
1198 3734 1320 3792 memini
1348 3735 1433 3794 cuius

135 3833 283 3910 temporis
306 3834 366 3892 est?
397 3832 445 3892 odi
474 3836 540 3894 novi
563 3836 646 3895 cuius
669 3835 812 3913 temporis
836 3832 897 3892 est?
935 3851 970 3892 ex
993 3851 1026 3892 re
1049 3831 1248 3911 intellegimus
1268 3838 1432 3914 praesentis

136 3953 205 3996 esse
229 3937 379 4012 temporis
404 3954 440 3994 ex
463 3937 577 3996 ratione
592 3933 790 4014 intellegimus
804 3937 957 4016 praeteriti
974 3954 1038 3996 esse
1055 3938 1207 4015 temporis.
1244 3938 1313 3996 ‘odi
1331 3940 1431 3998 illum'

89 4041 183 4102 mic
205 4037 287 4104 dico,
324 4054 382 4114 quo
405 4037 493 4097 modo
516 4043 600 4098 ‘auro
624 4037 724 4097 illum'
748 4036 824 4097 dico.
869 4055 936 4097 auro
969 4039 1051 4098 cuius
1078 4040 1221 4117 temporis
1249 4041 1309 4100 est?
1347 4059 1431 4120 prae·

134 4140 242 4200 scutis.
279 4157 348 4199 ecce
369 4143 535 4219 praesentis
559 4150 601 4202 est
624 4160 689 4200 amo
709 4137 826 4223 lilium,
850 4139 900 4199 odi
922 4159 993 4220 ergo
1016 4147 1046 4201 et
1067 4142 1162 4220 ipsum
1185 4144 1350 4220 praesentis
1372 4148 1430 4203 est:

211 4394 223 4443 l
244 4395 312 4458 apud
330 4393 448 4461 Statium]
470 4398 503 4459 ef.
522 4398 592 4458 infra
605 4411 630 4459 p.
647 4395 698 4447 368
712 4399 752 4450 ed.
769 4397 844 4446 Lvlrd.
902 4397 917 4443 ’2
937 4397 1035 4444 mittere
1053 4397 1241 4447 Lindemonnus
1259 4398 1334 4446 mittit
1346 4396 1432 4445 ABG

210 4463 319 4513 dicimus
338 4466 418 4515 ABG
470 4482 526 4514 eum
545 4483 590 4515 om.
611 4467 643 4529 A,
658 4468 718 4518 redd.
737 4485 753 4515 a
819 4467 835 4515 7
856 4467 881 4513 in
901 4465 1018 4514 Terentio
1035 4483 1083 4516 non
1098 4469 1260 4532 participium
1279 4467 1431 4528 loquendus,

134 4535 209 4602 quod
220 4535 290 4596 oprtet
301 4537 365 4584 illum
379 4551 426 4585 avon
440 4539 539 4601 leptim,
554 4539 600 4587 sed
611 4540 734 4586 licentium
744 4537 932 4600 participiorum
947 4538 1146 4598 vcazivpandorum
1158 4539 1320 4588 adnotout'me
1333 4538 1431 4585 vitietur

131 4608 316 4671 proximatione
398 4607 428 4656 12
452 4622 500 4656 uou
521 4608 552 4655 sit
571 4617 596 4654 ut
615 4608 651 4656 sie
669 4608 700 4657 sit
723 4607 811 4668 loquor
830 4616 853 4654 te
874 4606 910 4669 (et
930 4608 989 4655 add.
1010 4605 1066 4668 Co)
1091 4608 1181 4669 loquor
1200 4622 1215 4655 a
1233 4617 1257 4655 te
1278 4607 1363 4657 ABt}

135 4677 172 4727 14
190 4683 215 4723 et
234 4675 354 4723 criminor
373 4691 387 4723 a
406 4685 429 4724 te
448 4693 493 4726 om.
512 4677 553 4740 A,
573 4677 633 4726 edd.
650 4692 667 4724 o
756 4676 787 4726 15
808 4691 864 4724 esse
883 4693 930 4728 om.
951 4675 1033 4725 ABG
1118 4678 1150 4727 2³1
1169 4685 1228 4727 sunt
1248 4676 1332 4738 aliqua
1352 4677 1430 4725 uerba

136 4755 230 4793 neutra
245 4745 358 4793 diximus
378 4756 404 4794 ut
422 4748 504 4795 aeviua
520 4749 543 4794 in
565 4765 579 4795 o
599 4757 622 4795 et
642 4748 697 4810 ipsa
715 4746 755 4794 uel
775 4747 897 4795 neutralia
914 4746 1048 4797 uoluerunt
1067 4748 1150 4796 ABG
1218 4748 1251 4797 22
1270 4746 1318 4794 boc
1332 4761 1377 4798 om.
1395 4746 1429 4809 A,

134 4815 234 4935 :affice
304 4815 336 4864 32
356 4817 427 4864 cuius
446 4819 567 4881 temporis
586 4827 624 4866 est
642 4819 783 4880 posteriore
807 4818 859 4865 toro
881 4832 928 4869 om.
949 4818 972 4865 A
1043 4815 1076 4866 31
1099 4816 1140 4866 odi
1164 4815 1234 4865 illum
1252 4817 1289 4864 sic
1307 4816 1364 4865 dico
1381 4831 1428 4869 om.
